3900 6168
236 259 289 324 vlt
574 212 577 220 Ι
753 257 782 314 S.
804 256 1002 315 GUlLLELidi
1019 255 1173 316 taulus
1193 258 1362 318 HIRSAUG.
1792 265 1835 324 tlt

237 385 332 446 surdis
353 381 469 442 auribus
483 379 675 438 blandientem
692 387 866 454 sprcremnt,
897 400 930 438 so
954 384 1197 456 juxiaAsingulis
1216 385 1388 458 pauperibus
1400 385 1527 456 singulas
1554 390 1655 458 partes,
1676 386 1766 458 quibus
1785 406 1837 444 ssa

237 476 386 534 oondlium
399 478 428 529 et
441 471 605 528 mandatum
618 471 657 542 pii
671 470 916 542 patrisWilhelmi,
931 474 1036 528 relictis
1076 473 1180 545 frigore
1195 481 1384 546 protegerent,
1396 475 1543 547 impendit.

239 563 379 630 omnibus,
393 563 428 618 ad
444 561 536 633 ipsum
549 577 579 615 se
593 559 783 616 contulerunt.
801 561 961 616 ilocautem
972 579 1037 618 ere·
1115 563 1157 619 tt.
1174 563 1312 627 Quiddam
1326 564 1451 620 debeata
1466 565 1524 618 siro
1539 565 1654 620 reseram
1671 567 1737 638 quod
1746 569 1840 638 respicit

237 654 281 710 nit
294 653 369 710 circa
377 667 501 708 mensem
514 651 674 722 Augustum
690 655 756 704 ante
770 665 889 705 messem
900 667 1034 707 novarum
1077 651 1259 707 adanimisui
1271 654 1423 725 puritatem
1436 654 1840 725 etsimplicitatemcomproban·
1903 695 1908 706 .

239 743 363 816 frugum,
371 747 400 798 et
410 739 538 814 quamuis
552 739 650 794 eodem
666 755 741 793 anno
756 744 785 794 et
798 740 937 812 sequenti,
951 740 1037 794 maxi·
1077 741 1141 795 dam
1158 746 1186 796 et
1200 743 1362 810 amandam;
1379 749 1408 798 et
1418 743 1569 797 multorum
1579 743 1622 796 sui
1631 743 1744 797 nominis
1756 745 1841 799 sanita·

238 849 286 888 ma
298 849 331 888 ex
345 837 425 905 parte
442 830 615 885 frumentum
635 828 754 900 pecunia
768 835 927 900 coemptum
947 829 1037 900 quoti·
1077 836 1133 885 tem
1149 830 1344 886 detestandam
1369 837 1399 886 et
1418 831 1616 886 damnandam.
1643 831 1753 895 Quidam
1773 831 1842 886 abbas

239 922 324 980 diano
330 921 450 976 fratrum
465 917 551 974 victui
562 917 816 984 administraretur,
830 923 925 973 tamen
935 917 962 972 in
978 917 1036 972 Deo
1077 920 1207 990 pretiosis
1217 919 1348 984 vestibus,
1362 922 1509 993 plusquam
1520 920 1606 975 talem
1617 937 1753 991 personam
1763 927 1788 976 et
1795 927 1842 976 tan

240 1011 344 1068 fiducia
358 1024 462 1080 magna
475 1023 660 1081 presumens,
677 1011 705 1061 et
722 1023 773 1078 pro
787 1006 907 1061 adrem
923 1005 1036 1061 illorum
1078 1009 1198 1064 arduum
1208 1011 1381 1081 propositum
1390 1010 1511 1074 deceret,
1523 1009 1634 1064 deditus
1646 1014 1716 1076 erat;
1729 1025 1801 1081 quem
1810 1012 1843 1064 nr

240 1099 391 1158 Dominum
406 1097 577 1170 glorificans,
590 1095 677 1151 ueluti
686 1099 786 1152 cuncta
799 1096 901 1150 horrea
913 1095 1036 1150 frumen·
1078 1098 1189 1152 Domini
1204 1115 1255 1170 pro
1281 1099 1378 1153 multis
1396 1100 1458 1153 aliis
1473 1099 1552 1153 bouis
1565 1115 1582 1153 a
1596 1099 1652 1154 Deo
1666 1098 1716 1154 sibi
1730 1100 1843 1154 concessis

238 1191 364 1263 topicos
377 1191 480 1251 essem,
493 1184 620 1258 precipit
633 1183 744 1240 solitam
760 1185 945 1256 quantitatem
956 1185 1037 1256 panis
1078 1186 1221 1257 diligebat,
1250 1187 1299 1242 sed
1314 1188 1343 1242 in
1357 1189 1419 1250 hoc,
1446 1188 1599 1243 seeundum
1631 1189 1716 1243 zelum
1742 1187 1842 1254 Domini,

238 1277 457 1350 augeridicens
482 1293 488 1329 :
515 1276 585 1344 Ouia
614 1275 749 1329 Dominus
776 1280 859 1329 sumt
886 1290 1037 1328 sturnorum
1078 1276 1180 1331 acriter
1195 1292 1260 1330 cum
1278 1275 1379 1347 saepius
1395 1277 1541 1347 corripuit,
1557 1275 1681 1348 quamvis
1695 1293 1783 1348 pamm
1796 1293 1845 1347 pro

238 1383 382 1424 seruorum
397 1381 523 1430 suorum,
537 1366 662 1419 &boman
674 1365 757 1418 stium
772 1367 796 1418 et
811 1379 860 1418 nos
873 1377 974 1431 nupera
987 1379 1038 1418 nn·
1077 1365 1303 1429 suerithodam
1311 1373 1437 1436 tempore
1448 1365 1527 1436 quasi
1540 1381 1591 1437 pro
1597 1364 1777 1420 benedictione
1785 1365 1843 1418 iden

241 1469 346 1513 nonant
362 1457 487 1510 illorum.
499 1451 672 1524 aliquandiu
687 1451 804 1507 retentis
817 1467 911 1507 secum
931 1451 1036 1506 eisdem
1078 1452 1164 1508 abbas
1177 1454 1329 1526 pretiosum
1342 1454 1544 1508 lectisternium
1567 1454 1591 1508 ci
1617 1453 1724 1520 obtulit,
1744 1461 1769 1508 et
1782 1462 1808 1508 ut
1818 1454 1844 1508 ob

239 1545 383 1611 fratribus,
413 1549 498 1615 atque
524 1542 602 1598 omni
624 1541 802 1597 humanitate
834 1540 874 1596 eis
903 1541 1036 1606 exhibita,
1078 1544 1242 1598 memoriam
1259 1550 1363 1599 mutua
1388 1543 1546 1598 dilectionis
1565 1544 1725 1614 susciperet,
1747 1543 1843 1612 rogasit.

240 1640 339 1708 postea
352 1632 459 1688 dimisit
473 1632 515 1688 eis
529 1631 628 1687 cellam
643 1629 732 1686 sancti
743 1629 939 1701 Gregoriicum
949 1629 1039 1684 omni·
1078 1632 1157 1697 Quod
1175 1633 1217 1686 vir
1226 1633 1390 1704 Deoplenus
1406 1633 1495 1688 multa
1507 1633 1685 1704 simplicitate
1698 1631 1813 1702 suscepit,
1825 1639 1847 1685 et

238 1721 360 1797 busque
379 1723 495 1778 adeam
515 1718 704 1793 pertinebant,
725 1725 968 1792 quantotempore
987 1702 1112 1776 vo·Bad
1127 1721 1269 1777 offerentis
1289 1721 1480 1793 duplicitatem
1508 1738 1565 1776 non
1592 1721 1721 1776 attendit.
1744 1721 1846 1776 Ollsrens

237 1813 362 1870 luerunt.
1078 1810 1189 1882 quidem
1205 1809 1232 1866 id
1248 1810 1420 1877 intendebat,
1436 1811 1509 1866 utin
1523 1812 1578 1866 hoc
1590 1811 1737 1866 uanitatem
1750 1811 1846 1865 sunnin

236 1929 238 1938 =
276 1902 319 1958 ti.
334 1901 397 1957 nlio
407 1897 696 1973 qnoquetcmporead
706 1897 858 1969 quamdam
868 1896 968 1952 cellam
983 1896 1037 1951 iter
1077 1900 1171 1955 studio
1196 1900 1383 1971 pretiosarum
1399 1901 1518 1955 vestium
1532 1900 1735 1971 aliquantulum
1748 1906 1845 1969 tegeret,

238 1997 307 2049 tunc
318 1990 430 2064 agebat,
441 2005 527 2062 quarn
543 1994 644 2061 rogatu
659 1988 806 2059 cuiusdam
834 1986 1037 2057 comitisjuxta
1077 1989 1192 2052 scilicet,
1205 1988 1228 2044 si
1250 1995 1309 2043 tam
1320 1989 1481 2056 laudabilis,
1506 1995 1535 2044 et
1563 1989 1593 2044 in
1621 1990 1697 2044 omni
1711 1987 1847 2043 monachica

238 2081 400 2139 Danubium
411 2083 615 2134 construxerat.
627 2076 819 2149 iamqueilluc
830 2075 1037 2148 appropinqua·
1077 2078 1249 2149 professione
1269 2079 1418 2150 perfectus,
1434 2078 1595 2149 hujusmodi
1615 2085 1747 2142 uteretur,
1768 2078 1808 2132 ille
1824 2077 1847 2130 in

238 2187 270 2226 rs
282 2167 554 2242 coepemt,etecaein
565 2165 1036 2235 confiniosilvarumquoddamtu·
1076 2167 1132 2222 alio
1157 2167 1243 2222 simili
1258 2183 1314 2222 non
1328 2167 1479 2222 admodum
1500 2173 1656 2223 notaretur.
1674 2169 1723 2223 lile
1747 2181 1847 2236 namque

237 2259 352 2333 gurium
366 2257 554 2330 conspicatur,
588 2261 790 2328 assumptoque
813 2269 907 2310 secum
931 2269 987 2308 uno
1003 2269 1036 2309 ex
1078 2257 1163 2312 abbas
1177 2257 1243 2312 olim
1260 2255 1311 2311 viri
1325 2258 1375 2312 Dei
1386 2262 1447 2312 erat
1462 2258 1614 2328 protessus,
1628 2263 1657 2312 et
1675 2257 1709 2312 ab
1724 2256 1808 2310 rodem
1820 2254 1848 2307 ad

238 2346 471 2416 commeantibus,
481 2345 592 2404 ceteris
601 2351 722 2417 creptum
738 2345 793 2399 iter
807 2343 1032 2416 exsequentibus,
1076 2347 1161 2401 talem
1177 2347 1311 2401 honorem
1327 2351 1481 2418 provectus.
1493 2347 1656 2402 Unaautem
1667 2351 1768 2400 tantum
1781 2347 1847 2398 nocta

236 2436 305 2495 illuc
320 2438 437 2493 tendere
450 2451 507 2492 non
522 2440 658 2490 moratur·
667 2433 789 2488 Veniens
797 2432 934 2505 itaquead
944 2433 1035 2504 ipsam
1076 2435 1177 2490 virDei
1194 2435 1243 2490 illo
1255 2434 1426 2490 lectisternio
1447 2435 1547 2490 utitur.
1569 2437 1684 2490 Postera
1695 2435 1738 2489 die
1754 2433 1848 2506 quidam

238 2525 447 2590 domunculam,
459 2524 565 2596 reperit
580 2522 726 2579 mulierem
738 2521 1033 2594 ualdepauperculam3
1076 2523 1197 2578 iratrum
1211 2522 1429 2594 obsequioillius
1439 2523 1574 2583 devotior.
1590 2523 1775 2578 secrctoillum
1784 2521 1847 2584 adiit,

237 2615 447 2688 ingressusque.
464 2621 493 2668 et
503 2612 606 2669 oblitus
621 2629 679 2667 suae
694 2610 850 2682 dignitatis,
874 2610 978 2666 obiitus
991 2626 1037 2664 as·
1077 2629 1108 2666 se
1118 2628 1179 2667 esse
1191 2612 1411 2667 circumventum
1423 2613 1580 2667 admonuit.
1598 2613 1659 2677 Quo
1669 2613 1769 2674 audito,
1779 2612 1850 2665 incre·

237 2705 312 2761 sueti
335 2703 446 2776 rigoris,
459 2703 540 2773 juxta
554 2702 649 2774 ignem
670 2701 751 2766 sedit,
778 2700 925 2773 ipsamque
940 2700 1037 2756 sedere
1078 2700 1162 2756 dibile
1172 2701 1258 2762 dictu,
1273 2701 1377 2756 iactum
1394 2717 1475 2756 suum
1491 2702 1603 2773 expavit
1622 2707 1652 2756 et
1673 2701 1811 2756 exhonuit.
1829 2703 1851 2750 ct

237 2794 383 2867 praecepit.
401 2793 479 2849 Tunc
493 2792 567 2848 inter
588 2808 673 2847 sacrae
691 2790 885 2847 aedificationis
913 2789 1035 2862 eloquia,
1078 2807 1142 2845 mox
1153 2789 1180 2844 in
1196 2789 1292 2844 decem
1303 2790 1622 2862 pauperumsubsidium
1634 2792 1706 2845 male
1715 2798 1850 2860 susceptum

237 2884 333 2942 oculos
348 2883 404 2938 huc
417 2882 542 2954 illucque
555 2881 763 2946 circumferens,
780 2879 937 2936 sciscitatur
947 2878 983 2933 ab
1002 2895 1036 2933 ea
1077 2879 1173 2934 divisit
1185 2879 1400 2934 lectisternium.
1417 2878 1522 2934 Habuit
1534 2886 1563 2934 et
1578 2880 1633 2934 hoc
1650 2880 1723 2934 omni
1737 2879 1809 2933 laudo
1820 2876 1852 2930 di·

238 2991 362 3047 quonam
372 2973 456 3028 modo
467 2971 529 3044 ipsa
542 2988 605 3026 cum
621 2970 680 3025 niro
692 2986 743 3025 suo
754 2969 868 3034 viverat,
888 2968 954 3040 quia
966 2966 1037 3021 nibil
1077 2983 1164 3040 gnum
1188 2985 1252 3023 cum
1273 2968 1335 3023 aliis
1352 2967 1431 3024 bonis
1453 2968 1512 3022 suis
1538 2969 1585 3022 ille
1612 2969 1727 3024 dilectus
1740 2965 1850 3023 Domini:

237 3063 268 3119 in
281 3063 365 3118 domo
379 3061 455 3117 unde
469 3059 633 3131 temporalis
646 3059 709 3114 vitae
729 3058 870 3131 stipendia
887 3073 1038 3129 conseque·
1048 3021 1069 3081 C
1079 3075 1144 3113 nam
1158 3074 1175 3112 a
1189 3074 1356 3130 quocunque
1375 3057 1522 3112 hominum
1538 3057 1647 3130 aliquid
1659 3057 1723 3112 boni
1736 3057 1761 3111 in
1775 3056 1853 3110 admo-

238 3158 349 3218 nentur,
365 3149 492 3206 baberet.
512 3149 564 3206 Illa
572 3149 613 3204 nil
621 3154 722 3221 praeter
732 3148 862 3204 misenam
874 3148 960 3202 uitam
975 3146 1038 3202 reli·
1079 3147 1171 3202 nendo
1186 3147 1304 3215 audivit,
1319 3163 1351 3200 ac
1365 3147 1389 3201 si
1403 3147 1438 3201 de
1453 3147 1522 3201 carlo
1538 3147 1669 3212 missum,
1693 3145 1763 3201 omni
1785 3144 1852 3199 dero·

238 3257 327 3314 quum
342 3239 397 3296 sibi
408 3255 470 3295 esse
482 3238 595 3304 latetur,
615 3253 688 3309 pano
703 3243 731 3292 et
746 3253 820 3309 aqua
840 3255 871 3292 se
897 3237 1035 3300 victitare,
1078 3236 1155 3290 tione
1168 3236 1298 3307 suscepit.
1312 3234 1405 3306 Cogor
1418 3236 1571 3290 multorum
1590 3237 1637 3291 sui
1657 3235 1771 3292 nominis
1783 3234 1854 3287 altum

239 3336 269 3387 et
279 3330 339 3386 bac
351 3329 399 3384 rix
413 3327 578 3400 quotidiano
602 3327 698 3381 labore
710 3342 846 3383 manuum
861 3341 975 3380 suarum
992 3341 1039 3396 pa·
1079 3325 1259 3396 supercilium
1267 3325 1445 3395 etsingulare
1458 3341 1546 3380 cornu
1559 3324 1679 3391 deflere,
1690 3325 1733 3380 hic
1743 3324 1855 3378 virtutum

239 3435 313 3474 aare.
340 3416 443 3473 Marito
461 3415 575 3471 interim
588 3415 623 3470 de
641 3431 708 3486 agro
726 3429 862 3486 regresso,
880 3415 981 3486 quaerit
1004 3411 1039 3468 ab
1080 3413 1225 3468 bictotius
1240 3414 1396 3469 honestatis
1423 3415 1578 3486 speculum,
1612 3415 1648 3469 ab
1676 3413 1749 3469 omni
1762 3411 1855 3467 homine

241 3507 283 3564 eis
298 3507 420 3562 fidemne
431 3503 703 3568 sciantcatbolicem‚
721 3504 782 3559 sine
797 3509 1041 3576 quanemopotest
1081 3502 1168 3574 elegit
1179 3503 1363 3574 correptionis
1371 3503 1554 3574 judiciumet
1563 3504 1712 3559 veritatem
1725 3519 1742 3556 a
1754 3513 1856 3573 quocun-

241 3594 377 3667 oonsequi
390 3593 476 3650 uitam
492 3593 648 3649 sternam?
668 3593 721 3658 Qui
730 3592 895 3664 simpliciter
905 3593 1040 3664 quidnam
1083 3609 1137 3664 que
1151 3592 1264 3648 homine
1283 3593 1443 3651 honoravit.

242 3683 282 3742 sit
294 3684 364 3739 tides
380 3682 491 3753 penitus
505 3699 536 3738 se
549 3682 680 3753 ignorare
698 3682 832 3738 fatentur.
847 3683 885 3736 lit
895 3679 943 3736 illo
957 3681 1042 3736 altius
1117 3680 1161 3740 20.
1175 3681 1411 3753 Compassiorero
1426 3687 1483 3737 tam
1499 3685 1640 3739 naturalis
1651 3691 1680 3740 et
1693 3684 1825 3738 vehemens
1837 3677 1856 3730 ci

242 3773 439 3845 ingemiscens,
455 3771 615 3844 etgeminae
638 3787 736 3826 eorum
762 3770 864 3843 inopia
878 3787 910 3825 ex
932 3770 1042 3826 intimis
1082 3769 1858 3842 inerat,utnonsolumergahominessedetiamergabru·

243 3860 396 3919 visceribus
407 3861 570 3918 condolens:
585 3859 679 3926 «Quid
692 3859 805 3924 mirum,
817 3860 867 3927 ait,
880 3859 904 3914 si
914 3858 950 3915 ab
964 3864 1042 3915 exte·
1083 3863 1113 3914 ta
1124 3860 1256 3914 animalia
1268 3861 1340 3915 hanc
1349 3860 1518 3916 ostenderet.
1532 3861 1605 3916 ilinc
1617 3863 1742 3934 estquod
1756 3859 1856 3932 quadan

244 3950 367 4007 rioribus
376 3951 461 4007 rebus
469 3949 602 4006 videmini
616 3949 722 4022 inopes,
735 3949 783 4022 qui
797 3950 884 4016 intus,
899 3948 1043 4004 miserabi-
1083 3949 1292 4011 hieme,cumex
1302 3945 1858 4024 abundantianiviumrisalgorisplussoli·

244 4041 272 4098 lo
290 4040 382 4096 dictu!
402 4041 499 4106 aDeo,
515 4038 563 4111 qui
579 4044 694 4110 prestat
715 4038 795 4094 nobis
809 4038 905 4094 omnia
932 4036 1043 4094 abunde
1083 4043 1113 4093 to
1124 4039 1355 4109 ingrueret.idem
1363 4039 1858 4114 Patervisceribuspietatismotusac·

245 4130 282 4186 nd
298 4130 459 4192 fruendum,
473 4128 540 4185 estis
552 4128 660 4183 inanes.
676 4127 824 4194 Posthac,
845 4127 937 4184 iidem.
959 4133 1044 4198 prout
1084 4127 1858 4199 citopraeposito,querulavocediritei:cVolatilialrigon

246 4235 346 4292 capere
358 4223 500 4292 poterant,
516 4217 637 4272 breviter
650 4216 690 4272 eis
703 4216 826 4289 exponit,
854 4221 883 4271 et
902 4232 952 4288 pro
976 4222 1045 4272 tem
1085 4214 1860 4290 etiamspereuntsumemanipulosavenae,etdeligecir·

246 4325 315 4382 pora
329 4307 484 4374 instructis,
501 4311 639 4379 quatenus
654 4307 690 4360 ad
704 4305 833 4361 eamdem
845 4304 943 4360 cellam
959 4322 990 4360 se
1003 4321 1118 4401 seDca
1127 4306 1406 4378 sapsautinreniant
1415 4311 1698 4379 quopascantunsAt
1707 4309 1751 4364 ille
1764 4317 1860 4376 raspon-

248 4403 402 4470 querentur
415 4396 545 4468 inJunxit.
560 4397 678 4451 Postera
687 4394 732 4450 die
747 4393 957 4460 illouenientes,
969 4394 1046 4449 beniss
1086 4395 1128 4450 dit
1137 4417 1143 4452 :
1152 4395 1287 4451 «Domine
1299 4395 1549 4452 deieceruntnobis
1557 4399 1695 4471 manipuli
1702 4407 1860 4452 arenarumo

247 4501 303 4557 gne
315 4485 446 4557 suscepit,
462 4484 626 4557 aliquandiu
637 4483 758 4555 benigne
772 4483 898 4551 retinuit,
923 4483 1045 4538 necessi-
1067 4479 1138 4539 ‘Cui
1148 4483 1195 4538 ills
1206 4497 1213 4532 τ
1224 4483 1362 4552 Habesne,
1379 4485 1480 4557 inquit.
1495 4486 1641 4558 siligineos
1656 4485 1804 4557 manipulos
1823 4481 1863 4534 aui

248 4578 322 4628 tates
333 4589 431 4629 eorum
445 4589 502 4628 non
518 4572 625 4628 modice
638 4571 802 4627 sublevavit.
821 4571 921 4643 Sicque
942 4572 1045 4627 lactum
1086 4572 1374 4642 triticeosi-Habeo,
1384 4574 1484 4647 inquit.
1496 4576 1645 4648 Tuncpius
1658 4577 1741 4632 Pater
1755 4573 1861 4639 :clinga

243 4665 294 4730 ,est
304 4666 337 4717 ut
350 4666 379 4715 et
392 4661 494 4716 mentm
503 4659 616 4716 illorum
626 4660 750 4732 inopiam
759 4659 843 4717 verbo
855 4677 940 4716 sacrae
951 4661 1047 4716 erudi·
1087 4661 1136 4727 ait,
1165 4661 1227 4716 illos
1252 4661 1349 4725 vende,
1367 4669 1396 4718 et
1409 4681 1470 4720 ame
1483 4665 1641 4722 avenarios.
1660 4683 1674 4719 s
1690 4665 1740 4719 Ille
1761 4653 1863 4733 juniori

250 4749 336 4805 tionis
349 4751 482 4816 inecaret,
506 4753 535 4804 et
555 4750 730 4822 corporalem
745 4751 893 4822 penuriam
915 4750 1047 4805 munitlee
1087 4749 1295 4823 obtemperans,
1311 4750 1436 4823 adjutori
1459 4769 1509 4808 suo
1524 4754 1648 4824 injunxit
1668 4759 1710 4820 ut,
1738 4766 1812 4807 mans
1835 4742 1864 4798 ad

250 4838 403 4895 alleviaret.
1087 4845 1196 4894 curtem
1210 4840 1316 4904 exiens,
1328 4857 1413 4910 opera
1421 4843 1501 4913 jussa
1514 4841 1656 4915 impleret.
1673 4842 1771 4898 Eadem
1786 4841 1861 4894 nocte,

285 4925 330 4986 ts.
347 4929 418 4984 (lum
429 4927 550 5000 quodam
559 4927 673 4983 hiemali
686 4933 813 5000 tempore
823 4928 878 4984 iter
891 4933 988 5000 ageret
996 4944 1047 5000 per
1088 4929 1200 5002 quaudo
1211 4930 1399 5003 subsequente
1411 4947 1493 4986 mans
1506 4920 1864 5004 ituruserat,gratiaDumissi

250 5019 321 5074 lines
331 5015 464 5082 bavariae,
474 5015 582 5072 obviam
592 5015 769 5072 habuitduos
784 5033 931 5090 pauperes,
949 5024 1047 5074 contra
1087 5017 1289 5090 benignitatem
1305 5021 1349 5075 sui
1364 5020 1436 5076 serni
1452 5028 1661 5084 remunerante,
1675 5019 1805 5092 asperitas
1813 5013 1865 5084 gla-

250 5106 363 5180 trigoris
372 5107 551 5179 asperitatem
565 5106 682 5162 vestitus
695 5105 730 5161 ab
743 5123 776 5162 eo
786 5107 942 5162 subsidium
953 5116 1048 5179 postu·
1087 5108 1139 5164 cici
1151 5109 1276 5164 emollita
1295 5115 1338 5164 est
1348 5109 1400 5165 levi
1415 5111 1489 5166 aeris
1500 5111 1647 5181 temperie.
1660 5111 1733 5166 Sane
1746 5117 1865 5180 pauperes

250 5196 415 5263 lantes.Qui
424 5213 487 5252 mox
496 5195 658 5252 recordatus
667 5196 756 5252 sancti
768 5195 893 5251 Martini.
904 5195 952 5268 qui
963 5196 1047 5250 dimi·
1087 5197 1116 5251 in
1133 5198 1363 5270 eleemosynaria,
1390 5198 1447 5254 sive
1471 5199 1590 5254 rusticos
1600 5199 1628 5254 in
1642 5198 1742 5253 villulis
1756 5195 1866 5249 inlinuos

249 5287 328 5343 dium
337 5285 492 5356 chlamydis
514 5301 571 5341 suaa
594 5285 714 5356 largitus
732 5290 775 5340 est
797 5285 901 5356 algenti
919 5285 1045 5356 pauperi,
1085 5287 1213 5355 jacentes
1229 5287 1375 5342 humiliter
1389 5286 1520 5351 visitavit,
1538 5305 1571 5343 ac
1584 5289 1637 5360 piis
1650 5279 1866 5343 consolationibus

249 5393 312 5432 curu
327 5392 384 5432 uno
399 5375 504 5432 famulo
515 5375 658 5446 digressus
672 5381 714 5429 est
725 5390 851 5430 seorsum
863 5391 1047 5430 acommean·
1087 5375 1164 5436 iorit.
1180 5382 1321 5448 postremo
1339 5375 1475 5431 obeuntes
1498 5377 1623 5448 diligenti
1653 5393 1720 5431 cura
1734 5372 1866 5444 sepulture

248 5465 334 5532 tibus,
361 5471 390 5520 et
410 5481 510 5536 sagum
525 5463 599 5537 quod
614 5463 640 5518 ei
654 5476 713 5518 tam
728 5463 865 5534 equitanti
880 5480 963 5535 quam
979 5465 1045 5519 dor·
1085 5465 1203 5520 tradidit
1216 5461 1866 5536 Eoruruveroquiinsaniammentispatiebantur,

250 5553 350 5614 mienti
364 5551 633 5622 solebstsubstemi,
647 5551 761 5610 induas
776 5559 871 5628 partes
893 5552 996 5624 divisit,
1012 5569 1045 5611 ac
1084 5554 1196 5611 nullum
1205 5553 1347 5629 suscipere
1357 5554 1524 5627 dedignatus
1532 5560 1584 5612 est.
1595 5557 1653 5613 Aut
1666 5553 1741 5612 enim
1749 5565 1808 5608 cun
1818 5550 1867 5601 toto
