3872 6162
73 233 125 297 m
500 215 505 228 ’
600 225 815 306 ΒῦΝΕἩΤΙῩῩ,
834 224 1007 292 munitis.
1027 265 1061 278 -
1080 225 1148 290 trs.
1167 225 1192 292 l.
1659 217 1713 290 iti

72 373 148 419 nans
158 365 194 420 in
212 355 320 428 esiam
338 363 370 417 in
383 363 485 432 hyeme
499 367 566 415 sero
581 365 649 416 ante
660 363 788 429 παίωνι,
803 369 832 417 et
848 363 870 416 si
882 366 903 422 Α
915 362 985 416 olbis
1000 367 1043 416 est
1053 363 1171 432 agenda,
1186 361 1262 416 stent
1281 366 1357 432 saepe
1372 360 1465 416 euenit
1481 360 1512 414 in
1535 356 1712 430 suseepnone

71 454 332 509 cemeleameditur
343 457 409 522 post
422 447 583 521 prandium,
605 451 640 504 ad
666 451 770 505 lectam
790 463 872 506 suurn
915 452 1033 520 aiicujus
1047 451 1184 521 pariaris
1201 462 1335 521 personat.
1352 451 1443 518 luitur
1457 449 1555 503 eodem
1575 453 1712 519 tempore,

73 545 137 598 iscis
150 543 292 598 sedensin
308 541 417 595 arculis
432 555 484 594 sua
497 545 525 593 et
539 539 658 610 pellicio,
678 540 701 594 si
717 554 788 611 opus
810 547 870 608 est;
912 552 969 610 quo
985 539 1197 594 nocturnalibus
1209 540 1336 592 induitur
1345 540 1447 594 tollens
1460 527 1663 592 lasclamsuarn
1676 537 1712 592 de

72 635 142 689 dass
158 629 416 690 assimilationem
432 628 690 686 unaresurciendu.
705 625 872 686 seditinal-
914 629 985 683 lecto
1004 643 1066 694 suo,
1081 629 1174 700 pergit
1186 629 1222 682 ad
1234 628 1311 682 illam
1331 628 1475 682 minuendi
1491 615 1637 697 sanguinis
1650 626 1710 681 oid·

75 730 142 776 tera
158 733 206 778 un.
220 721 251 775 Si
267 731 340 790 'opus
361 719 446 773 haba
460 717 528 788 quid
542 717 576 771 de
591 718 757 772 vestimento
771 728 822 773 cuo
836 721 872 774 ad
911 719 1016 784 cinam,
1031 725 1060 772 et
1073 725 1139 774 ante
1151 720 1246 774 omnia
1259 719 1326 773 iacit
1339 723 1405 773 ante
1425 721 1454 772 et
1468 723 1553 781 reim,
1570 722 1599 771 et
1612 720 1657 771 ier
1670 715 1711 769 di·

74 811 162 866 solers
177 810 339 872 estendere,
359 813 429 862 tune
447 805 583 874 extendit,
606 813 634 862 et
647 807 720 862 bene
734 809 872 864 memine-
913 807 951 862 alt
963 807 1075 862 brevem
1098 822 1232 862 versum:
1259 811 1336 868 Deus.
1362 811 1394 862 in
1413 809 1587 875 amatorium
1606 814 1707 860 meunt.

74 901 120 962 rit,
133 905 166 954 ut
176 899 290 953 auferat
305 904 370 952 anto
384 897 575 962 collationem,
585 897 629 950 vsi
643 897 823 952 siduodecim
834 895 873 952 le·
916 898 999 964 lyme
1010 898 1342 966 etrisorr.i.Adjntorurm
1352 901 1489 951 nostram.
1500 884 1711 965 itemqueli'cbo

76 991 179 1044 mones
193 989 225 1042 in
238 987 366 1058 sequenti
376 991 471 1049 nome,
487 992 553 1040 ante
571 999 726 1057 vesperam.
915 993 980 1040 snte
994 993 1024 1041 et
1037 987 1114 1041 retro
1128 986 1288 1042 imminutio
1301 985 1447 1055 sanguinis
1464 972 1624 1038 inclinatur.

383 1073 500 1130 curiis
514 1072 568 1130 LX.
1196 1075 1316 1131 aurbu
1327 1075 1414 1132 LXII.

112 1169 146 1221 ile
166 1181 205 1226 eo.
222 1169 275 1235 qui
288 1163 438 1236 infimum
453 1167 572 1231 fratrem
583 1167 696 1218 uisitare
708 1168 835 1222 intumit.
917 1166 948 1217 in
963 1165 1063 1233 quibas
1081 1167 1145 1218 locis
1159 1171 1223 1219 ante
1238 1171 1261 1219 et
1276 1169 1350 1218 retro
1369 1167 1406 1217 sit
1416 1163 1575 1231 sanandam
1589 1164 1709 1217 minuto.

111 1257 120 1278 ·
137 1255 166 1309 Si
181 1269 268 1325 quem
282 1253 399 1310 ussnm
414 1252 604 1307 infirmantem
617 1253 729 1308 visitare
744 1248 872 1320 volarent,
951 1256 962 1278 '
979 1253 1032 1308 Sed
1049 1253 1281 1325 sciendum,qnod
1294 1255 1371 1308 nullo
1385 1269 1414 1306 rn
1428 1253 1489 1305 loco
1503 1249 1588 1304 faciet
1601 1253 1667 1303 ante
1681 1253 1711 1302 et

76 1351 142 1398 tunc
156 1344 278 1398 maxime
293 1342 395 1412 accipit
402 1341 689 1396 licentiamvisitandi.
703 1342 771 1396 illuc
780 1345 873 1399 eundo
914 1345 1000 1400 retro.
1017 1341 1071 1396 nisi
1085 1343 1114 1395 in
1131 1343 1246 1396 ecclesia
1256 1344 1298 1396 vel
1312 1348 1378 1396 ente
1394 1355 1504 1394 crucem
1521 1337 1575 1405 sit3
1596 1337 1710 1408 eioepto

78 1432 156 1486 debet
170 1433 312 1503 psalmum
334 1433 560 1492 dominantia
581 1433 678 1498 farore
699 1437 745 1484 trra
768 1445 872 1497 arastus
913 1431 947 1484 sd
963 1445 1033 1502 opus
1045 1445 1190 1495 manuum,
1207 1432 1242 1485 ad
1265 1431 1411 1501 sanguinis
1431 1429 1627 1491 minutionem,
1641 1427 1711 1480 etin

77 1537 124 1584 ne,
140 1526 208 1584 etc,
232 1518 371 1586 melleraie
398 1518 495 1573 addita
518 1519 666 1572 Dominica
689 1519 825 1576 oratione.
842 1526 872 1575 et
911 1521 1032 1590 coquina
1045 1521 1177 1590 regulari.
1191 1521 1389 1574 nasturtium
1400 1523 1487 1572 tenet.
1503 1516 1710 1571 nisimndioutu

74 1627 129 1664 une
145 1610 265 1664 wileria
287 1624 339 1679 pro
357 1608 480 1668 infirme,
504 1608 680 1676 Omnipotens
706 1613 871 1676 resumimus
912 1609 1071 1678 quid‘dirat
1084 1609 1119 1662 de
1131 1621 1164 1662 co
1181 1609 1253 1679 quod
1269 1609 1344 1662 inter
1358 1605 1710 1662 manushabetfcelleru-

75 1699 150 1756 Deus.
174 1705 228 1751 etc.
248 1696 321 1750 Gurn
336 1695 456 1749 infirmis
469 1695 605 1749 iratribus
627 1701 719 1766 potest
742 1695 780 1749 ibi
794 1683 970 1766 loquiBrius
984 1713 1049 1751 vero
1063 1698 1220 1767 adjutorem
1235 1711 1316 1751 suum
1331 1698 1398 1752 illuc
1410 1697 1522 1750 mittere
1531 1695 1710 1766 procuraturi

73 1791 222 1856 numquam
238 1785 274 1839 sd
291 1784 391 1838 boram
404 1789 570 1854 sequentem
589 1785 725 1855 pulsetur.
750 1785 870 1848 Quodsi
911 1793 981 1857 quot
998 1786 1054 1840 sint
1073 1786 1174 1840 minuti
1202 1786 1295 1840 uideat
1319 1792 1367 1840 bu.
1395 1785 1433 1840 Ab
1457 1781 1522 1838 hinc
1543 1792 1663 1852 surgens
1678 1779 1709 1834 iit

75 1875 155 1928 citius
169 1875 204 1927 ad
217 1875 317 1928 isaram
327 1875 466 1944 pulsatur,
479 1873 519 1926 ita
530 1877 562 1927 ut
572 1889 627 1926 non
636 1874 724 1942 possit
732 1887 869 1944 peragere
911 1875 1090 1946 refectorium
1100 1876 1186 1940 uenit,
1196 1873 1444 1946 aliquantulnmde
1459 1873 1532 1926 libr'a
1542 1887 1594 1926 sun
1603 1879 1709 1951 carues-¹

76 1963 253 2034 qaodcoepit.
276 1968 377 2033 pestes
399 1978 455 2015 non
479 1961 541 2016 sine
566 1962 680 2015 licentia
701 1962 867 2032 regrediare.
908 1977 993 2018 surus
1009 1971 1036 2018 et
1049 1959 1198 2028 bibiturus,
1214 1965 1288 2018 sicut
1306 1963 1393 2017 etiam
1412 1976 1463 2034 per
1475 1961 1709 2030 duossequen'tes

74 2053 133 2106 lion
148 2052 240 2106 solum
252 2057 347 2106 autem
356 2051 385 2105 in
398 2051 450 2104 hoc
463 2056 598 2122 tempore,
611 2052 658 2104 sed
672 2051 756 2104 etiam
767 2051 796 2104 in
804 2050 869 2106 aliis
911 2051 970 2106 dies
987 2058 1050 2123 post
1064 2051 1239 2122 evangelium
1251 2051 1465 2122 majorismissre
1478 2070 1484 2118 ς
1501 2051 1530 2104 in
1541 2055 1641 2120 quarto
1657 2057 1708 2103 eu‘·

73 2140 294 2211 mmpatentibus
312 2140 390 2194 horis
404 2139 743 2209 concediturquibusdam
762 2140 870 2210 gravie-
908 2147 1038 2195 temcum
1047 2139 1192 2195 ministris.
1211 2137 1708 2210 *Adhujusmodiautemprandium

74 2229 148 2283 ribus
160 2229 289 2300 pemcms
299 2235 469 2299 mutantes
483 2229 607 2284 visitare.
909 2243 966 2284 nan
981 2230 1085 2284 dicitur
1095 2231 1315 2284 refectionaliter
1329 2242 1435 2291 versus,
1448 2229 1535 2282 etium
1550 2227 1573 2280 si
1587 2226 1625 2280 sit
1639 2223 1709 2280 illud

107 2321 173 2386 tna.)
190 2317 266 2372 Nihil
276 2317 499 2388 appellatsunm,
516 2317 564 2371 sed
577 2317 715 2372 adomnia
724 2319 793 2373 dicit
803 2332 866 2372 aas*
910 2320 1039 2388 regulare
1051 2319 1239 2390 jejuninm‚in
1251 2331 1305 2390 qno
1319 2324 1347 2372 et
1361 2319 1545 2389 postterti'am
1555 2319 1710 2387 pransurus

77 2413 147 2459 tmen
164 2407 219 2461 nisi
232 2407 266 2460 de
276 2412 365 2476 patre,
390 2412 481 2462 matre
494 2415 523 2463 et
536 2407 626 2476 culpa,
643 2406 677 2460 de
694 2406 736 2460 his
752 2407 869 2461 licenter
909 2408 1046 2479 pietantia
1060 2421 1115 2462 non
1131 2409 1246 2462 carebit.
1257 2407 1350 2462 Finita
1362 2403 1710 2461 commrrninairumrefe·

76 2496 138 2548 dicit
153 2513 230 2549 incus
240 2503 269 2549 et
284 2493 461 2549 vacaverunt
483 2495 566 2549 etium
578 2495 613 2548 de
625 2512 654 2548 se
666 2495 772 2566 aliquid
783 2496 872 2551 dictu·
911 2496 1013 2553 ctione.
1024 2495 1047 2549 si
1055 2511 1126 2566 opus
1134 2495 1221 2550 luerit
1232 2501 1296 2566 post
1306 2508 1403 2548 versus
1413 2495 1488 2548 inter
1503 2495 1609 2564 primos
1619 2497 1712 2564 potest

76 2601 130 2641 rus.
146 2585 217 2638 dicit
234 2601 279 2652 epo
294 2601 349 2638 non
369 2601 427 2637 nos.
449 2582 575 2652 Siquam
598 2583 714 2638 fratrem
737 2585 867 2656 appellat,
910 2583 1038 2638 exirelid
1050 2585 1206 2656 proximum
1226 2577 1324 2638 boram
1336 2589 1400 2655 post
1414 2578 1712 2637 nrinutlonems'ecedit

77 2691 218 2744 nunquam
232 2674 420 2744 puronomine
430 2674 563 2744 appellat,
575 2674 630 2727 nisi
638 2675 756 2727 donnaus
768 2675 871 2744 adjun-
909 2681 977 2727 ante
1002 2672 1069 2726 illud
1086 2673 1185 2738 altare,
1202 2687 1257 2743 quo
1285 2667 1390 2726 infirmi
1415 2672 1491 2725 inter
1513 2670 1710 2724 matutinalem

73 2771 135 2833 gat3
151 2763 202 2817 sed
216 2764 335 2832 juvenes
350 2765 453 2830 fratres
467 2767 556 2816 uocat.
573 2763 644 2816 item
658 2764 803 2833 proprium
818 2779 870 2820 no·
911 2761 1027 2819 missum
1042 2763 1133 2816 solent
1147 2761 1293 2828 accubare,
1310 2768 1336 2816 et
1349 2771 1516 2832 quocunque
1530 2759 1613 2812 modo
1627 2767 1710 2812 recu·

75 2853 274 2910 nendicturus
290 2853 380 2919 [mter
389 2851 544 2922 praemittit.
557 2851 589 2906 ln
605 2851 657 2906 hoc
667 2857 696 2905 et
707 2851 762 2905 alio
775 2852 871 2922 quovis
912 2849 982 2904 barus
997 2849 1037 2903 ibi
1050 2853 1145 2920 jaceat
1158 2852 1312 2906 secundum
1326 2849 1514 2904 valetudinem
1527 2861 1617 2910 suam,
1626 2853 1710 2900 netno

75 2949 199 3012 tempore
213 2940 393 3012 mmpetenti,
409 2941 481 2994 sicut
494 2940 568 2994 inira
589 2947 738 3011 utramque
753 2941 869 2996 missam
914 2939 1062 3009 vituperat.
1075 2941 1104 2995 Si
1118 2945 1211 2994 autem
1224 2940 1330 2994 uiribus
1343 2940 1402 2992 suis
1412 2933 1537 2997 confidit,
1548 2937 1710 3007 adsequen-

75 3037 166 3101 potest
176 3045 240 3085 eum
250 3029 364 3084 licentia
372 3029 533 3084 saecularem
546 3030 826 3084 amioumconvenire
842 2998 901 3084 e'tC
913 3033 970 3082 tem
993 3028 1093 3084 horam
1117 3029 1185 3084 inibi
1211 3029 1480 3084 consuetudinaliter
1498 3025 1587 3092 sedet,
1616 3030 1644 3079 et
1670 3023 1711 3078 sib

75 3119 195 3174 tecnon
210 3120 272 3174 sine
288 3125 370 3183 teste,
387 3119 410 3171 si
420 3119 508 3173 scitur
522 3119 728 3190 aliquantulum
741 3120 871 3173 incautus
912 3117 1043 3189 deinceps
1063 3119 1098 3172 ad
1123 3119 1246 3189 reliquas
1267 3119 1352 3172 noras
1375 3117 1535 3187 ubicunque
1549 3115 1711 3178 vultuxt'rs

75 3227 141 3264 use.
162 3209 277 3264 Nullam
290 3208 405 3262 omnino
415 3208 559 3262 osculatur
573 3208 720 3262 mulierem
734 3227 740 3276 3
757 3208 806 3262 sed
821 3223 872 3264 nec
912 3205 1050 3261 minorem
1061 3208 1177 3261 chorum
1191 3213 1294 3262 munet.
1313 3206 1383 3260 Cum
1397 3201 1493 3259 autem
1502 3211 1566 3276 post
1579 3209 1710 3274 vesperus

75 3305 294 3353 sntoemsuam.
914 3299 942 3348 at
956 3295 1131 3350 matutinalis
1145 3293 1284 3367 processio
1299 3295 1333 3349 ud
1349 3297 1377 3350 S.
1390 3289 1509 3349 Mariam
1531 3293 1634 3364 agitur,
1650 3291 1710 3363 ipse

370 3385 488 3441 CAPUT
501 3386 572 3440 Liii.
913 3384 1020 3455 priores
1037 3385 1211 3456 subsequens
1239 3384 1268 3440 in
1287 3385 1421 3455 capitulo,
1447 3379 1502 3438 nisi
1527 3375 1567 3436 sil
1586 3380 1708 3453 juvenis.

77 3479 107 3530 te
116 3479 435 3542 minutionesunpuinr's,
447 3477 487 3528 mi
497 3476 868 3542 phlebotomoreuoicatttus.
913 3477 1049 3527 moratur.
1061 3474 1104 3528 Ad
1118 3471 1225 3528 nuliam
1239 3474 1338 3527 horam
1354 3473 1512 3544 regularem
1523 3471 1607 3526 debet
1623 3469 1711 3542 proti·-

108 3573 163 3628 tun.
181 3567 252 3632 tur.)
274 3565 303 3619 Si
322 3565 488 3633 sanguinem
504 3563 622 3617 voluerit
635 3563 762 3617 minuere
777 3563 807 3617 in
820 3565 870 3620 lili
912 3563 978 3616 dere
993 3579 1083 3634 neque
1108 3579 1159 3634 pro
1181 3564 1237 3618 iliis
1260 3564 1350 3618 tribus
1366 3562 1551 3626 orationibus,
1571 3568 1633 3632 quta
1648 3549 1712 3632 posi

75 3656 261 3720 leodeninus,
277 3655 320 3708 rel
341 3669 370 3707 m
391 3653 446 3708 alio
459 3667 625 3724 quoeunque
642 3653 697 3717 die,
721 3653 749 3706 in
766 3667 821 3724 quo
835 3655 871 3708 si·
912 3651 1034 3706 sonitum
1055 3654 1084 3706 in
1099 3654 1183 3708 choro
1193 3652 1285 3707 solent
1297 3647 1357 3706 lieri
1372 3665 1388 3706 a
1403 3657 1541 3707 conventu
1557 3649 1712 3705 standbrel

76 3745 191 3799 lentium
213 3743 433 3802 estteneudum.
449 3743 511 3812 ipsa
531 3742 611 3796 hora.
626 3743 733 3812 quade
747 3743 870 3813 capitulo
912 3741 1130 3812 procumbendo,
1148 3743 1208 3812 ipse
1221 3753 1307 3796 unam
1318 3737 1711 3796 [antumantecltoruririaclt

74 3834 174 3894 exiurr,
183 3832 327 3887 licentiam
341 3836 487 3885 eteneme
497 3829 623 3884 ordinem
631 3845 694 3884 curn
705 3831 787 3899 signo
798 3847 871 3902 quae·
910 3829 1044 3884 sedendo.
1067 3833 1099 3884 ln
1122 3831 1177 3885 line
1198 3847 1264 3884 raro
1280 3830 1501 3901 uniuscuiusque
1522 3831 1596 3884 hore
1615 3829 1710 3883 eniens

73 3922 116 3975 n't
129 3923 140 3944 ’
154 3920 187 3978 ln
197 3921 313 3992 privatis
326 3925 421 3974 autem
436 3919 534 3974 diebus
549 3919 661 3990 quando
675 3919 778 3974 locutio
787 3927 831 3974 est
840 3933 869 3974 tn
911 3934 977 3972 cum
991 3919 1099 3974 ceteris
1111 3917 1180 3973 fecii
1192 3925 1258 3974 ante
1273 3925 1302 3974 et
1316 3924 1402 3984 retro,
1410 3925 1439 3973 et
1448 3925 1513 3973 ante
1526 3918 1637 3972 initium
1645 3923 1711 3971 curn

73 4010 204 4068 chastrn
219 4011 245 4063 si
259 4013 351 4082 potest
365 4009 517 4063 consedere
528 4009 611 4078 juxta
632 4007 764 4078 priorem,
783 4009 866 4064 licen·
911 4007 975 4061 aliis
993 4011 1060 4060 aute
1070 4012 1098 4060 et
1112 4013 1188 4061 retro
1202 4009 1278 4063 iacit.
1301 4009 1343 4062 Ad
1357 4008 1495 4072 litaniam,
1511 4003 1535 4060 sl
1550 4007 1609 4059 ruli
1622 4005 1712 4075 proci·

75 4101 141 4156 tiam
152 4101 223 4172 petit
233 4099 319 4154 verbo
331 4117 337 4154 ε
350 4100 511 4156 sinautem.
524 4100 614 4170 signo.
627 4099 707 4162 Quod
717 4098 741 4152 si
751 4099 870 4152 domnus
912 4096 988 4160 dere,
1003 4095 1142 4166 procidat:
1159 4097 1183 4150 si
1195 4097 1256 4150 ruit
1268 4096 1376 4162 sedere,
1394 4095 1502 4160 sedeat,
1518 4096 1657 4163 nemoque
1678 4093 1710 4146 il'·
1751 4153 1755 4169 γ

72 4188 144 4243 ebba
158 4191 201 4244 vel
216 4189 294 4260 prior
306 4189 461 4260 capitulum
477 4188 577 4253 tenuit,
593 4193 622 4242 et
636 4203 698 4240 mor
708 4186 872 4258 finitocapi·
912 4185 962 4238 lud
978 4185 1176 4254 reprehendat.

74 4279 141 4340 mlo,
156 4279 252 4350 aliquo
266 4277 404 4342 discessit,
419 4293 474 4348 quo
493 4276 527 4342 is,
555 4277 602 4348 qui
624 4276 792 4332 minuendus
816 4281 903 4370 est,D
950 4274 1019 4340 tua.)
1029 4273 1071 4326 Ad
1082 4274 1230 4344 prandium
1243 4275 1355 4345 quando
1365 4267 1709 4344 aliilrsbentpie‘tantiatn,

73 4367 133 4421 siae
147 4367 262 4423 licentia
282 4367 376 4422 venire
396 4379 452 4420 non
467 4365 565 4437 possit,
581 4371 649 4419 tunc
664 4363 698 4419 ab
712 4381 756 4431 eo,
772 4365 820 4436 qui
835 4366 871 4419 ad
913 4361 960 4415 ille
974 4363 1106 4432 generale
1121 4377 1171 4434 per
1183 4363 1254 4416 duos
1268 4363 1338 4428 dies,
1357 4365 1386 4417 et
1399 4362 1435 4416 ad
1452 4373 1560 4416 cunam
1575 4371 1627 4415 ota
1638 4361 1707 4418 tria.

72 4471 194 4526 pmsens
202 4457 330 4511 ordinem
339 4457 423 4527 regit,
432 4455 577 4509 licentiam
589 4454 698 4526 querit.
710 4455 871 4508 Cavendum
914 4450 943 4506 Si
958 4457 1053 4506 autem
1074 4457 1118 4505 est
1136 4457 1248 4524 tempus
1270 4453 1409 4523 hyemale,
1427 4450 1532 4505 scilicet
1551 4463 1568 4505 a
1587 4449 1711 4504 calendis

72 4553 167 4600 eutem
179 4545 555 4600 esthebdomsdaesacerdoti
566 4543 796 4606 hebdomadario,
809 4543 872 4598 dia·
914 4539 1052 4603 Octobris,
1065 4555 1154 4612 usque
1169 4537 1204 4595 ad
1216 4540 1475 4612 Quadragesimum,
1488 4545 1517 4594 et
1526 4541 1549 4595 si
1559 4539 1713 4610 fratresge-
1735 4585 1742 4604 ,

72 4651 141 4690 eone
157 4642 186 4689 et
199 4631 381 4692 subdiacono,
397 4633 615 4689 hebdomadario
635 4633 753 4697 cantori,
769 4647 873 4686 mensae
913 4629 1048 4684 neraliter
1067 4645 1122 4685 non
1139 4629 1193 4685 nisi
1212 4631 1299 4685 semel
1322 4632 1461 4692 reficiunt,
1477 4639 1545 4686 tunc
1558 4631 1605 4686 ille
1620 4630 1712 4701 primo

71 4723 179 4780 lecturi
187 4723 415 4781 hebdomadariis
431 4722 567 4794 coquinae,
579 4728 797 4792 utnequaquam
810 4735 872 4774 ssn-
914 4725 1025 4773 tantum
1041 4720 1086 4774 die
1102 4727 1165 4790 post
1179 4736 1318 4792 resperas,
1342 4721 1409 4775 dum
1430 4715 1572 4793 incipitur.
1588 4722 1708 4784 Plancio,

69 4814 185 4883 guinem
202 4815 330 4868 minuere
344 4819 526 4884 praesumant.
542 4810 596 4866 nisi
616 4811 694 4882 prius
708 4811 738 4864 in
752 4809 873 4881 capitulo
913 4813 979 4861 ante
994 4813 1023 4860 et
1036 4813 1110 4862 retro
1126 4809 1201 4872 facit,
1220 4815 1248 4864 et
1262 4811 1327 4865 iotis
1343 4809 1517 4864 manibusad
1532 4811 1712 4864 relectorium

71 4905 160 4974 petita
179 4904 262 4957 venia
283 4902 427 4958 licentiam
450 4901 597 4972 accipiant.
622 4905 679 4966 (un.
696 4901 772 4969 aar.)
787 4897 824 4953 Et
842 4904 874 4954 nt
914 4895 1000 4961 vadit,
1018 4900 1072 4951 *et
1081 4897 1141 4952 sine
1151 4913 1234 4954 versu
1245 4901 1478 4962 consuetudinali,
1491 4900 1520 4953 in
1536 4900 1713 4954 extremitate

71 4993 122 5048 boc
137 4993 300 5064 modo,quo
315 4991 366 5045 dat
391 4991 499 5055 ordine,
515 5003 733 5061 prosequentum
761 4993 875 5059 accepta
915 4985 1036 5040 sinistre
1050 4983 1154 5040 tabulae
1168 4985 1256 5042 sedet.
1273 4993 1302 5042 et
1317 4994 1420 5054 coenat,
1447 4989 1592 5043 cellerario
1613 4993 1713 5058 procti-

1 5147 2 5162 ἢ
72 5081 186 5136 lioentia
199 5081 321 5152 idipsum
334 5085 467 5150 procurat
489 5078 603 5132 cellario
613 5077 746 5142 indicate,
759 5083 791 5132 ut
802 5093 873 5148 prse-
914 5081 995 5129 rante
1007 5076 1032 5130 ei
1052 5091 1102 5147 pro
1118 5076 1376 5141 necessitatetiuod
1387 5080 1411 5133 si
1425 5080 1525 5149 priusa
1539 5091 1618 5132 crena
1628 5075 1710 5140 redit,

72 5172 168 5224 adeat
183 5170 319 5224 furnulum
339 5169 386 5240 qui
402 5169 438 5222 ud
459 5167 620 5238 huiusmodi
628 5167 772 5235 negotium
786 5167 873 5237 depu-
915 5179 1000 5234 quarn
1014 5162 1216 5219 conventus‘ad
1235 5166 1385 5220 bibendum
1399 5166 1484 5230 venit,
1505 5167 1578 5220 sicut
1597 5175 1670 5234 saepe
1683 5163 1713 5216 in

74 5265 221 5320 tatusest,
240 5259 417 5328 inpromptu
439 5255 763 5327 essepostevangeiium
781 5253 874 5308 missae
915 5253 1129 5324 Septuugesima
1156 5260 1249 5324 potest
1271 5257 1393 5316 evenire,
1421 5270 1476 5308 non
1501 5253 1614 5307 omittit.
1644 5251 1712 5322 quin

75 5349 204 5419 majoris.
221 5349 391 5418 Eorumque
402 5345 876 5400 momentoabscedensdeecclesia
916 5340 1017 5396 iterum
1033 5355 1097 5396 cum
1121 5348 1259 5398 conventu
1282 5344 1310 5398 in
1326 5343 1502 5397 refectorium
1517 5341 1622 5404 redeat,
1639 5343 1668 5394 et
1689 5338 1714 5393 si

76 5437 366 5501 induitnoctnrnales,
375 5447 432 5490 non
442 5435 512 5489 ulios
524 5435 636 5505 quidem
652 5447 740 5506 usque
756 5435 790 5488 sd
801 5434 875 5487 diem
917 5433 984 5494 vult,
1007 5431 1091 5488 bibat.
1117 5433 1146 5487 Si
1163 5437 1257 5486 autem
1276 5437 1428 5486 conventus
1449 5419 1529 5483 illurn
1555 5436 1714 5484 coenantem

75 5528 196 5582 urcium
210 5525 381 5595 induiturus,
406 5529 521 5596 excepto
534 5523 558 5577 si
573 5523 668 5595 adqui
689 5523 828 5596 processio
847 5523 877 5576 in
917 5524 1063 5588 invenerit,
1087 5523 1142 5577 illis
1159 5521 1324 5576 creantibus
1340 5521 1400 5592 ipse
1414 5518 1499 5572 altius
1519 5521 1577 5573 'stat
1591 5519 1712 5586 inclinis,
