3900 6168
102 211 153 273 905
874 207 968 266 VITA.
1683 219 1738 284 905

101 353 197 393 omnes
210 335 369 409 precedere
388 333 420 392 in
436 333 596 406 prudentia,
612 337 669 388 eta
683 332 779 390 divina
790 330 1070 405 sapien-nomnibus
1091 334 1251 408 exemplum
1273 334 1345 394 bene
1369 337 1480 398 vivendi
1499 339 1562 398 fleri
1586 341 1732 408 studebat.

100 428 172 482 tibus
187 428 259 482 mire
273 425 412 481 coleretur
432 441 483 495 pro
506 440 583 496 pura
606 423 709 477 mentis
728 423 897 490 innocentia.
976 423 1001 476 8.
1018 421 1097 478 Inter
1110 425 1160 480 has
1175 441 1241 496 ergo
1254 427 1380 500 aliasque
1390 429 1517 498 virtutes,
1533 447 1617 502 qunm
1628 435 1738 492 sincera

40 575 44 586 ,
135 518 159 573 6.
176 513 420 572 Tantacharitatis
430 512 564 568 affluebat
577 511 750 583 benignitate
766 519 798 566 nt
809 512 899 568 nemi·
940 512 1101 585 etperfecta
1115 513 1171 568 lide
1185 515 1312 585 polleret,
1328 517 1422 572 nullus
1436 535 1529 574 sermo
1544 520 1579 574 ad
1594 521 1737 596 integrum

100 625 160 664 nem
176 606 302 678 perfecte
321 603 414 659 divino
440 601 551 658 seruitio
573 601 730 672 cupientem
747 617 777 656 se
792 601 898 656 manci·
939 603 1077 674 explicare
1092 604 1174 659 valet.
1185 603 1244 658 Hac
1258 606 1443 662 enimrirtnte
1458 609 1543 664 reluti
1559 611 1645 667 lorica
1655 613 1737 671 indu·

100 713 175 770 pare,
197 713 250 768 pro
271 698 438 766 paupertate
458 708 510 746 sua
527 691 690 763 despiceret,
709 689 848 744 neminem
863 689 899 745 ob
939 695 995 756 tus,
1013 691 1084 746 virili
1101 692 1196 746 animo
1212 709 1328 765 quaeque
1341 695 1457 751 adversa
1470 697 1622 765 devicit,ac
1635 703 1737 775 sepius

100 784 271 857 imperitiam
281 783 427 838 refutaret.
436 780 552 836 Nobiles
564 797 596 836 ac
607 779 753 851 ignobiles,
762 779 861 834 divites
870 783 900 833 et
939 780 1077 836 nonnulla
1090 780 1227 849 diflicilia,
1240 798 1273 836 ac
1287 784 1384 838 multis
1404 802 1475 857 pene
1487 786 1671 859 impossibilia
1686 809 1737 864 ag·

99 891 246 947 pauperes,
260 873 335 927 siros
348 887 381 926 ac
396 870 539 934 mulieres,
551 870 586 924 ad
598 873 788 939 contemptum
801 866 898 922 mundi
940 870 1186 940 gressus,Domino
1196 873 1358 942 adjurante,
1368 873 1442 929 felici
1453 875 1550 933 effectu
1561 881 1735 940 terminavit,

99 964 245 1026 incitabat,
251 979 285 1017 ac
297 960 422 1030 singulos
430 959 465 1014 ad
476 975 602 1014 amorem
615 957 735 1013 coelestis
744 957 806 1012 vitae
816 955 900 1012 verbo
941 959 978 1013 Ut
990 959 1066 1014 enim
1082 960 1116 1014 de
1129 958 1256 1032 pluribus
1271 978 1359 1032 pauca
1374 978 1600 1035 commemorem,
1615 969 1737 1027 dnmdie

100 1059 127 1106 et
149 1051 278 1122 exemplo
301 1048 479 1105 accendebat.
503 1048 593 1102 Multa
617 1045 785 1119 hospitibus,
810 1047 901 1100 multa
940 1047 1062 1117 quodam
1074 1057 1187 1104 sanctus
1201 1049 1285 1104 Pater
1298 1051 1333 1105 de
1343 1068 1373 1106 re
1382 1051 1515 1108 familiari
1525 1059 1659 1113 tractaret
1672 1075 1737 1116 cum

100 1141 270 1213 pauperibus
284 1137 470 1194 distribuebat
482 1157 489 1204 ;
505 1153 557 1192 nec
570 1141 667 1190 tamen
686 1136 900 1191 commissorum
939 1134 1073 1190 fratribus
1091 1138 1229 1192 exteriora
1242 1139 1461 1210 providentibus,
1477 1141 1552 1197 inter
1565 1151 1665 1202 catera
1675 1165 1737 1219 quae

101 1231 148 1284 sibi
163 1246 263 1284 curam
276 1227 470 1300 postponebat,
486 1226 535 1280 sed
552 1242 615 1280 cunr
631 1231 749 1296 paterna
767 1224 901 1279 sollicitu-
941 1224 1420 1295 conferebantur,denuntiaverunt,
1431 1233 1612 1302 proquodam
1623 1235 1738 1294 inevita-

100 1319 172 1384 dine,
192 1324 304 1373 etcum
322 1333 425 1388 magna
441 1315 587 1370 charitatis
610 1314 756 1368 affectione
771 1312 901 1369 omnibns
941 1313 990 1368 bili
1006 1316 1182 1376 necessitate,
1194 1319 1366 1373 necessarias
1380 1336 1440 1374 esse
1453 1320 1576 1392 quinque
1590 1321 1676 1379 libras
1691 1341 1738 1381 ar-

104 1407 262 1462 necessaria
274 1405 501 1461 administrabat.
518 1405 547 1458 Si
562 1421 618 1475 qua
630 1403 743 1458 verorei
754 1402 902 1458 familiaris
941 1399 1029 1468 genti.
1046 1401 1116 1454 Cum
1130 1417 1195 1456 vero
1218 1402 1314 1457 necin
1332 1411 1465 1476 promptu
1479 1421 1527 1460 eas
1546 1406 1671 1474 haberat,
1687 1425 1740 1466 nec

104 1497 221 1568 penuria
230 1494 390 1567 ingruebat,
403 1494 475 1548 hanc
487 1510 544 1548 non
555 1493 645 1547 solum
657 1489 842 1554 tolerabilem,
852 1491 901 1546 sed
942 1506 1031 1560 nsque
1045 1491 1114 1548 scita
1129 1493 1228 1548 saltem
1244 1494 1420 1548 mutuatione
1438 1495 1584 1567 acquirere
1602 1499 1738 1570 valerent,

106 1594 213 1656 gratam
234 1584 289 1640 sibi
304 1584 418 1656 suisque
432 1581 534 1638 blande
548 1588 577 1636 et
589 1581 661 1635 virili
683 1580 902 1634 commonitione
943 1585 972 1636 et
985 1580 1136 1637 imminens
1151 1583 1303 1638 necessitas
1325 1589 1438 1654 urgeret
1453 1585 1514 1638 sine
1529 1585 1586 1640 ulla
1604 1586 1740 1646 dilatione

106 1675 232 1738 faciebat,
264 1690 393 1728 asserens
421 1673 494 1726 hanc
517 1687 578 1726 esso
605 1670 771 1725 dilectorum
796 1651 1739 1746 Christissparsolvoreipsampecuniam,taliperturbationeman-

105 1763 308 1836 probationem,
319 1768 348 1818 et
361 1762 385 1816 si
404 1760 613 1832 patientiarum
624 1758 781 1830 gratiarnm
792 1757 902 1813 actione
942 1759 1048 1829 gustati
1063 1759 1231 1830 ignorabant
1243 1761 1383 1833 quomodo
1394 1775 1510 1834 possent
1520 1765 1659 1835 expedire.
1671 1768 1739 1826 Pius

105 1867 135 1906 ac
143 1869 261 1924 precum
271 1851 497 1924 frequentatione
507 1851 626 1914 adesset,
635 1849 731 1920 procul
743 1846 828 1901 dubio
839 1861 903 1900 mox
943 1853 1038 1904 autem
1053 1849 1146 1914 Pater,
1163 1850 1193 1906 in
1208 1850 1326 1906 Domino
1340 1852 1491 1918 confidens,
1507 1853 1597 1908 verbis
1610 1857 1739 1912 consola·

105 1941 284 1997 manifestam
298 1957 317 1995 a
330 1941 387 1995 Deo
406 1951 552 1994 venturam
575 1937 806 1992 consolationem.
823 1935 903 2000 Quod
943 1936 1023 1991 toriis
1045 1938 1306 2010 pusillanimitatem
1332 1940 1445 1998 illorum
1471 1943 1581 1998 studuit
1602 1944 1739 2014 animare,

105 2028 516 2102 utiqueesteridentibussrepe
525 2028 700 2082 declaratum
711 2025 903 2090 indiciis,dum
944 2026 1040 2082 dicens
1054 2029 1130 2082 nullo
1146 2028 1230 2084 modo
1244 2029 1279 2084 de
1294 2029 1343 2084 Dei
1355 2030 1545 2086 misericordia
1557 2031 1741 2088 diffidendum

106 2120 130 2173 ei
143 2119 264 2174 inomni
281 2117 411 2189 angustia
426 2117 563 2172 Dominus
578 2116 681 2172 ostium
706 2113 903 2170 misericordiae
944 2133 1014 2170 esse.
1027 2114 1089 2171 Illis
1104 2134 1167 2172 sero
1180 2135 1237 2188 prae
1247 2118 1387 2173 anxietate
1400 2119 1523 2190 tepidius
1538 2120 1741 2192 excipientibus

107 2209 233 2275 aalide
244 2215 275 2262 et
284 2207 414 2280 precibus
423 2206 558 2278 pulsanti,
570 2205 680 2276 aperire
697 2204 830 2276 dignatus
849 2208 901 2257 est.
945 2205 1006 2274 ejus
1019 2205 1248 2274 consolationem,
1260 2212 1289 2262 et
1299 2206 1505 2267 affirmantibus
1515 2225 1572 2264 non
1581 2226 1632 2281 pro
1641 2227 1680 2278 se,
1692 2211 1742 2266 sed

107 2297 188 2352 ana
196 2298 287 2368 igitur
301 2297 430 2368 vulgante
445 2296 505 2366 ejus
513 2292 668 2350 laudabiles
678 2303 757 2348 actus
768 2291 901 2363 undique,
944 2310 995 2366 pro
1008 2295 1149 2350 communi
1173 2296 1342 2352 detrimento
1357 2303 1521 2368 angustatos
1535 2298 1631 2365 fuisse,
1648 2315 1663 2354 e
1678 2317 1742 2355 con·

106 2388 138 2440 ad
150 2402 213 2441 eum
221 2386 307 2458 quasi
317 2386 352 2440 ad
363 2384 468 2440 bonum
484 2384 598 2438 odorem
614 2383 718 2437 Christi
735 2382 831 2436 fideles
841 2397 904 2436 con·
944 2400 1022 2438 sessu
1038 2384 1168 2447 surrexit,
1184 2391 1212 2440 et
1227 2384 1282 2440 illis
1293 2386 1353 2455 ejus
1364 2385 1486 2440 reditum
1502 2388 1739 2458 praestolantibus,

106 2477 247 2543 fluebant,
259 2475 373 2546 quidam
385 2475 483 2546 utique
497 2472 642 2545 cupientes
652 2472 694 2527 nti
707 2472 769 2541 ejus
780 2467 904 2524 saluber·
945 2471 1013 2526 exiit
1023 2471 1108 2537 foras,
1125 2473 1280 2543 implorans
1295 2473 1430 2528 auxilium
1447 2475 1566 2530 Domini.
1574 2477 1632 2532 Nec
1646 2493 1735 2546 mora,

105 2563 180 2619 rimis
192 2563 330 2629 consiliis,
346 2563 396 2617 alii
412 2579 474 2617 vero
497 2563 558 2634 ejus
580 2558 754 2615 orationibus
778 2575 808 2614 se
827 2575 903 2612 com·
945 2558 1083 2631 benignus
1099 2561 1210 2616 Domini
1223 2562 1314 2617 adfuit
1334 2563 1410 2617 lldeli
1434 2563 1539 2618 famulo
1553 2581 1613 2620 suo.
1631 2566 1670 2620 Ex
1685 2567 1741 2622 im·

105 2653 282 2718 mandantes,
293 2651 407 2725 plurimi
415 2651 511 2718 etiam,
524 2650 633 2720 abjecta
644 2648 770 2704 saeculari
782 2647 903 2714 sarcina,
946 2649 1057 2722 proriso
1068 2667 1189 2722 namque
1204 2651 1319 2723 quidam
1328 2651 1442 2724 ignotus
1452 2654 1662 2724 superveniens,
1673 2672 1742 2712 con·

105 2743 298 2813 magisterium
315 2742 376 2812 ejus
389 2739 558 2811 deligebant.
943 2739 1010 2793 tulit
1023 2738 1047 2794 ei
1064 2755 1176 2794 omnem
1191 2739 1375 2811 quantitatem
1393 2741 1525 2812 pecuniae.
1544 2741 1609 2796 Mox
1619 2757 1686 2814 orgo
1696 2759 1743 2799 re·

137 2829 163 2886 i.
178 2831 223 2886 lld
238 2828 428 2886 ministerium
450 2827 536 2884 divini
560 2827 645 2883 oflicii
668 2843 719 2899 pro
741 2825 902 2881 humilitate
944 2827 1034 2893 diens,
1051 2827 1168 2900 protulit
1179 2827 1213 2882 de
1229 2845 1314 2884 manu
1328 2846 1380 2883 sua
1390 2829 1606 2901 quinquelibras
1620 2832 1741 2903 argenti,

103 2919 214 2976 nolebat
226 2924 365 2992 paratura
377 2918 468 2982 indui,
484 2934 546 2988 quae
558 2916 703 2986 aurifrigio
722 2916 765 2970 rel
784 2915 904 2985 alicujus
911 2967 933 3028 C
945 2921 974 2971 et
984 2916 1086 2970 fratres
1097 2916 1263 2972 charitative
1277 2917 1430 2988 corripiens
1448 2918 1489 2972 ait
1501 2938 1506 2972 :
1518 2918 1557 2974 En
1568 2919 1649 2974 adest
1658 2937 1744 2992 pecu·
1798 2933 1804 2940 ·

103 3010 216 3080 pretiosi
228 3007 339 3064 metalli
352 3008 493 3062 intextura
502 3023 563 3062 esse
576 3011 689 3064 ornata.
705 3003 905 3062 Detestabatur
945 3005 993 3059 nia
1007 3022 1056 3076 pro
1068 3022 1125 3077 qua
1139 3005 1333 3078 pusillanimes
1339 3006 1405 3061 facti
1420 3005 1496 3062 estis.
1510 3005 1615 3063 Discite
1626 3009 1666 3064 nil
1676 3025 1743 3082 ergo

105 3099 187 3154 etiam
208 3097 415 3154 osculationem
437 3113 537 3151 manus
553 3100 583 3150 et
594 3110 719 3166 genuum
741 3093 860 3161 abbatis,
877 3097 906 3147 et
943 3094 1002 3162 jam
1020 3094 1138 3149 ulterius
1149 3095 1185 3150 de
1196 3095 1344 3168 multiplici
1359 3096 1484 3152 bonitate
1498 3097 1549 3152 Dei
1559 3086 1744 3172 ¹omnipoten-

104 3189 215 3243 omnino
228 3186 317 3242 talem
327 3174 563 3242 ⁸consuetudinem
579 3183 752 3249 abscidisset,
769 3182 824 3237 nisi
839 3198 904 3238 euru
945 3183 983 3238 tis
998 3182 1162 3255 desperaro.

104 3277 226 3334 seniores
237 3277 312 3332 hanc
321 3274 506 3332 reverentiam
521 3272 556 3328 ab
566 3273 607 3328 eis
619 3272 760 3344 suscipere
775 3271 818 3326 rix
827 3287 904 3326 com·
981 3271 1007 3328 9.
1026 3273 1097 3327 Item
1109 3273 1166 3328 Deo
1179 3272 1308 3328 amabilis
1324 3274 1408 3329 Pater
1423 3273 1545 3346 quadam
1559 3273 1605 3332 die
1619 3276 1744 3333 diluculo

102 3367 257 3438 pulissent.
271 3364 402 3432 Quolibet
411 3364 472 3418 loco
484 3368 656 3436 praeeuntem
668 3366 834 3418 conventum
849 3361 905 3415 fra·
944 3361 1086 3434 profectus
1105 3361 1139 3416 de
1157 3362 1338 3430 monasterio,
1354 3378 1409 3418 non
1425 3362 1508 3436 longe
1522 3363 1632 3420 obviam
1647 3366 1745 3422 habuit

102 3461 175 3510 trum
186 3455 376 3526 subsequens,
391 3459 420 3509 et
432 3451 753 3523 diligenterinspiciens.
764 3449 903 3522 gemendo
946 3450 1097 3522 quemdam
1118 3451 1330 3523 pauperculum,
1356 3467 1417 3507 cnm
1447 3469 1534 3508 uxore
1559 3459 1588 3509 et
1611 3455 1744 3511 undecim

103 3543 286 3617 etplorando,
299 3544 449 3614 oculosque
460 3558 525 3596 cunr
535 3542 619 3596 corde
640 3540 675 3595 ad
696 3540 797 3594 coelum
811 3539 904 3594 levan-
945 3540 1010 3594 filiis
1025 3540 1158 3612 parvulis,
1174 3540 1274 3596 obnixe
1295 3542 1357 3612 eins
1378 3542 1585 3615 eleemosynam
1597 3544 1743 3615 postulan-

102 3635 145 3698 do,
156 3633 264 3707 praeis
277 3632 412 3688 attentius
426 3629 534 3686 orabat.
545 3630 586 3685 ad
602 3645 729 3684 mensam
744 3627 768 3682 si
780 3627 846 3700 quid
860 3644 903 3682 ac·
944 3634 1011 3684 tem.
1033 3629 1146 3684 fratres
1168 3636 1264 3685 autem
1293 3630 1341 3701 qui
1367 3630 1576 3686 comitabantur
1605 3649 1680 3696 eum,
1708 3633 1744 3689 dc

102 3725 229 3779 curatius
241 3727 409 3794 apparatum
424 3721 466 3776 illl
476 3718 655 3784 offerebatur,
672 3718 753 3774 innui
763 3716 901 3784 otlerenti,
944 3717 1057 3773 cellario
1071 3735 1158 3789 panes
1171 3735 1285 3790 paucos,
1302 3719 1350 3790 qui
1366 3719 1408 3773 vix
1429 3719 1464 3775 ad
1489 3736 1577 3776 unum
1593 3720 1744 3792 prandium

101 3814 124 3868 si
144 3812 280 3870 omnibus
308 3810 496 3866 communiter
523 3814 722 3880 apponeretur.
744 3805 772 3862 si
791 3805 901 3869 annuit,
944 3806 1178 3878 paucissulhcere
1192 3811 1315 3878 possent,
1336 3824 1430 3862 secum
1454 3808 1598 3878 tulerant3
1624 3826 1690 3864 nam
1713 3811 1744 3866 in

100 3901 311 3974 aliquantulum
326 3900 392 3955 inde
407 3897 548 3970 gnstavit3
564 3897 609 3950 sin
623 3901 728 3958 autem,
746 3895 843 3949 statim
859 3893 902 3948 in·
945 3895 1066 3966 quodam
1082 3900 1162 3966 prato
1177 3895 1307 3966 pransuri
1321 3901 1411 3950 erant.
1430 3897 1502 3968 Ergo
1517 3896 1558 3950 vir
1572 3898 1683 3952 Domini
1697 3899 1743 3954 in-

102 3991 278 4046 firmioribus
292 3987 488 4046 distribuebat.
508 3985 678 4042 Deliciarum
703 3991 731 4038 et
755 3983 903 4055 epularum
944 3983 1041 4038 vitavit
1056 3982 1257 4054 pauperculum
1280 3999 1343 4042 curn
1364 3999 1450 4038 uxore
1474 3989 1503 4038 et
1523 3985 1589 4040 filiis
1605 3987 1641 4042 ad
1655 4003 1742 4058 pran-

100 4079 376 4151 dirersitatem,qnae
390 4082 457 4133 sunt
470 4076 593 4130 fomenta
608 4073 904 4134 luxuriae,contemne·
945 4073 1034 4130 dium.
1055 4070 1253 4126 Residentibus
1279 4088 1344 4126 xero
1370 4072 1510 4136 omnibus,
1532 4090 1565 4129 ex
1592 4074 1742 4146 improvise

101 4167 263 4241 bat‚parvis
276 4185 310 4223 ac
320 4164 506 4222 mediocribus
517 4169 665 4220 contentus
676 4169 746 4217 erat.
759 4161 905 4233 Siquidem
945 4161 1044 4218 aderat
1057 4177 1113 4216 non
1126 4161 1538 4232 modicamultitudoequitum,
1551 4164 1741 4237 popularium,

103 4272 274 4330 quocunque
288 4255 341 4310 sibi
358 4255 482 4310 eundum
505 4252 658 4308 necessitas
682 4249 823 4321 exigebat,
848 4267 903 4304 non
915 4268 998 4348 I›nec
1008 4267 1063 4305 non
1074 4255 1102 4304 et
1111 4266 1277 4322 pauperum.
1289 4251 1387 4322 ltaque
1392 4267 1443 4323 pro
1454 4252 1593 4322 parvitate
1602 4252 1742 4308 alimoniae

101 4346 225 4418 superbo
254 4361 327 4417 equo
355 4341 557 4405 delectabatur,
585 4340 634 4394 sed
664 4355 746 4410 equa,
768 4345 818 4392 aut
842 4338 904 4393 vilis
948 4339 1030 4396 sociis
1045 4338 1119 4394 beati
1133 4339 1184 4392 riri
1199 4339 1328 4404 turbatis,
1345 4338 1485 4411 simulque
1500 4340 1602 4396 rubore
1617 4341 1740 4408 suffusis,

101 4436 182 4491 aselli
198 4436 285 4490 dorso
309 4432 473 4490 vehebatur.
487 4431 587 4486 Vestes
602 4429 717 4490 nitidas,
733 4427 905 4501 pretiosique
946 4427 989 4480 vir
1010 4427 1068 4481 Deo
1087 4426 1187 4497 plenus
1210 4425 1295 4481 hilari
1314 4427 1392 4482 vultu
1406 4428 1492 4482 aitad
1508 4445 1556 4483 eos
1579 4447 1586 4485 ε
1612 4429 1743 4501 Quinque

100 4525 216 4580 velleris
240 4522 384 4590 horrebat,
411 4522 531 4576 maxime
555 4518 679 4574 manicas
703 4519 746 4572 vol
770 4517 903 4584 cucullas,
947 4530 1042 4585 panes,
1062 4515 1164 4586 quibus
1184 4515 1320 4572 Dominus
1343 4517 1466 4588 quinque
1488 4517 1575 4572 millia
1596 4517 1743 4573 hominum

100 4631 172 4685 quas
188 4615 277 4670 etiam
292 4611 344 4668 snb
362 4609 592 4666 interminatione
609 4606 905 4662 excommunicationis
947 4602 1033 4675 pavit,
1051 4604 1176 4676 quandiu
1191 4603 1293 4676 integri
1315 4611 1521 4666 remanserunt,
1537 4623 1589 4662 uec
1603 4607 1744 4680 multipli-

98 4702 277 4767 abscidebat,
294 4700 491 4771 vanarumque
505 4713 599 4752 rernm
619 4694 751 4750 utensilia
761 4695 903 4767 superfluo
944 4692 1000 4746 cati
1011 4698 1087 4760 sunt,
1103 4707 1155 4748 nec
1167 4693 1242 4748 nllus
1256 4711 1288 4748 ex
1300 4693 1355 4748 illis
1366 4699 1463 4766 pastus
1476 4700 1535 4764 est;
1550 4696 1662 4768 quando
1677 4711 1743 4752 vero

99 4801 128 4847 et
136 4791 411 4865 pompaticoornatu
422 4785 558 4844 decorari.
569 4787 707 4840 acerrima
715 4783 904 4838 exsecratione
946 4781 1096 4837 aDomino
1112 4780 1194 4836 fracti
1215 4787 1291 4848 sunt,
1315 4783 1412 4854 ntique
1434 4789 1501 4839 tunc
1525 4791 1592 4840 sunt
1605 4785 1744 4858 multipli-

97 4881 283 4954 prohibebat.
301 4879 434 4951 Quisquis
448 4875 677 4936 obedientiarius,
689 4872 734 4928 rel
755 4873 827 4928 alius
842 4871 905 4944 quis
946 4870 1012 4932 cati,
1029 4876 1057 4926 et
1071 4871 1165 4942 plures
1180 4888 1212 4926 ex
1235 4871 1291 4926 illis
1314 4872 1388 4942 pasti
1405 4871 1592 4940 incarnat,
1612 4873 1663 4944 li).
1679 4875 1745 4930 lirec

97 4975 243 5034 tentatus,
266 4969 310 5024 rol
334 4966 469 5024 moestitia
487 4968 620 5037 gravatus
639 4961 675 5016 ad
693 4977 757 5016 eum
777 4959 903 5026 accessit,
946 4959 1042 5014 dicens
1056 4965 1186 5031 prompto
1198 4957 1293 5014 animo
1307 4963 1335 5014 et
1349 4960 1428 5031 larga
1451 4978 1536 5018 manu
1556 4961 1745 5018 distribuebat

97 5075 156 5116 non
172 5056 335 5131 spernendo
350 5056 393 5112 rel
411 5054 588 5116 detestando,
603 5052 683 5106 illum
696 5049 904 5114 contristatum,
947 5047 1131 5114 multitudini,
1146 5064 1208 5119 qna
1222 5049 1329 5114 aderat,
1345 5066 1431 5120 parva
1445 5051 1595 5118 alimenta;
1613 5067 1674 5122 qnae
1689 5051 1744 5106 fido

97 5151 148 5206 sed
165 5147 318 5204 mulcendo
329 5153 358 5201 el
365 5143 534 5200 blandiendo
550 5140 639 5196 verbis
647 5137 840 5195 consolatoriis
854 5137 904 5192 do·
947 5136 1008 5206 ejus
1018 5143 1044 5190 et
1058 5135 1165 5191 meritis
1179 5135 1346 5192 mirabiliter
1366 5155 1384 5192 a
1408 5140 1466 5194 Deo
1487 5139 1523 5194 ad
1545 5139 1743 5194 sufficientiam

97 5239 194 5294 larem
204 5237 296 5310 ipsius
304 5235 439 5300 delinivit,
450 5234 600 5304 latumque
613 5247 645 5285 ac
657 5229 829 5300 gaudentem
844 5243 861 5281 a
876 5243 906 5280 se
947 5223 1072 5277 omnium
1087 5229 1153 5278 suin
1166 5224 1361 5296 multiplicata.
1378 5226 1451 5280 Sane
1466 5225 1562 5280 multis
1576 5225 1744 5282 admiranti·

97 5327 221 5384 dimisit.
239 5326 369 5380 Lucerna
389 5321 464 5378 enim
490 5321 593 5376 ardens
612 5323 641 5374 et
661 5319 758 5373 lucens
773 5317 861 5384 (loon.
879 5330 904 5379 v,
947 5311 1000 5367 bus
1014 5312 1074 5381 ejus
1097 5311 1182 5366 fidem
1207 5317 1292 5384 atquc
1316 5312 1523 5377 liberalitatem,
1541 5312 1576 5366 ile
1590 5314 1686 5384 paucis
1708 5315 1745 5369 ei·

2 5439 3 5460 i
97 5417 142 5486 35}
173 5431 234 5472 non
266 5413 319 5469 sub
349 5411 443 5467 modio
470 5409 585 5472 latebat.
615 5407 664 5462 scd
690 5421 775 5475 super
807 5401 908 5458 cande·
948 5401 1349 5457 bariissnntomnesabunde
1368 5401 1474 5456 refecti.
1492 5401 1616 5471 Singulis
1635 5405 1744 5474 crgoin

97 5506 216 5562 labrom
257 5500 450 5578 proeminebat
492 5499 603 5568 (illotllr.
640 5513 663 5560 r,
698 5495 748 5562 ibt,
788 5493 907 5566 ideoque
948 5507 1000 5548 sua
1013 5507 1076 5546 cnm
1093 5491 1196 5562 gaudio
1208 5491 1398 5559 redeuntibus,
1409 5489 1520 5544 sirDoo
1531 5490 1633 5546 charus
1647 5509 1747 5565 supra·

250 5603 456 5668 pernobilis.
1594 5589 1633 5650 tt
