3882 6172
77 287 117 344 eq
658 277 871 336 canonicor
890 242 1084 335 sucosusa.
1637 279 1691 341 ort

77 411 149 467 totius
156 406 363 464 Nortbmonnia
373 406 483 472 duceni,
499 410 528 460 et
538 403 613 477 apud
625 408 786 460 exterarum
801 403 887 463 ‹to-A
896 401 1108 474 peritissimum,
1123 399 1224 456 deinde
1237 401 1402 458 lluselmnm
1422 402 1513 459 virum
1527 422 1578 478 per
1595 411 1693 468 omnia

78 501 153 555 minos
168 497 311 568 regionum
324 500 472 567 pepererat
490 495 544 549 sibi
571 510 675 549 nomeu
698 494 852 567 plurimum
894 491 1090 564 approbatum,
1104 491 1257 562 pollentem
1272 491 1406 560 moribus,
1415 493 1529 548 consilio
1539 497 1689 564 affabilem,

78 593 235 642 etoocessum
246 583 425 638 familiarem.
894 580 1112 645 misericordem,
1129 585 1248 643 castum,
1274 579 1408 648 sobrium,
1426 581 1455 636 iu
1478 585 1555 640 omni
1569 589 1692 647 clericali

104 676 148 731 llic
159 673 220 729 talis
235 679 264 728 et
276 677 371 727 tantus
382 672 495 726 vircum
510 670 622 743 prediis
635 675 664 726 et
675 669 854 726 facultatibus
895 669 986 724 officio
999 667 1167 724 mirabiliter
1187 668 1349 738 eruditum,
1365 671 1413 741 qui
1428 671 1520 738 ambo,
1540 675 1591 731 Ilei
1610 679 1693 750 adiu-

77 765 104 820 od
117 769 213 820 statum
230 762 432 816 monachorum
446 759 541 816 venire
555 761 704 816 desiderat.
722 760 754 816 In
767 760 854 814 laudo
894 763 977 812 vante
993 757 1107 822 anxilio,
1118 756 1318 829 archiepiscopi
1341 760 1500 818 cantuaria
1513 769 1611 834 postea
1624 783 1692 823 con-

76 854 133 924 juris
146 852 187 908 sui
199 851 248 925 qui
262 850 423 906 Burnerilla
432 850 544 916 dicitur,
558 850 634 905 haud
643 848 764 923 procula
775 847 854 902 Brio-
895 845 994 901 serrati
1005 851 1081 900 sunt.

78 943 122 1008 nio,
138 939 392 1012 rolenscoenobium
407 945 580 1005 construere,
602 939 746 994 ecclesiam
770 936 854 992 residi·
933 935 1043 990 Indead
1055 935 1185 990 eumdem
1198 935 1290 990 locum
1315 936 1480 992 Beccensem
1503 944 1547 995 tot
1567 946 1596 997 et
1619 945 1692 1002 tanti

78 1028 169 1084 coritin
181 1029 288 1083 honore
303 1033 405 1082 sanctae
415 1027 519 1093 Mariae,
541 1026 634 1098 ibique
650 1025 794 1097 religionis
808 1025 857 1078 ha·
897 1024 960 1087 riri,
974 1029 1033 1078 tam
1048 1024 1139 1080 clerici
1154 1040 1237 1096 quarn
1254 1023 1327 1090 laici,
1353 1040 1386 1079 ex
1413 1026 1498 1081 nobili
1520 1045 1623 1100 genere
1633 1034 1694 1089 nati

79 1117 151 1172 bitum
163 1116 285 1188 suscepit
297 1115 332 1170 ab
347 1117 475 1188 episcopo
485 1114 799 1181 Lexoriensi,Herberto
809 1130 857 1167 no-
898 1113 1101 1177 confluxerant
1110 1118 1206 1172 sancto
1217 1112 1353 1168 Herluino
1369 1113 1463 1170 abbati
1480 1117 1548 1171 satis
1562 1118 1694 1176 decenter

79 1209 148 1276 mine,
160 1207 279 1263 maxime
291 1207 448 1262 sanctitatis
463 1208 531 1272 uiro,
541 1206 756 1278 quadragesimo
768 1203 858 1260 aetatis
898 1200 1054 1272 possetdici
1067 1215 1073 1250 :
1084 1219 1097 1253 c
1109 1200 1150 1255 nb
1159 1199 1288 1256 ubertate
1303 1202 1404 1257 domus
1422 1209 1478 1259 tuae
1491 1205 1636 1264 inebriasti
1650 1210 1693 1265 fa·-

80 1315 124 1354 sua
135 1313 211 1364 anno,
227 1297 383 1368 devoteque
392 1297 529 1368 portavit;
541 1295 690 1351 aecmnlto
700 1295 859 1367 postabeo·
899 1287 968 1343 ciem
979 1295 1071 1352 tene,
1089 1293 1117 1343 et
1131 1293 1282 1344 atorrente
1302 1290 1446 1359 snpientia
1462 1308 1559 1348 eorum
1579 1297 1695 1367 replesti

80 1387 130 1440 lem
141 1387 256 1458 praesule
271 1385 401 1440 sacerdos
411 1385 606 1439 ordinatusest
617 1389 646 1438 et
656 1383 742 1438 abbas
756 1381 858 1437 consti·
900 1375 1256 1431 orbemter·rarum.»lnter
1265 1393 1334 1447 quos
1349 1379 1456 1433 exstitit
1464 1380 1579 1451 quidam
1593 1385 1695 1442 nobilis

78 1481 151 1542 tutus,
164 1475 238 1546 quia,
256 1479 372 1546 propter
386 1479 579 1546 paupertatem
594 1473 647 1528 loci
660 1473 744 1540 illius,
766 1469 857 1544 quivis
900 1465 949 1533 vir,
961 1466 1074 1521 nomine
1087 1465 1306 1536 Willelmus,qui
1318 1466 1422 1521 ibidem
1431 1470 1588 1527 ueniensad
1599 1490 1697 1530 mona·

79 1564 135 1618 alius
147 1563 272 1634 regimen
288 1563 378 1634 ipsum
391 1561 504 1618 nolebat
516 1562 668 1634 suscipere.
898 1554 1022 1618 chatum,
1031 1554 1108 1608 dedit
1122 1554 1213 1608 eidem
1226 1555 1396 1609 monasterio
1413 1557 1542 1614 Beccensi
1558 1562 1696 1632 prndium

105 1650 457 1722 Undesciendumestquod
475 1651 505 1705 in
523 1650 621 1704 Galliis
644 1654 706 1704 erat
732 1653 760 1702 et
783 1663 857 1718 quae·
897 1642 944 1697 ubi
959 1642 1100 1715 quondam
1121 1643 1215 1696 fuerat
1242 1644 1444 1698 monasterium
1467 1646 1563 1702 Sancti
1590 1650 1697 1706 Ebrulfi

79 1739 129 1793 dam
142 1739 282 1810 pmvincia
294 1739 360 1794 olim
380 1744 478 1793 vocata
496 1739 638 1800 Neustria,
653 1743 718 1810 post
731 1715 890 1792 uNorth-B
900 1733 976 1804 apud
988 1731 1111 1798 Uticam,
1120 1731 1156 1785 ad
1166 1748 1248 1802 quem
1259 1731 1349 1786 lacurn
1361 1733 1581 1791 habitandumet
1593 1754 1697 1809 procu·

79 1827 180 1894 mannis,
195 1827 247 1898 qui
260 1843 277 1881 a
288 1827 375 1882 Norst
389 1827 503 1897 regione
513 1825 861 1897 venerunt,cognominata
901 1817 1192 1873 ranrlumrenorabilis
1201 1819 1352 1874 llerluinus
1361 1821 1438 1874 misit
1451 1823 1614 1892 praedictum
1622 1825 1698 1882 Lau-

80 1914 276 1978 llorthmannia,
292 1914 320 1969 in
335 1918 443 1984 quaest
458 1914 572 1985 quidam
588 1915 664 1968 locus
685 1913 733 1985 qui
757 1912 860 1967 dicitnr
901 1909 1110 1972 francumcum
1121 1906 1211 1961 tribus
1224 1908 1367 1962 monachis
1387 1910 1580 1968 Beccensibus.
1595 1915 1700 1972 Postea

81 2002 261 2068 Baccanetita
271 2001 435 2056 vocitatusa
450 2002 540 2056 rivulo
563 2001 603 2056 ibi
624 2001 799 2064 decurrente,
811 2000 860 2072 qui
900 1996 974 2051 idem
987 1995 1157 2062 Willelmus,
1182 2000 1211 2049 et
1222 2002 1338 2067 nepotes
1352 1997 1396 2052 sui
1410 1997 1559 2066 Robertus,
1575 2005 1605 2056 et
1615 2003 1699 2075 lingo

80 2091 153 2146 adbuc
170 2090 317 2146 hodiernis
336 2088 509 2161 temporibus
531 2089 654 2145 decurrit
669 2090 750 2160 juxta
766 2107 860 2145 muros
901 2084 935 2138 dc
946 2083 1145 2150 Grentimenti,
1165 2089 1397 2140 restauraverunt
1411 2087 1700 2158 praedictumnronas-

80 2178 138 2250 prali
152 2179 198 2233 ubi
207 2178 367 2233 construxit
393 2178 554 2243 Hermione,
568 2177 615 2248 qui
629 2183 691 2232 erat
705 2177 740 2232 de
757 2194 861 2249 genere
900 2173 1004 2228 terium
1019 2171 1115 2227 Sancti
1128 2170 1244 2239 Ebrulll,
1260 2179 1288 2227 et
1316 2173 1455 2229 dederunt
1477 2177 1600 2232 ecclesiae
1619 2179 1701 2236 Becci
1782 2231 1786 2234 .

80 2267 619 2336 llanomm,secuudamecclesiam,inde
634 2271 761 2321 vocatam
776 2267 861 2322 eccle·
901 2260 996 2315 villam
1021 2259 1152 2314 Russerie
1178 2276 1229 2332 pro
1254 2263 1473 2318 commutatione
1500 2265 1626 2337 praedicti
1646 2267 1701 2324 loci

81 2354 135 2408 sum
146 2356 234 2412 Βοιαὶ,
901 2349 996 2404 Sancti
1005 2347 1107 2406 Ebrulsr
1114 2349 1371 2420 apudtlticumoui
1379 2351 1456 2406 locus
1464 2353 1702 2427 Beccensisquan·

106 2443 194 2498 Tribus
204 2444 245 2498 de
256 2441 349 2499 causis
363 2448 420 2497 tam
431 2458 517 2514 parvo
534 2448 662 2514 tempore
676 2441 779 2496 dicitur
799 2457 860 2495 cre·
901 2443 961 2493 turn
974 2439 1065 2492 adlmc
1095 2437 1199 2492 nostris
1221 2439 1396 2510 temporibus
1410 2440 1555 2498 charitatis
1573 2445 1702 2516 resplen-

80 2529 137 2585 risse
145 2547 197 2587 non
211 2533 307 2587 solum
321 2531 433 2596 divitiis,
449 2531 597 2586 sedetiam
624 2531 768 2602 religione,
784 2529 861 2584 intus
904 2527 970 2581 dest
980 2526 1130 2593 radicibus,
1144 2527 1265 2597 expertis
1275 2527 1468 2584 disserendum
1478 2530 1658 2588 dimittimus.

81 2621 158 2675 studio
169 2620 263 2694 operis
278 2619 338 2686 Dei,
346 2624 375 2675 et
393 2620 500 2675 fervore
512 2619 657 2690 religionis
670 2639 676 2687 ;
689 2619 757 2674 soris
771 2618 864 2674 studio
940 2615 1066 2670 Audiens
1073 2615 1246 2670 Lanfrnucus
1257 2616 1362 2670 sarnam
1369 2607 1699 2700 regionisNorthmanire,

82 2709 217 2777 eharitatis,
230 2709 262 2764 in
290 2725 347 2780 qua
368 2708 461 2780 gratia
482 2709 534 2763 Dei
548 2706 583 2762 ab
597 2707 677 2762 initio
691 2722 865 2779 usqueuunc
906 2721 968 2776 quae
981 2704 1060 2775 prius
1074 2703 1207 2760 Neustria
1222 2703 1376 2766 dicebatur,
1391 2706 1421 2760 in
1444 2709 1647 2779 quaduoatum
1661 2716 1702 2766 te·

82 2797 163 2868 plures
176 2798 297 2854 virtutes
310 2802 379 2852 sunt
391 2797 469 2852 iactae
481 2801 511 2852 et
522 2799 652 2852 ostensae.
907 2791 993 2847 nebat
1004 2791 1180 2847 hereditario
1203 2793 1267 2862 jare
1291 2793 1450 2850 Willelmus
1473 2796 1520 2850 ille
1542 2796 1589 2868 qui
1605 2803 1703 2870 postea

112 2885 332 2942 lloccoenobium
347 2886 383 2940 de
405 2902 461 2957 qno
490 2885 641 2956 loquimur,
659 2885 688 2939 in
711 2884 792 2939 initio
807 2899 864 2938 suae
906 2881 1065 2952 subjugavit
1079 2881 1131 2934 sibi
1145 2886 1234 2934 totam
1250 2881 1381 2952 Angliam
1405 2883 1502 2948 armis,
1518 2885 1608 2940 sciens
1625 2892 1702 2942 certo

83 2971 241 3030 fundationis
255 2972 400 3043 aliquanto
414 2979 541 3044 tempore
555 2972 584 3026 in
608 2973 728 3027 maxima
742 2975 866 3042 egestate
906 2969 998 3023 relatu
1012 2967 1070 3022 illic
1086 2967 1206 3022 multum
1222 2968 1376 3038 collapsum
1392 2970 1515 3025 studium
1537 2971 1703 3030 litleraturae

85 3063 222 3135 etpenuria
231 3063 562 3126 exstitit,utmoneuseos
573 3061 704 3134 probaret
717 3051 864 3128 Dominus,
877 3057 1059 3126 cbarbaricae
1065 3056 1168 3126 gentis,
1178 3061 1206 3110 et
1219 3056 1378 3128 intelligens
1393 3058 1564 3130 providentis
1586 3061 1645 3116 ima
1662 3062 1705 3119 in-

84 3157 107 3204 et
118 3151 257 3224 probando
266 3151 433 3223 impleretur
447 3149 516 3205 illud
530 3151 559 3205 in
578 3151 618 3205 eis
641 3149 693 3204 viri
707 3148 842 3221 sapientis
857 3168 864 3204 ε
908 3145 1061 3216 spiratione
1074 3143 1139 3199 inde
1151 3161 1181 3198 se
1195 3161 1276 3216 posse
1294 3146 1411 3218 adipisci
1426 3149 1562 3218 majorem
1571 3149 1703 3220 gloriam,

85 3239 241 3309 Onncquod
252 3241 417 3309 applicitum
434 3239 486 3292 tibi
498 3239 595 3305 suerit,
607 3238 659 3304 fili,
671 3239 771 3305 accipe,
792 3240 815 3290 et
835 3237 868 3289 in
908 3240 937 3289 et
948 3233 1102 3306 plurimum
1118 3239 1266 3304 quaestum,
1290 3232 1366 3289 venit
1379 3235 1509 3291 illiccnm
1522 3237 1628 3308 paucis.
1649 3239 1706 3296 Sed

84 3327 288 3394 doloresustr'ne,
304 3332 328 3381 et
343 3327 602 3381 inbamtlitatetua
617 3323 867 3394 patientia-maore,
908 3321 1708 3394 antequamperuenissetadnotitlammultorum,attraxit
1763 3322 1768 3332 ’

84 3419 202 3483 qnoniam
212 3419 319 3484 intona
325 3417 572 3485 proboluraurtnn
581 3416 769 3482 clamantum:
780 3413 869 3468 bomi-
908 3411 989 3466 illum
1003 3410 1038 3464 ad
1053 3427 1083 3464 se
1089 3409 1137 3480 qui
1143 3408 1263 3466 Paulum
1274 3411 1382 3466 vocavit
1396 3413 1431 3467 de
1445 3414 1586 3480 coelo,hoc
1598 3415 1682 3471 modo
1696 3433 1705 3472 t

84 3516 120 3556 aa
132 3521 189 3559 aero
203 3505 375 3574 receptibiles
389 3505 421 3557 in
436 3505 547 3557 camino
561 3503 770 3556 bumiliationis
786 3502 868 3570 (dccl.
909 3499 1037 3564 Quadam
1050 3498 1106 3564 dic,
1122 3499 1189 3553 dum
1209 3498 1264 3553 iter
1283 3505 1380 3570 ageret
1389 3503 1466 3556 solus
1479 3519 1544 3557 cum
1557 3519 1614 3558 nno
1624 3505 1707 3559 scho-

84 3602 109 3656 ιι,
117 3591 141 3656 l,
156 3591 193 3659 5).
209 3592 248 3646 Et
262 3596 295 3645 ut
308 3588 590 3660 ostenderetnrquod
612 3588 661 3643 illa
673 3589 799 3644 fundatio
812 3605 869 3643 non
910 3587 975 3654 lari,
991 3586 1091 3641 incidit
1103 3587 1276 3654 inlatrones,
1294 3588 1352 3660 qui,
1380 3595 1409 3643 et
1431 3590 1592 3646 auferentes
1611 3591 1709 3647 omnia

84 3683 133 3732 emt
146 3696 175 3734 ex
186 3678 315 3744 homine,
326 3677 375 3734 sed
389 3695 422 3733 ex
436 3677 484 3732 illo
499 3677 576 3732 etde
603 3677 663 3748 ipso
684 3677 718 3732 de
733 3693 788 3748 quo
801 3675 869 3731 dicit
911 3693 972 3746 quae
984 3674 1114 3739 habebnt,
1135 3675 1233 3731 sinunt
1244 3674 1333 3743 abire,
1352 3681 1462 3733 lantum
1476 3679 1502 3733 ei
1517 3680 1709 3752 relinquentes

83 3767 220 3837 Apostolus
235 3768 474 3822 :Fundamentum
484 3767 744 3835 aliudne-mopotest
758 3781 868 3836 ponere,
911 3768 1048 3819 vetustam
1060 3763 1238 3829 chlamidem,
1255 3770 1355 3819 cartem
1369 3767 1463 3820 omnia
1476 3783 1572 3823 seeum
1587 3768 1711 3824 retinen·

83 3862 167 3922 preter
178 3859 256 3912 iltud
264 3856 338 3925 quod
342 3857 463 3924 pos-itum
475 3860 524 3921 est,
532 3856 604 3924 quod
611 3854 736 3909 estJesus
743 3854 871 3909 Christus
911 3857 963 3907 tes.
981 3852 1059 3907 'I'unc
1073 3852 1120 3906 ille
1135 3852 1298 3907 recordatus
1313 3858 1357 3907 est
1365 3854 1438 3908 olins
1452 3855 1598 3926 cujusdam
1619 3856 1710 3912 sancti

83 3943 106 4012 (l
113 3944 168 4000 For.
183 3959 229 4012 ιιι,
246 3943 301 4015 ll),
317 3943 409 3998 noluit
422 3949 513 4016 utper
531 3959 612 4014 reges
626 3947 655 3997 et
664 3941 870 4014 principesipsa
910 3939 986 4008 facti,
995 3940 1043 4011 qui
1055 3957 1119 3996 cum
1129 3956 1147 3994 a
1159 3939 1350 4011 Longobardis
1366 3945 1408 4011 (ut
1421 3949 1518 3998 narrat
1530 3944 1628 4000 beatus
1638 3945 1710 4002 Gre-

84 4029 197 4088 tundatio
207 4035 353 4103 ageretur,
362 4032 411 4086 sed
420 4047 470 4103 ρει
483 4030 618 4102 scipsum,
630 4036 660 4085 et
673 4047 723 4102 ρει
735 4028 871 4085 humilem
910 4029 1136 4101 goriuslllltolop.
1151 4031 1198 4083 lit.
1210 4046 1230 4083 ι.
1243 4047 1302 4100 cap.
1312 4029 1439 4096 ditantes
1449 4039 1532 4098 esset,
1542 4039 1571 4088 et
1585 4035 1611 4089 ei
1626 4051 1710 4090 suum

83 4125 107 4174 et
119 4119 262 4177 timentem
281 4118 514 4186 verbasua,sicut
534 4119 660 4191 ipseper
677 4118 873 4174 Isaiamtesta·
913 4117 1054 4172 caballum
1069 4113 1260 4184 abstulissent,
1286 4123 1383 4190 postca
1405 4120 1539 4188 clamans,
1555 4122 1709 4192 flagellum,

1 4243 2 4278 ,
84 4209 248 4267 tordiceus:
265 4209 399 4279 Adqarm
414 4211 560 4279 respiciam
582 4211 640 4263 nisi
664 4208 701 4262 ad
719 4223 874 4278 paoperca·
915 4222 971 4277 quo
986 4220 1089 4276 equum
1102 4202 1202 4260 solitus
1217 4211 1279 4261 erat
1289 4205 1402 4274 minari,
1423 4208 1525 4263 obtulit
1535 4209 1577 4264 eis
1591 4210 1709 4265 diceus:

1 4283 2 4290 ἵ
87 4300 171 4354 lamet
186 4301 344 4355 contritum
368 4298 481 4368 spiritu,
507 4301 532 4352 et
556 4300 716 4352 trementem
738 4311 874 4352 sermones
914 4293 1024 4360 Tollite,
1040 4297 1072 4347 ut
1082 4291 1207 4348 babeatis
1221 4293 1295 4349 uude
1305 4293 1358 4348 hoc
1364 4295 1526 4364 jumentum
1540 4297 1713 4368 minaripos·

1 4415 2 4468 q
86 4393 161 4442 meos?
173 4389 253 4456 (lsai.
261 4400 334 4451 narr,
346 4383 385 4456 i.)
885 4376 987 4438 Dsitis.
1004 4380 1110 4446 Quibus
1123 4381 1217 4448 dictis,
1227 4381 1263 4436 ad
1273 4381 1429 4437 orationem
1441 4384 1569 4455 protinus
1583 4403 1613 4442 se
1622 4387 1712 4443 dedit.

115 4475 184 4530 Nota
198 4475 277 4548 qnod
290 4459 454 4530 Bonnevilla
481 4477 543 4529 erat
555 4471 712 4546 -proprium
724 4472 874 4529 haeredita·
915 4469 959 4525 llli
974 4485 1038 4524 vero
1050 4485 1133 4525 cursu
1144 4469 1241 4542 rapido
1252 4477 1387 4527 reuemut
1410 4472 1445 4527 ad
1466 4473 1581 4528 fluvium
1599 4476 1713 4532 nomine

83 4563 150 4632 pum
161 4563 272 4620 domini
282 4562 421 4630 Herluini,
437 4567 465 4618 et
475 4561 581 4618 ibidem
597 4561 716 4634 primam
728 4560 874 4617 ecclesiam
916 4555 1100 4626 Vulturnum,
1112 4575 1196 4630 quem
1220 4558 1298 4614 nullo
1313 4559 1396 4615 modo
1411 4561 1533 4616 transire
1547 4569 1712 4636 potuerunt,

84 4651 222 4708 edificavit
234 4652 266 4708 in
280 4652 416 4708 honorem
430 4657 533 4706 sanem
548 4651 652 4720 Mariae,
669 4657 698 4707 et
710 4649 813 4706 ibidem
823 4650 875 4706 ha·
915 4661 1036 4718 cumque
1049 4646 1127 4702 nullo
1141 4647 1224 4702 modo
1239 4647 1360 4704 transire
1370 4655 1495 4722 possent,
1515 4650 1716 4708 intellexerunt

1 4769 2 4814 3
83 4737 164 4796 bitum
178 4738 314 4812 suscepit.
519 4739 523 4746 '
915 4735 983 4806 quia
996 4735 1030 4791 e'x
1038 4735 1120 4807 culpa
1131 4751 1216 4806 quam
1226 4752 1306 4791 servo
1318 4737 1370 4792 Dei
1379 4737 1515 4806 fecerant,
1531 4739 1589 4796 ista
1600 4741 1715 4814 dispen-

111 4829 215 4887 lterum
226 4828 295 4902 quia
304 4827 468 4902 campestris
478 4833 507 4904 qt
515 4825 668 4900 inaquosus
675 4833 717 4884 est
724 4828 875 4890 locusmo-
916 4825 963 4880 dio
976 4822 1149 4893 tolerabant;
1167 4824 1326 4895 quistatim
1341 4827 1446 4882 reversi
1460 4843 1516 4883 non
1544 4830 1636 4885 solnm
1654 4831 1717 4886 red·

1 4939 2 4950 2
82 4915 151 4974 nitus
163 4936 216 4992 per
230 4935 360 4990 soporem
373 4916 487 4973 abeata
497 4918 548 4973 Dei
558 4916 693 4989 genitrice
707 4915 876 4984 oeblariain
916 4913 988 4969 dunt
1002 4911 1076 4984 quod
1086 4911 1272 4980 abstulerant,
1282 4913 1331 4968 sed
1343 4915 1429 4969 etiam
1441 4916 1716 4987 ipsumLibertiaum

82 5007 174 5062 sulem
192 5007 231 5063 ad
246 5007 337 5062 rivum
349 5005 399 5077 qui
412 5003 518 5061 Beccus
536 5003 647 5069 dicitur,
664 5005 722 5061 Deo
736 5003 873 5076 adjutore,
916 5002 1034 5057 inuitum
1047 5001 1076 5056 in
1086 5017 1200 5074 equum,
1216 5001 1318 5074 dequo
1333 5003 1529 5074 deposuerant,
1542 5005 1715 5075 levaverant,

83 5097 225 5163 successim
239 5095 336 5167 ibique
349 5094 442 5150 nobile
456 5095 595 5150 aedificare
601 5091 685 5166 coepit
698 5093 727 5149 in
741 5095 876 5149 bonorem
917 5097 945 5146 et
958 5089 1086 5162 protinus
1100 5089 1264 5155 abscedunt,
1276 5095 1304 5145 et
1313 5089 1368 5146 iter
1374 5109 1458 5148 suum
1469 5093 1556 5150 libere
1565 5101 1715 5167 pemgunt.

84 5185 203 5254 ejusdem
223 5184 323 5240 matris
333 5183 447 5240 Domini
460 5182 556 5238 Mane
575 5182 788 5248 monasterium,
803 5180 877 5254 qnod
918 5177 972 5244 Sic,
986 5177 1117 5250 iuquiens
1131 5179 1378 5252 Lanl'rancus,ego
1392 5181 1504 5247 faciam,
1524 5183 1631 5249 redibo,
1647 5184 1717 5239 olle·

84 5269 152 5328 Dens
165 5272 329 5345 perfecitad
348 5272 393 5328 eui
402 5271 523 5328 nominis
535 5270 665 5343 gloriam,
681 5277 710 5327 et
723 5271 878 5326 multorum
917 5283 978 5323 ram
994 5267 1034 5324 eis
1049 5285 1110 5339 quae
1125 5267 1325 5334 deseruerunt,
1336 5273 1365 5324 ct
1378 5285 1441 5324 oum
1456 5271 1508 5324 hoc
1528 5270 1630 5339 fecero,
1650 5271 1717 5327 red·

83 5359 364 5418 hominumsolatium
374 5360 596 5417 etsalntem.Gui
609 5361 728 5416 Deusad
741 5359 878 5416 auxilium
918 5357 986 5412 dent
996 5355 1065 5410 mihi
1080 5356 1176 5412 omnia
1193 5373 1276 5424 mea;
1292 5361 1322 5412 et
1339 5374 1402 5413 curn
1430 5357 1550 5424 lecisset,
1575 5358 1645 5415 nihil
1664 5359 1718 5415 sibi

84 5450 265 5506 etconsilium
276 5450 401 5516 adducit,
413 5450 493 5520 Juxta
518 5448 687 5504 desiderium
713 5448 804 5505 cordis
823 5447 877 5518 sui,
918 5445 1030 5518 profuit,
1047 5443 1097 5500 sed
1108 5446 1139 5501 in
1153 5446 1234 5518 pejus
1243 5445 1428 5518 illiprouenit,
1441 5449 1478 5514 et,
1496 5445 1595 5519 utipse
1608 5447 1719 5505 solebat

84 5535 269 5596 Lanlrancum
277 5539 367 5597 virum
377 5534 879 5609 inliberalibusartibusundecunque
919 5533 1032 5592 referre.
1051 5534 1210 5592 Libertinos
1232 5535 1289 5591 alia
1307 5533 1462 5592 intentione
1479 5534 1552 5606 lecit,
1568 5536 1625 5594 alia
1651 5551 1715 5612 ego.
