3970 6172
238 320 309 382 1³43
761 321 935 380 ARIBONIS
956 321 1196 386 scfioutsulcl
1214 320 1360 382 MUSIGA.
1778 326 1835 384 rar

236 443 405 525 aliquotiens
418 445 523 504 eadem
533 445 716 520 repetitae,rel
724 464 811 520 parva
820 449 978 504 mutatione
988 466 1033 504 ra·
1041 453 1067 512 Α
1076 449 1279 506 consideratur.
1294 449 1373 505 Idem
1383 463 1494 522 quoque
1508 453 1599 508 motus
1608 448 1836 508 tantumfitescen·

235 539 325 606 riatae,
355 561 368 589 e
393 535 582 593 diversitatem
609 553 777 594 neumarum
802 537 943 606 ostendit,
970 539 1037 610 quia
1077 539 1165 594 sione.

235 628 388 686 similitudo
406 629 498 681 malet·
526 631 568 682 esi
596 627 748 692 societatis,
773 632 806 682 ul
828 627 937 682 Tullius
952 627 1032 684 dicii.
1077 637 1113 692 De
1127 639 1319 692 commoditate
1337 641 1472 707 apposita,
1494 642 1520 692 et
1542 639 1613 706 quod
1630 643 1684 692 tam
1698 637 1837 692 mandendo

235 716 400 788 Exemplum
419 715 456 770 sit
468 713 544 769 istud
560 713 613 784 lli)
631 733 637 769 :
655 717 900 771 menesatem...
1307 725 1394 778 quone
1407 709 1588 764 ascendendo
1602 709 1641 776 fir.

272 823 286 859 r
301 804 413 861 Eaedem
428 802 555 875 repetita
565 803 608 858 vel
616 819 703 875 parva
711 805 868 865 mutatione
876 805 998 860 variata.
1019 825 1032 859 r
1109 806 1262 877 Appositus
1281 812 1313 862 ut
1327 805 1494 872 ascensioni,
1510 805 1551 860 ita
1569 810 1611 862 est
1625 803 1747 860 obnoxius
1766 809 1791 860 et
1802 805 1837 860 de·

234 895 512 952 Paterrerascitatm.
525 909 563 947 m.
576 909 598 948 c.
609 894 759 948 mdiorum
768 894 799 950 S.
810 899 866 949 act
875 897 988 950 ratmont
1002 896 1034 950 de
1074 895 1224 962 scensioni,
1235 899 1268 950 ut
1277 897 1343 950 Ecce
1355 912 1401 964 eqo
1417 912 1454 950 m.
1471 896 1505 950 lit
1518 895 1609 949 dicant
1621 897 1706 964 glorio
1720 893 1772 957 tibi,
1784 894 1837 948 linc.

230 986 353 1056 panibus
368 986 491 1052 quinque
505 984 608 1037 millia.
622 999 636 1036 ιι
652 983 686 1038 Et
695 999 759 1038 cum
768 984 915 1056 perpulcre
928 983 1033 1040 suerint
1074 984 1146 1040 item
1159 985 1287 1040 intensus
1303 984 1537 1055 :Beaedicll„qui
1551 987 1643 1038 motus
1652 983 1837 1047 honestiorerit,

235 1072 392 1146 duplicata,
408 1088 422 1123 r
445 1070 526 1142 quasi
540 1071 665 1140 exegesis
687 1075 731 1126 est
758 1076 787 1126 et
806 1072 942 1144 expositio
956 1073 1033 1144 prio·
1074 1075 1098 1128 si
1111 1074 1141 1128 in
1163 1077 1245 1146 proto
1259 1073 1301 1129 ita
1315 1075 1365 1129 fiat
1377 1071 1499 1128 intensio
1517 1090 1523 1126 :
1544 1077 1576 1127 ut
1590 1070 1696 1144 siprior
1708 1074 1791 1141 surgat
1801 1086 1838 1142 per

235 1178 310 1229 rum,
324 1166 471 1233 tamquam
480 1159 504 1214 si
518 1159 829 1216 diceretzliaedemsint
839 1162 975 1233 repetita,
984 1163 1033 1217 sed
1074 1169 1182 1226 tonum,
1212 1162 1358 1235 appositus
1384 1162 1527 1229 ascendat,
1548 1165 1599 1216 aut
1620 1177 1668 1234 per
1689 1159 1838 1214 semitonium

236 1256 382 1308 tuncrum
403 1249 558 1322 perpulcra
573 1249 687 1304 luerint.
706 1270 717 1302 ι
734 1252 770 1306 Et
789 1268 850 1323 quae
865 1251 1034 1323 aliquotiens
1075 1252 1398 1322 trocheicum,i.e.cujus
1409 1252 1524 1322 longum
1535 1250 1595 1306 toni
1609 1247 1840 1323 spatiumbrerese·

237 1342 344 1398 eadem
353 1339 761 1410 transformenturpcrmodos,
775 1342 945 1395 nuthstam
959 1358 1035 1396 nanc
1076 1341 1187 1396 mitonii
1199 1341 1332 1414 praecedit
1349 1359 1354 1394 :
1369 1340 1436 1412 quia
1458 1340 1613 1395 semitonus
1627 1343 1669 1394 est
1683 1337 1784 1410 quidum
1794 1341 1839 1390 tm·

235 1448 259 1487 c.
270 1429 437 1485 semitonius
451 1433 494 1482 est
508 1427 660 1498 utrimque,
677 1427 726 1482 sed
740 1427 842 1484 diversi
856 1429 933 1484 modi
948 1429 1035 1500 quali·
1075 1430 1182 1496 cincius,
1198 1431 1218 1484 i.
1228 1447 1253 1484 ε.
1265 1447 1298 1485 ex
1308 1431 1392 1500 longo
1407 1435 1435 1484 et
1444 1429 1521 1485 brevi
1534 1448 1540 1497 ;
1555 1428 1669 1500 quidam
1687 1425 1804 1481 iambicus
1815 1440 1840 1478 er
1934 1467 1935 1470 ι

235 1518 358 1591 tutisque
365 1517 464 1573 similis
479 1518 596 1572 intensae
610 1522 637 1572 et
644 1517 776 1583 remissa,
791 1522 824 1573 ut
837 1520 887 1586 qai
901 1521 1034 1587 cogitaue-
1075 1518 1162 1586 brevi,
1181 1523 1210 1574 et
1223 1519 1300 1574 velut
1313 1519 1347 1575 Ι).
1364 1519 1395 1573 Ε.
1417 1519 1452 1576 F.
1472 1519 1506 1573 G.
1523 1518 1641 1574 Ditonus
1663 1514 1793 1572 uniformis
1809 1519 1842 1568 est

235 1612 315 1663 ruat.
331 1627 342 1659 r
356 1605 871 1677 Itemutreciprocataneumaeadem
882 1607 926 1660 via
938 1607 1036 1662 redeat
1076 1611 1189 1662 tantum
1204 1605 1380 1678 spondeicus,
1397 1611 1447 1662 eut
1474 1623 1525 1679 per
1550 1605 1719 1661 diatessaron
1737 1619 1779 1658 seu
1798 1602 1842 1656 dia-

236 1713 292 1770 qua
300 1700 434 1751 venerat»
446 1700 477 1750 at
485 1695 586 1764 sydera
599 1699 692 1750 maria
700 1699 841 1750 continear
851 1711 949 1750 arvam
962 1697 1034 1751 Item
1079 1696 1225 1766 pente,sed
1231 1695 1462 1751 diatessarontice
1472 1695 1572 1750 melius
1582 1693 1706 1758 ascendit
1715 1692 1841 1764 appositus,

234 1791 269 1843 ut
279 1785 390 1857 qualem
396 1783 525 1839 habitum
534 1784 578 1840 vel
589 1785 694 1839 lineam
709 1800 767 1839 una
779 1785 848 1840 facit
861 1785 987 1840 saliendo
998 1785 1033 1840 ab
1045 1777 1139 1856 Bquia
1148 1785 1210 1856 ejus
1225 1785 1395 1856 principium
1403 1790 1432 1839 et
1441 1784 1506 1839 finis
1520 1782 1759 1857 proportionaliter
1769 1780 1843 1835 conle-

235 1873 336 1939 acutis,
346 1873 434 1928 talem
447 1873 536 1928 altera
550 1872 685 1928 inclinata
698 1889 714 1928 ε
729 1873 843 1944 regione
859 1877 984 1945 opponat
995 1890 1038 1928 re·
1077 1878 1157 1929 retur
1169 1873 1307 1947 principio
1316 1879 1344 1928 et
1357 1872 1407 1928 fini
1417 1873 1611 1946 praecedentis,
1628 1868 1812 1943 finisprincipio
1823 1873 1844 1922 et

234 1961 398 2034 spondendo
423 1978 440 2016 a
462 1962 604 2034 gravibus,
622 1967 655 2017 ut
679 1980 685 2015 :
713 1962 733 2017 O
747 1963 923 2019 admirabile.
937 1980 949 2015 ι
965 1961 1037 2017 item
1078 1963 1127 2017 fini
1141 1978 1192 2034 per
1203 1961 1376 2018 diatessaron
1391 1967 1421 2017 et
1433 1962 1574 2035 diapente,
1591 1960 1751 2033 principium
1759 1957 1800 2012 fini
1807 1973 1846 2028 per

234 2049 385 2122 aliquando
395 2065 452 2103 unu
466 2047 573 2120 syllaba
587 2064 674 2104 unam
690 2050 732 2105 vel
742 2048 836 2122 plures
851 2049 954 2106 habeat
966 2067 1037 2105 neu·
1079 2055 1189 2106 tonum.
1200 2049 1435 2124 Seddiapenticus
1449 2051 1596 2123 appositus
1608 2055 1715 2106 tantum
1725 2063 1768 2120 per
1779 2046 1846 2100 finem

235 2154 306 2204 mas,
322 2156 335 2190 r
351 2141 384 2192 ut
394 2137 488 2192 laudes
498 2138 550 2193 Deo
558 2153 586 2206 ;‹
600 2137 752 2209 aliquando
763 2154 821 2193 una
833 2140 1038 2210 neumaplures
1080 2139 1131 2194 fini
1146 2140 1329 2213 praecedentis
1342 2140 1493 2212 respondet
1507 2156 1558 2212 per
1570 2136 1780 2212 diapente,antsi
1787 2135 1847 2206 prior

235 2223 377 2282 dividatur
388 2226 418 2280 in
433 2227 567 2299 syllabas,
583 2246 594 2278 r
611 2232 644 2280 ut
658 2225 764 2281 artrica·
775 2242 883 2295 pugna.
1078 2229 1169 2300 surgit
1177 2246 1226 2301 per
1233 2229 1584 2297 trocheium,semitonium
1595 2223 1847 2293 habet..(tt)sedher

270 2315 345 2371 Dicit
357 2315 426 2370 item
441 2315 562 2370 domnus
572 2314 663 2370 auido
680 2333 686 2369 :
701 2311 755 2385 (18)
766 2315 860 2369 Motus
870 2315 960 2370 motui
975 2320 1037 2371 turn
1077 2317 1203 2389 apertius
1217 2333 1247 2372 se
1259 2317 1447 2389 praesentibus
1458 2317 1576 2372 ofierent
1588 2313 1770 2387 colloquendo,
1780 2326 1847 2383 quam

236 2403 291 2459 erit
305 2404 480 2477 praepositus,
496 2403 516 2459 i.
530 2420 555 2459 e.
571 2403 601 2459 in
621 2402 813 2475 superioribus
824 2406 934 2475 positus
951 2423 957 2458 :
974 2410 1036 2460 tum
1077 2404 1572 2471 absentibusscribendo.Quodnobis
1582 2404 1688 2460 inridet
1698 2399 1847 2458 commodum

236 2493 391 2564 appositus,
407 2492 428 2551 i.
445 2509 471 2548 ε.
486 2509 550 2548 cum
565 2493 595 2547 in
610 2491 728 2547 eandem
745 2508 840 2547 rocem
866 2493 950 2548 unius
972 2493 1036 2548 finis
1077 2494 1250 2551 detestabilis
1264 2495 1443 2566 intercapedo
1458 2495 1602 2562 locorum;
1618 2494 1647 2548 in
1671 2493 1726 2547 sola
1736 2489 1801 2546 enim
1814 2487 1847 2542 ul-

237 2582 300 2651 erit,
314 2583 488 2655 alteriusque
501 2583 683 2655 principium:
695 2586 757 2636 tum
769 2582 962 2654 interpositus,
974 2583 993 2638 i.
1009 2600 1035 2638 e.
1077 2586 1147 2639 tima
1160 2588 1241 2656 parte
1262 2585 1316 2638 hoc
1327 2588 1527 2654 argumentum
1538 2582 1713 2654 reliquimus,
1722 2584 1752 2634 ut
1764 2578 1847 2632 melun

239 2671 352 2743 quando
377 2689 451 2727 unus
475 2671 575 2727 modus
594 2671 667 2726 intra
680 2671 769 2726 alium
781 2671 889 2743 positus
903 2679 932 2726 et
944 2673 1037 2727 minus
1078 2687 1129 2724 suo
1139 2672 1266 2726 tetrardo
1276 2673 1444 2728 conveniens
1459 2673 1654 2727 redderemus.
1669 2667 1803 2726 Recordari
1816 2665 1851 2720 de·

237 2763 281 2814 est
293 2759 396 2831 gravis,
407 2760 534 2815 etminus
547 2766 647 2815 acutus
658 2779 665 2827 ;
682 2749 743 2814 tum
756 2760 933 2826 commixtus,
944 2761 973 2814 id
984 2765 1036 2828 est,
1078 2759 1161 2826 betis,
1179 2761 1233 2815 dne
1248 2761 1317 2816 mihi
1328 2760 1711 2826 dilectissime,venerabilem
1721 2757 1850 2813 (luidonem

239 2849 344 2920 partim
357 2849 551 2922 interpositus,
570 2849 734 2921 partimque
751 2849 949 2920 suppositus«
966 2849 1039 2913 Quo·
1079 2848 1191 2904 dixisse.
1208 2850 1266 2906 Has
1278 2850 1376 2921 itaque
1391 2849 1424 2904 V.
1450 2851 1559 2905 vocales
1578 2865 1729 2905 sumamus.
1744 2845 1851 2902 Forsitan

238 2953 302 2992 rum
317 2938 444 3010 exempla
467 2938 540 2996 sicut
550 2939 687 3009 priorum,
702 2955 737 2992 ne
753 2937 918 3009 simplicitas
929 2935 1039 2991 laboret
1080 2938 1284 2994 enimtantum
1303 2938 1433 3012 tribuunt
1454 2939 1613 2996 concordiae
1630 2937 1726 3004 verbis,
1741 2938 1853 3006 quantum

238 3027 610 3099 aliquorumproponemus.
627 3027 722 3082 Motus
732 3025 823 3082 motui
835 3027 889 3081 erit
903 3012 1259 3099 praepcsi-Gconcinentiae
1283 3027 1459 3100 praestabunt
1486 3033 1515 3084 et
1537 3027 1660 3084 neumis.
1685 3025 1855 3098 Supponuntur

235 3117 292 3182 tus,
309 3121 341 3169 ut
356 3133 363 3172 ι
377 3117 493 3174 Claram
504 3118 604 3184 decur;
617 3115 772 3186 appositus,
788 3118 821 3169 nt
834 3132 840 3169 :
857 3117 923 3170 Ecce
936 3131 983 3182 eqo
996 3130 1034 3168 m.
1076 3114 1172 3186 itaque
1186 3115 1290 3171 litteris
1301 3116 1497 3184 monochordi,
1508 3121 1537 3172 et
1551 3115 1622 3187 quia
1635 3115 1668 3170 v.
1679 3119 1781 3170 tantum
1794 3113 1853 3174 sunt,

235 3219 262 3262 a.
279 3202 471 3276 interpositus,
483 3208 516 3259 ut
532 3221 538 3258 :
559 3205 693 3260 Nascetur
708 3205 785 3259 crebis
796 3219 826 3274 ρ.
842 3208 867 3258 et
882 3205 1033 3265 vocabitur,
1076 3205 1189 3260 tamdiu
1203 3209 1377 3277 repetentur,
1395 3206 1485 3261 donec
1499 3205 1654 3278 unicuique
1668 3219 1732 3259 sono
1744 3217 1790 3257 sun
1801 3197 1854 3254 sub·

236 3293 420 3356 Commixtus,
435 3299 468 3349 ut
483 3311 490 3348 ι
506 3295 527 3350 Α
541 3294 646 3348 destris
660 3294 753 3347 Patris
769 3296 819 3362 qut
831 3309 854 3347 s.
871 3309 893 3346 s.
912 3309 949 3349 m.
965 3307 995 3346 a.
1011 3308 1033 3346 s.
1076 3293 1217 3349 scribatur
1230 3295 1344 3362 vocalis,
1361 3296 1436 3350 etad
1450 3295 1538 3350 istum
1552 3294 1678 3367 dirigent
1695 3293 1803 3348 modum.

234 3439 272 3493 ⁰⁶
1010 3441 1035 3491 ⁶‘
1074 3470 1244 3616 ιιι
1259 3471 1316 3615 ι
1331 3471 1366 3614 ι
1431 3471 1674 3616 ιιι

269 3649 441 3721 Praepositae
456 3649 511 3704 crit
524 3648 718 3721 opportunior,
735 3647 759 3703 si
771 3647 848 3720 prior
866 3653 965 3718 surgat
983 3665 1034 3720 per
1092 3666 1152 3705 ou.
1169 3666 1186 3704 a
1206 3666 1221 3704 ε
1241 3649 1327 3705 ἱοιι.
1351 3665 1370 3703 a
1449 3648 1656 3705 clanaei
1734 3659 1841 3702 uuae.

233 3740 343 3803 tonum,
361 3741 390 3793 et
409 3737 571 3793 intermisso
590 3736 737 3792 semitonio
752 3736 918 3808 praepositus
929 3737 1032 3792 iterum
1074 3738 1109 3793 Iit
1124 3737 1292 3815 quibusdam
1308 3736 1484 3809 interpositis
1496 3737 1646 3809 subjungit
1662 3757 1667 3792 :
1680 3735 1726 3791 scd
1737 3751 1769 3790 ne
1777 3730 1850 3804 gravis

234 3831 333 3898 surgat
346 3842 397 3899 per
410 3831 520 3893 tonum,
535 3825 602 3897 quia
615 3825 656 3880 ita
669 3824 751 3879 ambo
773 3825 803 3878 in
821 3824 952 3898 diapente
965 3842 1033 3881 con·
1073 3825 1125 3882 tibi
1134 3826 1296 3899 imponatur
1305 3824 1467 3893 necessitas,
1484 3827 1557 3898 quod
1572 3828 1611 3882 ad
1622 3826 1698 3882 hunc
1709 3823 1809 3880 modum
1818 3819 1852 3872 tlt

1727 3375 1853 3450 ebtcd.
1934 3333 1935 3356 i

233 3920 320 3986 stant,
336 3919 389 3971 ut:
406 3915 522 3971 Claram
533 3917 630 3976 decan
646 3918 696 3968 aut
709 3930 759 3985 per
773 3913 902 3969 ditonum
915 3914 1034 3970 tendens
1075 3914 1190 3969 cuilibet
1204 3914 1851 3987 symphoniaeV.aocidantvooes,etipsssmns
1934 3983 1935 3990 ρ

231 4005 400 4078 praepositus
413 4003 449 4059 ad
463 4003 634 4075 principium
653 4002 755 4075 prioris
771 4019 821 4074 per
843 4002 975 4075 diapente
989 3995 1037 4059 rel
1074 4004 1154 4074 gredi
1167 4020 1240 4077 saepe
1255 4005 1291 4058 ad
1301 4008 1397 4060 votum
1416 4021 1472 4060 non
1491 4004 1625 4072 sufficiat,
1637 4008 1670 4059 ut
1684 4001 1734 4058 fibi
1746 3998 1816 4073 paulo
1828 3994 1853 4048 ll·

232 4095 338 4161 sultet;
354 4093 420 4166 quia
438 4091 692 4148 considerationem
702 4091 901 4163 proportionis,
913 4092 924 4146 i
943 4109 967 4146 e.
981 4093 1035 4147 col·
1074 4092 1169 4147 berius
1182 4093 1266 4148 liceat
1279 4093 1390 4163 evagari
1402 4093 1467 4156 ulio,
1480 4092 1550 4146 item
1560 4108 1675 4147 versum
1683 4089 1808 4161 subjunge
1817 4098 1853 4136 vo·

231 4181 346 4239 lationis
360 4182 464 4237 habere
479 4180 613 4237 debemus
636 4180 665 4234 in
689 4179 755 4235 illis.
771 4179 851 4235 Unde
866 4181 1033 4251 praepositus
1075 4183 1188 4236 catium.
1205 4181 1259 4236 Sed
1281 4181 1323 4235 ite
1336 4181 1375 4236 sit
1388 4182 1587 4248 diversus,uta
1604 4180 1689 4237 tertio
1703 4179 1759 4234 loco
1772 4171 1852 4248 prioris

231 4288 282 4344 per
295 4271 472 4326 diatessaron
486 4273 514 4325 et
533 4270 666 4341 diapente
686 4274 795 4324 nonest
809 4268 983 4324 formandus.
1004 4270 1034 4325 Si
1074 4269 1190 4341 incipiat
1202 4269 1256 4324 hoc
1272 4269 1356 4324 modo
1374 4289 1380 4323 :
1395 4271 1460 4324 Ecce
1476 4271 1611 4339 quorreodo
1626 4272 1754 4324 moritur.
1768 4265 1852 4320 onnes
1934 4259 1935 4316 ἶ

231 4367 328 4416 autem
342 4360 420 4432 prior
427 4363 582 4430 surgatper
589 4357 771 4413 semitonium
780 4356 948 4430 interposito
956 4363 1032 4420 tono,
1075 4359 1190 4431 syllaba
1203 4364 1301 4413 contra
1316 4374 1398 4413 suurn
1413 4359 1539 4413 vocalem
1563 4364 1632 4414 sunt
1651 4356 1746 4430 posita
1759 4355 1853 4421 exceptu

231 4449 398 4522 praepositus
416 4447 533 4506 scandat
551 4463 601 4520 per
624 4451 734 4514 tonum,
749 4450 782 4500 ut
805 4445 845 4500 ita
862 4439 1064 4517 principiuml)
1074 4449 1140 4516 baa,
1157 4464 1218 4519 quae
1233 4451 1276 4501 est
1289 4447 1320 4501 in
1334 4448 1459 4512 hauriat,
1473 4447 1574 4502 ultima
1586 4446 1716 4501 videlicet
1724 4443 1798 4512 hujus
1808 4453 1855 4490 rer·

231 4539 293 4609 ejus
312 4543 340 4593 et
354 4537 418 4591 finis
432 4536 468 4590 ad
483 4535 653 4608 principium
676 4534 779 4606 prioris
794 4549 845 4605 per
859 4533 1033 4590 diatessaron
1074 4551 1121 4591 sus
1133 4541 1222 4607 parte,
1239 4535 1306 4606 quia
1318 4536 1374 4590 bau
1391 4533 1504 4607 syllaba
1519 4540 1597 4606 sunt,
1611 4535 1641 4590 h.
1667 4539 1695 4588 et
1717 4547 1744 4586 u.
1758 4535 1784 4586 et
1798 4544 1812 4582 e
1832 4529 1855 4580 et

232 4629 261 4680 et
275 4624 416 4696 diapente,
434 4623 469 4678 ad
484 4623 569 4678 finem
584 4628 680 4678 autem
702 4623 763 4693 ejus
784 4638 835 4692 per
850 4627 947 4677 tonum
962 4624 1033 4678 dito-
1074 4625 1198 4680 musicus
1212 4623 1547 4691 causemtrndit,cnrita
1559 4623 1722 4687 mutaverit,
1736 4618 1854 4692 quiacon·
1934 4629 1935 4654 ³

232 4728 358 4785 numque
369 4712 502 4767 resultet:
520 4711 582 4766 aliis
597 4711 687 4766 modis
699 4710 793 4765 minus
805 4710 860 4766 erit
874 4713 1031 4780 commode,
1073 4713 1230 4768 venientius
1249 4717 1332 4768 sonat
1346 4713 1402 4767 baa
1421 4712 1451 4768 in
1464 4712 1496 4768 F.
1508 4729 1594 4785 quam
1608 4712 1639 4767 in
1654 4711 1687 4767 G.
1701 4725 1759 4782 qua
1771 4710 1854 4762 tetrar-

232 4817 297 4857 cum
307 4799 497 4873 proportionis
506 4799 745 4870 commoditasque
755 4800 966 4856 etconcinentia
976 4818 1033 4857 non
1075 4802 1103 4857 di
1114 4801 1207 4856 finalis
1219 4800 1304 4856 debet
1317 4817 1378 4856 esse
1393 4800 1460 4872 (20).
1525 4879 1526 4884 ἵ

239 4969 259 5008 ω
267 4975 294 4998 ..a
303 4960 330 5005 tal
340 4978 512 4994 -----
519 4979 635 4992 --—
645 4969 1695 5007 ---------------v1---------------
1703 4971 1853 4992 ---·-···

239 5038 259 5079 a
275 5029 1822 5083 a0----·---—---——-—-·------net-sum-ven------------—-

238 5114 258 5149 0
274 5095 1590 5152 s0---·--·--—----------ror-so-----so-·do·cou-—--ra
1593 5113 1854 5136 ------

230 5197 257 5220 ..ι
274 5164 1854 5228 sn--------·-------li----in----------------ni------·-

238 5258 258 5290 o
274 5237 1851 5308 0es----—fre--temperet-ne-—hor-----—-------te--ne---tes-··--··

238 5301 1852 5386 amm-Linguam---nans------tis--------------73at---ta----riat-

239 5397 258 5438 a
275 5377 1854 5438 0a-----1·e-------------------------------nau---

248 5605 254 5619 ·
269 5533 324 5604 (ll)
337 5532 403 5587 Hac
412 5547 476 5615 cum
488 5531 595 5613 notulis
607 5529 742 5602 antiquis,
753 5531 902 5602 sequentia
910 5536 975 5587 sunt
985 5549 1033 5589 an·
1111 5531 1171 5656 (ηρ
1182 5530 1334 5603 Sequentia
1356 5530 1451 5586 omnia
1472 5532 1601 5603 abrupta,
1621 5545 1674 5586 nec
1687 5542 1749 5583 cum
1761 5535 1852 5596 prace-

233 5605 418 5678 trphonarum
432 5609 521 5656 1n1t1a.
1074 5603 1152 5659 dentr
1172 5619 1205 5658 us
1219 5603 1369 5658 coherent.

268 5673 324 5747 (18)
340 5672 407 5730 vid.
419 5672 468 5728 ubi
479 5687 576 5743 supra.
775 5733 776 5736 Ἴ
1112 5672 1169 5744 till)
1178 5674 1248 5730 Vide
1260 5673 1393 5730 tabellam
1407 5674 1438 5731 in
1447 5671 1586 5732 (luidone.
