<?xml version="1.0" encoding="UTF-8"?>
<!DOCTYPE html PUBLIC "-//W3C//DTD XHTML 1.0 Transitional//EN"
    "http://www.w3.org/TR/xhtml1/DTD/xhtml1-transitional.dtd">
<html xmlns="http://www.w3.org/1999/xhtml" xml:lang="en" lang="en">
 <head>
  <title>
</title>
<meta http-equiv="Content-Type" content="text/html;charset=utf-8" />
  <meta name='ocr-system' content='tesseract 3.04.00' />
  <meta name='ocr-capabilities' content='ocr_page ocr_carea ocr_par ocr_line ocrx_word'/>
</head>
<body>
  <div class='ocr_page' id='page_1' title='image "./patrologiaecurs92unkngoog/patrologiaecurs92unkngoog_0295.png"; bbox 0 0 3882 6172; ppageno 0'>
   <div class='ocr_carea' id='block_1_1' title="bbox 239 243 1838 331">
    <p class='ocr_par' dir='ltr' id='par_1_1' title="bbox 239 243 1838 331">
     <span class='ocr_line' id='line_1_1' title="bbox 239 243 1838 331; baseline -0.024 -2"><span class='ocrx_word' id='word_1_1' title='bbox 239 273 291 331; x_wconf 76' lang='lat' dir='ltr'><strong>ars</strong></span> <span class='ocrx_word' id='word_1_2' title='bbox 835 251 952 309; x_wconf 84' lang='lat' dir='ltr'><strong>uuum</strong></span> <span class='ocrx_word' id='word_1_3' title='bbox 971 247 1277 306; x_wconf 74' lang='lat' dir='ltr'><strong>auenniensem</strong></span> <span class='ocrx_word' id='word_1_4' title='bbox 1477 243 1479 246; x_wconf 88' lang='lat'>·</span> <span class='ocrx_word' id='word_1_5' title='bbox 1795 255 1838 314; x_wconf 65' lang='lat'><strong>,80</strong></span> 
     </span>
    </p>
   </div>
   <div class='ocr_carea' id='block_1_2' title="bbox 154 374 1880 5620">
    <p class='ocr_par' dir='ltr' id='par_1_2' title="bbox 154 374 1880 5620">
     <span class='ocr_line' id='line_1_2' title="bbox 238 374 1838 458; baseline -0.015 0"><span class='ocrx_word' id='word_1_6' title='bbox 238 401 281 458; x_wconf 92' lang='lat' dir='ltr'><strong>bit</strong></span> <span class='ocrx_word' id='word_1_7' title='bbox 296 397 435 456; x_wconf 84' lang='lat' dir='ltr'><strong>Rubertus</strong></span> <span class='ocrx_word' id='word_1_8' title='bbox 457 391 491 446; x_wconf 92' lang='lat' dir='ltr'><strong>de</strong></span> <span class='ocrx_word' id='word_1_9' title='bbox 516 388 612 444; x_wconf 81' lang='lat' dir='ltr'><strong>Monte</strong></span> <span class='ocrx_word' id='word_1_10' title='bbox 634 383 662 440; x_wconf 91' lang='lat' dir='ltr'><strong>in</strong></span> <span class='ocrx_word' id='word_1_11' title='bbox 686 379 809 436; x_wconf 75' lang='lat' dir='ltr'><strong>Historia</strong></span> <span class='ocrx_word' id='word_1_12' title='bbox 830 395 882 434; x_wconf 88' lang='lat' dir='ltr'><strong>ms.</strong></span> <span class='ocrx_word' id='word_1_13' title='bbox 908 375 1169 448; x_wconf 81' lang='lat' dir='ltr'><strong>ejusdcmATrado</strong></span> <span class='ocrx_word' id='word_1_14' title='bbox 1181 377 1266 431; x_wconf 88' lang='lat' dir='ltr'><strong>etiam</strong></span> <span class='ocrx_word' id='word_1_15' title='bbox 1277 374 1429 430; x_wconf 91' lang='lat' dir='ltr'><strong>donatione</strong></span> <span class='ocrx_word' id='word_1_16' title='bbox 1450 377 1583 446; x_wconf 88' lang='lat' dir='ltr'><strong>perpetua</strong></span> <span class='ocrx_word' id='word_1_17' title='bbox 1599 376 1740 446; x_wconf 87' lang='lat' dir='ltr'><strong>quamdam</strong></span> <span class='ocrx_word' id='word_1_18' title='bbox 1759 378 1838 434; x_wconf 81' lang='lat' dir='ltr'><strong>nllau</strong></span> 
     </span>
     <span class='ocr_line' id='line_1_3' title="bbox 239 463 1840 549; baseline -0.016 -2"><span class='ocrx_word' id='word_1_19' title='bbox 239 482 413 548; x_wconf 83' lang='lat' dir='ltr'><strong>monasterii,</strong></span> <span class='ocrx_word' id='word_1_20' title='bbox 436 497 451 534; x_wconf 91' lang='lat' dir='ltr'><strong>e</strong></span> <span class='ocrx_word' id='word_1_21' title='bbox 477 493 543 549; x_wconf 90' lang='lat' dir='ltr'><strong>qua,</strong></span> <span class='ocrx_word' id='word_1_22' title='bbox 569 474 637 529; x_wconf 91' lang='lat' dir='ltr'><strong>dum</strong></span> <span class='ocrx_word' id='word_1_23' title='bbox 668 467 841 540; x_wconf 79' lang='lat' dir='ltr'><strong>evulgaverit</strong></span> <span class='ocrx_word' id='word_1_24' title='bbox 863 465 975 536; x_wconf 89' lang='lat' dir='ltr'><strong>quidam</strong></span> <span class='ocrx_word' id='word_1_25' title='bbox 1005 479 1037 518; x_wconf 86' lang='lat' dir='ltr'><strong>ex</strong></span> <span class='ocrx_word' id='word_1_26' title='bbox 1078 465 1162 520; x_wconf 88' lang='lat' dir='ltr'><strong>sitam</strong></span> <span class='ocrx_word' id='word_1_27' title='bbox 1184 465 1213 519; x_wconf 91' lang='lat' dir='ltr'><strong>in</strong></span> <span class='ocrx_word' id='word_1_28' title='bbox 1236 481 1308 535; x_wconf 88' lang='lat' dir='ltr'><strong>pago</strong></span> <span class='ocrx_word' id='word_1_29' title='bbox 1331 463 1506 534; x_wconf 83' lang='lat' dir='ltr'><strong>Bajocasino,</strong></span> <span class='ocrx_word' id='word_1_30' title='bbox 1526 464 1635 518; x_wconf 90' lang='lat' dir='ltr'><strong>nomine</strong></span> <span class='ocrx_word' id='word_1_31' title='bbox 1653 465 1769 532; x_wconf 82' lang='lat' dir='ltr'><strong>Versum,</strong></span> <span class='ocrx_word' id='word_1_32' title='bbox 1787 484 1840 522; x_wconf 92' lang='lat' dir='ltr'><strong>cum</strong></span> 
     </span>
     <span class='ocr_line' id='line_1_4' title="bbox 240 551 1839 640; baseline -0.016 -6"><span class='ocrx_word' id='word_1_33' title='bbox 240 575 354 640; x_wconf 86' lang='lat' dir='ltr'><strong>nostris,</strong></span> <span class='ocrx_word' id='word_1_34' title='bbox 370 586 421 628; x_wconf 89' lang='lat' dir='ltr'><strong>nec</strong></span> <span class='ocrx_word' id='word_1_35' title='bbox 436 583 493 624; x_wconf 89' lang='lat' dir='ltr'><strong>uon</strong></span> <span class='ocrx_word' id='word_1_36' title='bbox 510 582 544 620; x_wconf 84' lang='lat' dir='ltr'><strong>ex</strong></span> <span class='ocrx_word' id='word_1_37' title='bbox 561 559 742 624; x_wconf 80' lang='lat' dir='ltr'><strong>chartulario,</strong></span> <span class='ocrx_word' id='word_1_38' title='bbox 760 557 789 612; x_wconf 92' lang='lat' dir='ltr'><strong>in</strong></span> <span class='ocrx_word' id='word_1_39' title='bbox 802 562 978 610; x_wconf 77' lang='lat' dir='ltr'><strong>antecessum</strong></span> <span class='ocrx_word' id='word_1_40' title='bbox 992 551 1038 605; x_wconf 90' lang='lat' dir='ltr'><strong>de·</strong></span> <span class='ocrx_word' id='word_1_41' title='bbox 1078 553 1155 608; x_wconf 90' lang='lat' dir='ltr'><strong>omni</strong></span> <span class='ocrx_word' id='word_1_42' title='bbox 1166 561 1251 618; x_wconf 90' lang='lat' dir='ltr'><strong>terra,</strong></span> <span class='ocrx_word' id='word_1_43' title='bbox 1268 570 1328 624; x_wconf 86' lang='lat' dir='ltr'><strong>quae</strong></span> <span class='ocrx_word' id='word_1_44' title='bbox 1348 553 1383 607; x_wconf 89' lang='lat' dir='ltr'><strong>ad</strong></span> <span class='ocrx_word' id='word_1_45' title='bbox 1402 570 1464 607; x_wconf 86' lang='lat' dir='ltr'><strong>eam</strong></span> <span class='ocrx_word' id='word_1_46' title='bbox 1479 553 1608 625; x_wconf 73' lang='lat' dir='ltr'><strong>pertinet,</strong></span> <span class='ocrx_word' id='word_1_47' title='bbox 1621 553 1691 607; x_wconf 88' lang='lat' dir='ltr'><strong>culta</strong></span> <span class='ocrx_word' id='word_1_48' title='bbox 1704 559 1731 607; x_wconf 85' lang='lat' dir='ltr'><strong>et</strong></span> <span class='ocrx_word' id='word_1_49' title='bbox 1742 553 1839 620; x_wconf 88' lang='lat' dir='ltr'><strong>inculta,</strong></span> 
     </span>
     <span class='ocr_line' id='line_1_5' title="bbox 241 641 1840 732; baseline -0.018 -7"><span class='ocrx_word' id='word_1_50' title='bbox 241 669 427 726; x_wconf 88' lang='lat' dir='ltr'><strong>scriherenou</strong></span> <span class='ocrx_word' id='word_1_51' title='bbox 438 657 619 732; x_wconf 76' lang='lat' dir='ltr'><strong>gravabimur</strong></span> <span class='ocrx_word' id='word_1_52' title='bbox 632 653 758 708; x_wconf 86' lang='lat' dir='ltr'><strong>chartam</strong></span> <span class='ocrx_word' id='word_1_53' title='bbox 774 647 905 704; x_wconf 87' lang='lat' dir='ltr'><strong>Richardi</strong></span> <span class='ocrx_word' id='word_1_54' title='bbox 918 645 945 702; x_wconf 92' lang='lat' dir='ltr'><strong>ll</strong></span> <span class='ocrx_word' id='word_1_55' title='bbox 959 644 1038 699; x_wconf 87' lang='lat' dir='ltr'><strong>ducis</strong></span> <span class='ocrx_word' id='word_1_56' title='bbox 1078 659 1141 699; x_wconf 89' lang='lat' dir='ltr'><strong>cum</strong></span> <span class='ocrx_word' id='word_1_57' title='bbox 1167 642 1298 708; x_wconf 89' lang='lat' dir='ltr'><strong>ecclesiis,</strong></span> <span class='ocrx_word' id='word_1_58' title='bbox 1320 648 1348 696; x_wconf 88' lang='lat' dir='ltr'><strong>et</strong></span> <span class='ocrx_word' id='word_1_59' title='bbox 1369 642 1537 696; x_wconf 83' lang='lat' dir='ltr'><strong>molendinis</strong></span> <span class='ocrx_word' id='word_1_60' title='bbox 1554 641 1678 696; x_wconf 92' lang='lat' dir='ltr'><strong>omnibus</strong></span> <span class='ocrx_word' id='word_1_61' title='bbox 1699 647 1724 696; x_wconf 89' lang='lat' dir='ltr'><strong>et</strong></span> <span class='ocrx_word' id='word_1_62' title='bbox 1743 643 1840 708; x_wconf 76' lang='lat' dir='ltr'><strong>silvulis,</strong></span> 
     </span>
     <span class='ocr_line' id='line_1_6' title="bbox 240 730 1844 819; baseline -0.017 -5"><span class='ocrx_word' id='word_1_63' title='bbox 240 757 576 819; x_wconf 74' lang='lat' dir='ltr'><strong>Nortbmannorumquoe</strong></span> <span class='ocrx_word' id='word_1_64' title='bbox 583 747 672 800; x_wconf 87' lang='lat' dir='ltr'><strong>instar</strong></span> <span class='ocrx_word' id='word_1_65' title='bbox 679 747 723 796; x_wconf 89' lang='lat' dir='ltr'><strong>est</strong></span> <span class='ocrx_word' id='word_1_66' title='bbox 731 739 847 794; x_wconf 87' lang='lat' dir='ltr'><strong>alterius</strong></span> <span class='ocrx_word' id='word_1_67' title='bbox 854 734 1036 791; x_wconf 84' lang='lat' dir='ltr'><strong>fundationis.</strong></span> <span class='ocrx_word' id='word_1_68' title='bbox 1079 731 1314 801; x_wconf 87' lang='lat' dir='ltr'><strong>medietatemque</strong></span> <span class='ocrx_word' id='word_1_69' title='bbox 1321 730 1391 785; x_wconf 82' lang='lat' dir='ltr'><strong>villae</strong></span> <span class='ocrx_word' id='word_1_70' title='bbox 1407 731 1603 794; x_wconf 83' lang='lat' dir='ltr'><strong>Mondrevillae,</strong></span> <span class='ocrx_word' id='word_1_71' title='bbox 1618 747 1677 800; x_wconf 81' lang='lat' dir='ltr'><strong>que</strong></span> <span class='ocrx_word' id='word_1_72' title='bbox 1684 730 1743 785; x_wconf 89' lang='lat' dir='ltr'><strong>huic</strong></span> <span class='ocrx_word' id='word_1_73' title='bbox 1751 732 1844 802; x_wconf 85' lang='lat' dir='ltr'><strong>adjacet</strong></span> 
     </span>
     <span class='ocr_line' id='line_1_7' title="bbox 240 819 1845 908; baseline -0.016 -7"><span class='ocrx_word' id='word_1_74' title='bbox 240 843 371 904; x_wconf 83' lang='lat' dir='ltr'><strong>Proxime</strong></span> <span class='ocrx_word' id='word_1_75' title='bbox 385 845 415 898; x_wconf 86' lang='lat' dir='ltr'><strong>et</strong></span> <span class='ocrx_word' id='word_1_76' title='bbox 428 838 616 908; x_wconf 77' lang='lat' dir='ltr'><strong>subsequetur</strong></span> <span class='ocrx_word' id='word_1_77' title='bbox 636 827 754 886; x_wconf 87' lang='lat' dir='ltr'><strong>celebris</strong></span> <span class='ocrx_word' id='word_1_78' title='bbox 774 826 851 881; x_wconf 90' lang='lat' dir='ltr'><strong>illius</strong></span> <span class='ocrx_word' id='word_1_79' title='bbox 876 820 1038 879; x_wconf 82' lang='lat' dir='ltr'><strong>monasterii</strong></span> <span class='ocrx_word' id='word_1_80' title='bbox 1078 825 1170 875; x_wconf 84' lang='lat' dir='ltr'><strong>terrae.</strong></span> <span class='ocrx_word' id='word_1_81' title='bbox 1186 820 1328 874; x_wconf 84' lang='lat' dir='ltr'><strong>Oontlrmo</strong></span> <span class='ocrx_word' id='word_1_82' title='bbox 1349 819 1465 890; x_wconf 86' lang='lat' dir='ltr'><strong>insuper</strong></span> <span class='ocrx_word' id='word_1_83' title='bbox 1481 819 1656 874; x_wconf 90' lang='lat' dir='ltr'><strong>donationem</strong></span> <span class='ocrx_word' id='word_1_84' title='bbox 1680 819 1768 874; x_wconf 87' lang='lat' dir='ltr'><strong>matris</strong></span> <span class='ocrx_word' id='word_1_85' title='bbox 1788 836 1845 875; x_wconf 82' lang='lat' dir='ltr'><strong>mee</strong></span> 
     </span>
     <span class='ocr_line' id='line_1_8' title="bbox 241 906 1846 1002; baseline -0.004 -34"><span class='ocrx_word' id='word_1_86' title='bbox 241 933 384 1002; x_wconf 51' lang='lat' dir='ltr'><strong>“mogus</strong></span> <span class='ocrx_word' id='word_1_87' title='bbox 393 927 536 983; x_wconf 58' lang='lat' dir='ltr'><strong>abbatum,</strong></span> <span class='ocrx_word' id='word_1_88' title='bbox 1079 909 1114 963; x_wconf 93' lang='lat' dir='ltr'><strong>de</strong></span> <span class='ocrx_word' id='word_1_89' title='bbox 1126 907 1281 972; x_wconf 90' lang='lat' dir='ltr'><strong>Britavilla‚</strong></span> <span class='ocrx_word' id='word_1_90' title='bbox 1294 924 1378 979; x_wconf 90' lang='lat' dir='ltr'><strong>quam</strong></span> <span class='ocrx_word' id='word_1_91' title='bbox 1397 909 1432 962; x_wconf 91' lang='lat' dir='ltr'><strong>de</strong></span> <span class='ocrx_word' id='word_1_92' title='bbox 1446 921 1497 962; x_wconf 90' lang='lat' dir='ltr'><strong>sno</strong></span> <span class='ocrx_word' id='word_1_93' title='bbox 1511 906 1645 974; x_wconf 88' lang='lat' dir='ltr'><strong>dotalitio,</strong></span> <span class='ocrx_word' id='word_1_94' title='bbox 1663 907 1719 962; x_wconf 89' lang='lat' dir='ltr'><strong>loco</strong></span> <span class='ocrx_word' id='word_1_95' title='bbox 1737 909 1846 979; x_wconf 87' lang='lat' dir='ltr'><strong>superius</strong></span> 
     </span>
     <span class='ocr_line' id='line_1_9' title="bbox 243 996 1845 1078; baseline -0.017 0"><span class='ocrx_word' id='word_1_96' title='bbox 243 997 1037 1078; x_wconf 71' lang='lat' dir='ltr'><strong>ChartaRichards·recundiNortlrmannorumcomitis,</strong></span> <span class='ocrx_word' id='word_1_97' title='bbox 1079 996 1330 1069; x_wconf 90' lang='lat' dir='ltr'><strong>dictoobtulit,pro</strong></span> <span class='ocrx_word' id='word_1_98' title='bbox 1343 996 1845 1068; x_wconf 81' lang='lat' dir='ltr'><strong>patrisnostrisuaquesalute,ncmea,</strong></span> 
     </span>
     <span class='ocr_line' id='line_1_10' title="bbox 278 1081 1848 1178; baseline -0.014 -15"><span class='ocrx_word' id='word_1_99' title='bbox 278 1097 681 1178; x_wconf 80' lang='lat' dir='ltr'><strong>tnqucdonotiunesal’utre</strong></span> <span class='ocrx_word' id='word_1_100' title='bbox 694 1107 746 1146; x_wconf 84' lang='lat' dir='ltr'><strong>auc</strong></span> <span class='ocrx_word' id='word_1_101' title='bbox 759 1087 1039 1146; x_wconf 82' lang='lat' dir='ltr'><strong>Richardocbbatioe</strong></span> <span class='ocrx_word' id='word_1_102' title='bbox 1081 1081 1265 1158; x_wconf 80' lang='lat' dir='ltr'><strong>meorumque</strong></span> <span class='ocrx_word' id='word_1_103' title='bbox 1289 1085 1418 1141; x_wconf 78' lang='lat' dir='ltr'><strong>fratrum.</strong></span> <span class='ocrx_word' id='word_1_104' title='bbox 1438 1085 1556 1141; x_wconf 78' lang='lat' dir='ltr'><strong>villulas</strong></span> <span class='ocrx_word' id='word_1_105' title='bbox 1584 1101 1692 1156; x_wconf 87' lang='lat' dir='ltr'><strong>quoque</strong></span> <span class='ocrx_word' id='word_1_106' title='bbox 1712 1101 1774 1156; x_wconf 88' lang='lat' dir='ltr'><strong>quas</strong></span> <span class='ocrx_word' id='word_1_107' title='bbox 1793 1103 1848 1141; x_wconf 86' lang='lat' dir='ltr'><strong>avus</strong></span> 
     </span>
     <span class='ocr_line' id='line_1_11' title="bbox 282 1174 1849 1260; baseline -0.016 -7"><span class='ocrx_word' id='word_1_108' title='bbox 282 1199 314 1254; x_wconf 84' lang='lat' dir='ltr'><strong>S.</strong></span> <span class='ocrx_word' id='word_1_109' title='bbox 323 1194 472 1251; x_wconf 80' lang='lat' dir='ltr'><strong>Michaelis</strong></span> <span class='ocrx_word' id='word_1_110' title='bbox 479 1191 571 1260; x_wconf 72' lang='lat' dir='ltr'><strong>fuctus</strong></span> <span class='ocrx_word' id='word_1_111' title='bbox 580 1183 745 1254; x_wconf 75' lang='lat' dir='ltr'><strong>confirmat.</strong></span> <span class='ocrx_word' id='word_1_112' title='bbox 755 1180 801 1236; x_wconf 86' lang='lat' dir='ltr'><strong>Uti</strong></span> <span class='ocrx_word' id='word_1_113' title='bbox 809 1179 965 1250; x_wconf 73' lang='lat' dir='ltr'><strong>piriuelepiu</strong></span> <span class='ocrx_word' id='word_1_114' title='bbox 972 1177 1045 1247; x_wconf 79' lang='lat' dir='ltr'><strong>ejus·</strong></span> <span class='ocrx_word' id='word_1_115' title='bbox 1083 1192 1161 1230; x_wconf 88' lang='lat' dir='ltr'><strong>meus</strong></span> <span class='ocrx_word' id='word_1_116' title='bbox 1175 1175 1343 1241; x_wconf 89' lang='lat' dir='ltr'><strong>Willelmus,</strong></span> <span class='ocrx_word' id='word_1_117' title='bbox 1360 1175 1389 1228; x_wconf 94' lang='lat' dir='ltr'><strong>in</strong></span> <span class='ocrx_word' id='word_1_118' title='bbox 1405 1191 1475 1246; x_wconf 87' lang='lat' dir='ltr'><strong>pago</strong></span> <span class='ocrx_word' id='word_1_119' title='bbox 1489 1174 1678 1240; x_wconf 86' lang='lat' dir='ltr'><strong>Abrincatino,</strong></span> <span class='ocrx_word' id='word_1_120' title='bbox 1697 1175 1789 1229; x_wconf 87' lang='lat' dir='ltr'><strong>Sancto</strong></span> <span class='ocrx_word' id='word_1_121' title='bbox 1808 1175 1849 1229; x_wconf 88' lang='lat' dir='ltr'><strong>lli·</strong></span> 
     </span>
     <span class='ocr_line' id='line_1_12' title="bbox 280 1263 1850 1342; baseline -0.013 -5"><span class='ocrx_word' id='word_1_122' title='bbox 280 1286 346 1342; x_wconf 77' lang='lat' dir='ltr'><strong>dem</strong></span> <span class='ocrx_word' id='word_1_123' title='bbox 357 1274 685 1337; x_wconf 77' lang='lat' dir='ltr'><strong>monasteriioidereest.</strong></span> <span class='ocrx_word' id='word_1_124' title='bbox 1083 1265 1172 1320; x_wconf 86' lang='lat' dir='ltr'><strong>cbeeli</strong></span> <span class='ocrx_word' id='word_1_125' title='bbox 1187 1263 1312 1326; x_wconf 88' lang='lat' dir='ltr'><strong>tradidit,</strong></span> <span class='ocrx_word' id='word_1_126' title='bbox 1329 1264 1376 1319; x_wconf 89' lang='lat' dir='ltr'><strong>sed</strong></span> <span class='ocrx_word' id='word_1_127' title='bbox 1392 1263 1531 1319; x_wconf 73' lang='lat' dir='ltr'><strong>liebertus</strong></span> <span class='ocrx_word' id='word_1_128' title='bbox 1550 1279 1641 1319; x_wconf 90' lang='lat' dir='ltr'><strong>comes</strong></span> <span class='ocrx_word' id='word_1_129' title='bbox 1660 1269 1751 1334; x_wconf 88' lang='lat' dir='ltr'><strong>postea</strong></span> <span class='ocrx_word' id='word_1_130' title='bbox 1762 1263 1785 1316; x_wconf 91' lang='lat' dir='ltr'><strong>vi</strong></span> <span class='ocrx_word' id='word_1_131' title='bbox 1797 1263 1850 1316; x_wconf 88' lang='lat' dir='ltr'><strong>abs-</strong></span> 
     </span>
     <span class='ocr_line' id='line_1_13' title="bbox 280 1351 1849 1430; baseline -0.016 -1"><span class='ocrx_word' id='word_1_132' title='bbox 280 1372 450 1430; x_wconf 79' lang='lat' dir='ltr'><strong>innomine</strong></span> <span class='ocrx_word' id='word_1_133' title='bbox 465 1371 572 1422; x_wconf 84' lang='lat' dir='ltr'><strong>acnctoe</strong></span> <span class='ocrx_word' id='word_1_134' title='bbox 587 1369 613 1416; x_wconf 85' lang='lat' dir='ltr'><strong>et</strong></span> <span class='ocrx_word' id='word_1_135' title='bbox 630 1358 791 1416; x_wconf 78' lang='lat' dir='ltr'><strong>individuae</strong></span> <span class='ocrx_word' id='word_1_136' title='bbox 806 1356 971 1421; x_wconf 81' lang='lat' dir='ltr'><strong>Trinitatis,</strong></span> <span class='ocrx_word' id='word_1_137' title='bbox 984 1355 1041 1410; x_wconf 84' lang='lat' dir='ltr'><strong>Pa·</strong></span> <span class='ocrx_word' id='word_1_138' title='bbox 1082 1354 1157 1420; x_wconf 88' lang='lat' dir='ltr'><strong>tulit,</strong></span> <span class='ocrx_word' id='word_1_139' title='bbox 1173 1351 1269 1419; x_wconf 89' lang='lat' dir='ltr'><strong>reddo,</strong></span> <span class='ocrx_word' id='word_1_140' title='bbox 1286 1368 1348 1424; x_wconf 78' lang='lat' dir='ltr'><strong>quae</strong></span> <span class='ocrx_word' id='word_1_141' title='bbox 1359 1352 1566 1408; x_wconf 87' lang='lat' dir='ltr'><strong>hisvocitnntur</strong></span> <span class='ocrx_word' id='word_1_142' title='bbox 1578 1351 1732 1407; x_wconf 89' lang='lat' dir='ltr'><strong>notionibus</strong></span> <span class='ocrx_word' id='word_1_143' title='bbox 1747 1352 1849 1416; x_wconf 79' lang='lat' dir='ltr'><strong>llaldrei,</strong></span> 
     </span>
     <span class='ocr_line' id='line_1_14' title="bbox 247 1439 1852 1528; baseline -0.015 -10"><span class='ocrx_word' id='word_1_144' title='bbox 247 1463 312 1528; x_wconf 85' lang='lat' dir='ltr'><strong>tris,</strong></span> <span class='ocrx_word' id='word_1_145' title='bbox 326 1466 352 1516; x_wconf 79' lang='lat' dir='ltr'><strong>et</strong></span> <span class='ocrx_word' id='word_1_146' title='bbox 365 1458 449 1520; x_wconf 81' lang='lat' dir='ltr'><strong>Filii,</strong></span> <span class='ocrx_word' id='word_1_147' title='bbox 464 1461 491 1510; x_wconf 81' lang='lat' dir='ltr'><strong>et</strong></span> <span class='ocrx_word' id='word_1_148' title='bbox 506 1448 746 1524; x_wconf 82' lang='lat' dir='ltr'><strong>Spirilueaancti.</strong></span> <span class='ocrx_word' id='word_1_149' title='bbox 759 1448 860 1522; x_wconf 79' lang='lat' dir='ltr'><strong>Anien.</strong></span> <span class='ocrx_word' id='word_1_150' title='bbox 1083 1441 1189 1506; x_wconf 86' lang='lat' dir='ltr'><strong>Carcei,</strong></span> <span class='ocrx_word' id='word_1_151' title='bbox 1206 1441 1350 1505; x_wconf 85' lang='lat' dir='ltr'><strong>Marrinoi,</strong></span> <span class='ocrx_word' id='word_1_152' title='bbox 1370 1439 1464 1508; x_wconf 87' lang='lat' dir='ltr'><strong>Gurei,</strong></span> <span class='ocrx_word' id='word_1_153' title='bbox 1484 1441 1597 1512; x_wconf 79' lang='lat' dir='ltr'><strong>Forges,</strong></span> <span class='ocrx_word' id='word_1_154' title='bbox 1616 1441 1725 1507; x_wconf 88' lang='lat' dir='ltr'><strong>Sulinei,</strong></span> <span class='ocrx_word' id='word_1_155' title='bbox 1741 1439 1852 1494; x_wconf 84' lang='lat' dir='ltr'><strong>Dumna-</strong></span> 
     </span>
     <span class='ocr_line' id='line_1_15' title="bbox 285 1528 1850 1605; baseline -0.015 0"><span class='ocrx_word' id='word_1_156' title='bbox 285 1570 297 1604; x_wconf 80' lang='lat' dir='ltr'><strong>s</strong></span> <span class='ocrx_word' id='word_1_157' title='bbox 316 1551 534 1605; x_wconf 83' lang='lat' dir='ltr'><strong>Antecessorum</strong></span> <span class='ocrx_word' id='word_1_158' title='bbox 543 1543 703 1596; x_wconf 89' lang='lat' dir='ltr'><strong>nostrorum</strong></span> <span class='ocrx_word' id='word_1_159' title='bbox 717 1532 941 1591; x_wconf 88' lang='lat' dir='ltr'><strong>institutionibus</strong></span> <span class='ocrx_word' id='word_1_160' title='bbox 950 1533 1042 1587; x_wconf 89' lang='lat' dir='ltr'><strong>sanci-</strong></span> <span class='ocrx_word' id='word_1_161' title='bbox 1082 1530 1139 1596; x_wconf 90' lang='lat' dir='ltr'><strong>nei,</strong></span> <span class='ocrx_word' id='word_1_162' title='bbox 1163 1531 1260 1598; x_wconf 85' lang='lat' dir='ltr'><strong>Macci,</strong></span> <span class='ocrx_word' id='word_1_163' title='bbox 1282 1531 1391 1596; x_wconf 89' lang='lat' dir='ltr'><strong>Scallei,</strong></span> <span class='ocrx_word' id='word_1_164' title='bbox 1414 1530 1539 1595; x_wconf 82' lang='lat' dir='ltr'><strong>Peleton,</strong></span> <span class='ocrx_word' id='word_1_165' title='bbox 1564 1529 1708 1584; x_wconf 91' lang='lat' dir='ltr'><strong>dimidium</strong></span> <span class='ocrx_word' id='word_1_166' title='bbox 1732 1528 1850 1594; x_wconf 87' lang='lat' dir='ltr'><strong>Gamerei,</strong></span> 
     </span>
     <span class='ocr_line' id='line_1_16' title="bbox 246 1617 1853 1703; baseline -0.016 -7"><span class='ocrx_word' id='word_1_167' title='bbox 246 1619 1043 1703; x_wconf 86' lang='lat' dir='ltr'><strong>tumdecretumqueestquatenus,siquissuarumtacul-</strong></span> <span class='ocrx_word' id='word_1_168' title='bbox 1083 1619 1247 1690; x_wconf 86' lang='lat' dir='ltr'><strong>Verguncei,</strong></span> <span class='ocrx_word' id='word_1_169' title='bbox 1271 1619 1392 1686; x_wconf 87' lang='lat' dir='ltr'><strong>Mannei,</strong></span> <span class='ocrx_word' id='word_1_170' title='bbox 1417 1620 1510 1674; x_wconf 78' lang='lat' dir='ltr'><strong>Sancti</strong></span> <span class='ocrx_word' id='word_1_171' title='bbox 1530 1619 1645 1674; x_wconf 85' lang='lat' dir='ltr'><strong>loannis</strong></span> <span class='ocrx_word' id='word_1_172' title='bbox 1666 1619 1762 1674; x_wconf 85' lang='lat' dir='ltr'><strong>iterum</strong></span> <span class='ocrx_word' id='word_1_173' title='bbox 1775 1617 1853 1671; x_wconf 89' lang='lat' dir='ltr'><strong>villam</strong></span> 
     </span>
     <span class='ocr_line' id='line_1_17' title="bbox 246 1707 1852 1798; baseline -0.015 -16"><span class='ocrx_word' id='word_1_174' title='bbox 246 1721 718 1798; x_wconf 83' lang='lat' dir='ltr'><strong>tatumquiddamlocosanctnrum</strong></span> <span class='ocrx_word' id='word_1_175' title='bbox 732 1712 825 1777; x_wconf 89' lang='lat' dir='ltr'><strong>alicui,</strong></span> <span class='ocrx_word' id='word_1_176' title='bbox 842 1712 905 1766; x_wconf 77' lang='lat' dir='ltr'><strong>vitae</strong></span> <span class='ocrx_word' id='word_1_177' title='bbox 917 1725 1172 1792; x_wconf 77' lang='lat' dir='ltr'><strong>supernaeBprope</strong></span> <span class='ocrx_word' id='word_1_178' title='bbox 1188 1709 1267 1764; x_wconf 89' lang='lat' dir='ltr'><strong>littus</strong></span> <span class='ocrx_word' id='word_1_179' title='bbox 1282 1708 1367 1764; x_wconf 88' lang='lat' dir='ltr'><strong>maris</strong></span> <span class='ocrx_word' id='word_1_180' title='bbox 1383 1709 1476 1777; x_wconf 87' lang='lat' dir='ltr'><strong>sitam,</strong></span> <span class='ocrx_word' id='word_1_181' title='bbox 1500 1725 1564 1765; x_wconf 89' lang='lat' dir='ltr'><strong>cum</strong></span> <span class='ocrx_word' id='word_1_182' title='bbox 1585 1708 1708 1775; x_wconf 88' lang='lat' dir='ltr'><strong>ecclesia,</strong></span> <span class='ocrx_word' id='word_1_183' title='bbox 1728 1713 1754 1762; x_wconf 89' lang='lat' dir='ltr'><strong>et</strong></span> <span class='ocrx_word' id='word_1_184' title='bbox 1771 1707 1852 1772; x_wconf 86' lang='lat' dir='ltr'><strong>vincis,</strong></span> 
     </span>
     <span class='ocr_line' id='line_1_18' title="bbox 247 1795 1854 1880; baseline -0.016 -6"><span class='ocrx_word' id='word_1_185' title='bbox 247 1831 381 1875; x_wconf 88' lang='lat' dir='ltr'><strong>accensus</strong></span> <span class='ocrx_word' id='word_1_186' title='bbox 401 1826 508 1874; x_wconf 88' lang='lat' dir='ltr'><strong>amora,</strong></span> <span class='ocrx_word' id='word_1_187' title='bbox 534 1805 696 1880; x_wconf 77' lang='lat' dir='ltr'><strong>perenniter</strong></span> <span class='ocrx_word' id='word_1_188' title='bbox 715 1801 913 1874; x_wconf 86' lang='lat' dir='ltr'><strong>possidendum</strong></span> <span class='ocrx_word' id='word_1_189' title='bbox 932 1800 1044 1855; x_wconf 88' lang='lat' dir='ltr'><strong>tradere</strong></span> <span class='ocrx_word' id='word_1_190' title='bbox 1086 1803 1115 1854; x_wconf 89' lang='lat' dir='ltr'><strong>et</strong></span> <span class='ocrx_word' id='word_1_191' title='bbox 1129 1799 1299 1864; x_wconf 89' lang='lat' dir='ltr'><strong>molendino,</strong></span> <span class='ocrx_word' id='word_1_192' title='bbox 1325 1805 1354 1852; x_wconf 90' lang='lat' dir='ltr'><strong>et</strong></span> <span class='ocrx_word' id='word_1_193' title='bbox 1377 1799 1474 1870; x_wconf 87' lang='lat' dir='ltr'><strong>pratis,</strong></span> <span class='ocrx_word' id='word_1_194' title='bbox 1492 1803 1521 1853; x_wconf 87' lang='lat' dir='ltr'><strong>et</strong></span> <span class='ocrx_word' id='word_1_195' title='bbox 1536 1797 1630 1852; x_wconf 91' lang='lat' dir='ltr'><strong>villum</strong></span> <span class='ocrx_word' id='word_1_196' title='bbox 1644 1798 1672 1851; x_wconf 93' lang='lat' dir='ltr'><strong>in</strong></span> <span class='ocrx_word' id='word_1_197' title='bbox 1686 1797 1752 1850; x_wconf 90' lang='lat' dir='ltr'><strong>valle</strong></span> <span class='ocrx_word' id='word_1_198' title='bbox 1765 1795 1854 1850; x_wconf 86' lang='lat' dir='ltr'><strong>castelli</strong></span> 
     </span>
     <span class='ocr_line' id='line_1_19' title="bbox 246 1885 1857 1970; baseline -0.016 -8"><span class='ocrx_word' id='word_1_199' title='bbox 246 1905 375 1970; x_wconf 84' lang='lat' dir='ltr'><strong>volucrit,</strong></span> <span class='ocrx_word' id='word_1_200' title='bbox 399 1901 524 1956; x_wconf 86' lang='lat' dir='ltr'><strong>solemne</strong></span> <span class='ocrx_word' id='word_1_201' title='bbox 548 1893 648 1950; x_wconf 84' lang='lat' dir='ltr'><strong>exinde</strong></span> <span class='ocrx_word' id='word_1_202' title='bbox 672 1892 837 1947; x_wconf 88' lang='lat' dir='ltr'><strong>idonearum</strong></span> <span class='ocrx_word' id='word_1_203' title='bbox 861 1903 1044 1961; x_wconf 86' lang='lat' dir='ltr'><strong>personarum</strong></span> <span class='ocrx_word' id='word_1_204' title='bbox 1085 1887 1233 1952; x_wconf 87' lang='lat' dir='ltr'><strong>Moretoin,</strong></span> <span class='ocrx_word' id='word_1_205' title='bbox 1249 1904 1310 1960; x_wconf 81' lang='lat' dir='ltr'><strong>quae</strong></span> <span class='ocrx_word' id='word_1_206' title='bbox 1328 1886 1650 1959; x_wconf 85' lang='lat' dir='ltr'><strong>diciturllaisnilranger</strong></span> <span class='ocrx_word' id='word_1_207' title='bbox 1663 1887 1712 1954; x_wconf 90' lang='lat' dir='ltr'><strong>do;</strong></span> <span class='ocrx_word' id='word_1_208' title='bbox 1726 1885 1857 1940; x_wconf 88' lang='lat' dir='ltr'><strong>telonium-</strong></span> 
     </span>
     <span class='ocr_line' id='line_1_20' title="bbox 247 1971 1858 2067; baseline -0.016 -17"><span class='ocrx_word' id='word_1_209' title='bbox 247 1977 843 2067; x_wconf 85' lang='lat' dir='ltr'><strong>pluribusastipulationibusfulcitum,utid</strong></span> <span class='ocrx_word' id='word_1_210' title='bbox 852 1977 1045 2032; x_wconf 89' lang='lat' dir='ltr'><strong>inconvulsum</strong></span> <span class='ocrx_word' id='word_1_211' title='bbox 1087 1992 1141 2047; x_wconf 90' lang='lat' dir='ltr'><strong>que</strong></span> <span class='ocrx_word' id='word_1_212' title='bbox 1156 1977 1243 2031; x_wconf 90' lang='lat' dir='ltr'><strong>totius</strong></span> <span class='ocrx_word' id='word_1_213' title='bbox 1257 1975 1384 2038; x_wconf 77' lang='lat' dir='ltr'><strong>abbatiae,</strong></span> <span class='ocrx_word' id='word_1_214' title='bbox 1401 1981 1431 2030; x_wconf 91' lang='lat' dir='ltr'><strong>et</strong></span> <span class='ocrx_word' id='word_1_215' title='bbox 1444 1977 1479 2031; x_wconf 93' lang='lat' dir='ltr'><strong>de</strong></span> <span class='ocrx_word' id='word_1_216' title='bbox 1491 1975 1692 2031; x_wconf 78' lang='lat' dir='ltr'><strong>mercatoribus</strong></span> <span class='ocrx_word' id='word_1_217' title='bbox 1704 1971 1858 2029; x_wconf 87' lang='lat' dir='ltr'><strong>venientibus</strong></span> 
     </span>
     <span class='ocr_line' id='line_1_21' title="bbox 247 2061 1859 2154; baseline -0.014 -17"><span class='ocrx_word' id='word_1_218' title='bbox 247 2083 421 2154; x_wconf 88' lang='lat' dir='ltr'><strong>permaneat,</strong></span> <span class='ocrx_word' id='word_1_219' title='bbox 436 2077 637 2130; x_wconf 88' lang='lat' dir='ltr'><strong>testamentum</strong></span> <span class='ocrx_word' id='word_1_220' title='bbox 656 2069 749 2123; x_wconf 87' lang='lat' dir='ltr'><strong>faciat.</strong></span> <span class='ocrx_word' id='word_1_221' title='bbox 760 2065 956 2121; x_wconf 79' lang='lat' dir='ltr'><strong>Referentibus</strong></span> <span class='ocrx_word' id='word_1_222' title='bbox 971 2065 1045 2119; x_wconf 89' lang='lat' dir='ltr'><strong>enim</strong></span> <span class='ocrx_word' id='word_1_223' title='bbox 1086 2065 1390 2137; x_wconf 85' lang='lat' dir='ltr'><strong>etpertranseuntibus.</strong></span> <span class='ocrx_word' id='word_1_224' title='bbox 1401 2065 1692 2121; x_wconf 83' lang='lat' dir='ltr'><strong>Monasteviumetiam</strong></span> <span class='ocrx_word' id='word_1_225' title='bbox 1699 2062 1786 2120; x_wconf 84' lang='lat' dir='ltr'><strong>Sancti</strong></span> <span class='ocrx_word' id='word_1_226' title='bbox 1797 2061 1859 2117; x_wconf 90' lang='lat' dir='ltr'><strong>Petri</strong></span> 
     </span>
     <span class='ocr_line' id='line_1_22' title="bbox 249 2151 1859 2242; baseline -0.015 -16"><span class='ocrx_word' id='word_1_227' title='bbox 249 2165 464 2242; x_wconf 79' lang='lat' dir='ltr'><strong>quamplurimis</strong></span> <span class='ocrx_word' id='word_1_228' title='bbox 475 2165 578 2218; x_wconf 86' lang='lat' dir='ltr'><strong>sanctae</strong></span> <span class='ocrx_word' id='word_1_229' title='bbox 592 2158 720 2214; x_wconf 82' lang='lat' dir='ltr'><strong>Ecclesiae</strong></span> <span class='ocrx_word' id='word_1_230' title='bbox 730 2156 781 2212; x_wconf 87' lang='lat' dir='ltr'><strong>Dei</strong></span> <span class='ocrx_word' id='word_1_231' title='bbox 790 2153 959 2220; x_wconf 90' lang='lat' dir='ltr'><strong>doctoribus,</strong></span> <span class='ocrx_word' id='word_1_232' title='bbox 976 2154 1046 2209; x_wconf 90' lang='lat' dir='ltr'><strong>divi·</strong></span> <span class='ocrx_word' id='word_1_233' title='bbox 1087 2156 1277 2226; x_wconf 89' lang='lat' dir='ltr'><strong>apostulorum</strong></span> <span class='ocrx_word' id='word_1_234' title='bbox 1287 2153 1431 2227; x_wconf 85' lang='lat' dir='ltr'><strong>principis,</strong></span> <span class='ocrx_word' id='word_1_235' title='bbox 1440 2155 1524 2210; x_wconf 89' lang='lat' dir='ltr'><strong>situm</strong></span> <span class='ocrx_word' id='word_1_236' title='bbox 1535 2155 1564 2210; x_wconf 93' lang='lat' dir='ltr'><strong>in</strong></span> <span class='ocrx_word' id='word_1_237' title='bbox 1576 2156 1663 2210; x_wconf 90' lang='lat' dir='ltr'><strong>latere</strong></span> <span class='ocrx_word' id='word_1_238' title='bbox 1673 2151 1859 2223; x_wconf 86' lang='lat' dir='ltr'><strong>montisipsius,</strong></span> 
     </span>
     <span class='ocr_line' id='line_1_23' title="bbox 249 2241 1862 2323; baseline -0.014 -7"><span class='ocrx_word' id='word_1_239' title='bbox 249 2275 317 2316; x_wconf 89' lang='lat' dir='ltr'><strong>num</strong></span> <span class='ocrx_word' id='word_1_240' title='bbox 327 2257 537 2323; x_wconf 87' lang='lat' dir='ltr'><strong>essereceptum</strong></span> <span class='ocrx_word' id='word_1_241' title='bbox 547 2245 747 2312; x_wconf 65' lang='lat' dir='ltr'><strong>dictaminis</strong></span> <span class='ocrx_word' id='word_1_242' title='bbox 760 2244 849 2299; x_wconf 88' lang='lat' dir='ltr'><strong>nostri</strong></span> <span class='ocrx_word' id='word_1_243' title='bbox 859 2244 1048 2299; x_wconf 89' lang='lat' dir='ltr'><strong>recondantur</strong></span> <span class='ocrx_word' id='word_1_244' title='bbox 1087 2244 1190 2309; x_wconf 90' lang='lat' dir='ltr'><strong>tribuo,</strong></span> <span class='ocrx_word' id='word_1_245' title='bbox 1207 2261 1241 2300; x_wconf 91' lang='lat' dir='ltr'><strong>ea</strong></span> <span class='ocrx_word' id='word_1_246' title='bbox 1255 2245 1315 2316; x_wconf 88' lang='lat' dir='ltr'><strong>lege</strong></span> <span class='ocrx_word' id='word_1_247' title='bbox 1337 2249 1369 2298; x_wconf 92' lang='lat' dir='ltr'><strong>ut</strong></span> <span class='ocrx_word' id='word_1_248' title='bbox 1389 2243 1484 2311; x_wconf 89' lang='lat' dir='ltr'><strong>abbas,</strong></span> <span class='ocrx_word' id='word_1_249' title='bbox 1500 2245 1543 2298; x_wconf 90' lang='lat' dir='ltr'><strong>vel</strong></span> <span class='ocrx_word' id='word_1_250' title='bbox 1559 2243 1688 2299; x_wconf 89' lang='lat' dir='ltr'><strong>monachi</strong></span> <span class='ocrx_word' id='word_1_251' title='bbox 1706 2241 1800 2296; x_wconf 88' lang='lat' dir='ltr'><strong>ibidem</strong></span> <span class='ocrx_word' id='word_1_252' title='bbox 1821 2254 1862 2310; x_wconf 90' lang='lat' dir='ltr'><strong>pro</strong></span> 
     </span>
     <span class='ocr_line' id='line_1_24' title="bbox 248 2329 1863 2410; baseline -0.016 -5"><span class='ocrx_word' id='word_1_253' title='bbox 248 2345 385 2410; x_wconf 86' lang='lat' dir='ltr'><strong>thesauri,</strong></span> <span class='ocrx_word' id='word_1_254' title='bbox 401 2342 450 2399; x_wconf 88' lang='lat' dir='ltr'><strong>ubi</strong></span> <span class='ocrx_word' id='word_1_255' title='bbox 461 2338 551 2395; x_wconf 89' lang='lat' dir='ltr'><strong>omnis</strong></span> <span class='ocrx_word' id='word_1_256' title='bbox 560 2337 650 2392; x_wconf 88' lang='lat' dir='ltr'><strong>aberit</strong></span> <span class='ocrx_word' id='word_1_257' title='bbox 658 2335 750 2390; x_wconf 90' lang='lat' dir='ltr'><strong>furum</strong></span> <span class='ocrx_word' id='word_1_258' title='bbox 760 2333 891 2398; x_wconf 85' lang='lat' dir='ltr'><strong>formido,</strong></span> <span class='ocrx_word' id='word_1_259' title='bbox 902 2331 1048 2403; x_wconf 89' lang='lat' dir='ltr'><strong>omnisque</strong></span> <span class='ocrx_word' id='word_1_260' title='bbox 1088 2349 1161 2400; x_wconf 90' lang='lat' dir='ltr'><strong>mea,</strong></span> <span class='ocrx_word' id='word_1_261' title='bbox 1169 2349 1352 2405; x_wconf 87' lang='lat' dir='ltr'><strong>meorumque</strong></span> <span class='ocrx_word' id='word_1_262' title='bbox 1363 2333 1485 2388; x_wconf 91' lang='lat' dir='ltr'><strong>tiliorum</strong></span> <span class='ocrx_word' id='word_1_263' title='bbox 1493 2334 1584 2390; x_wconf 89' lang='lat' dir='ltr'><strong>salute</strong></span> <span class='ocrx_word' id='word_1_264' title='bbox 1592 2333 1705 2387; x_wconf 88' lang='lat' dir='ltr'><strong>clericos</strong></span> <span class='ocrx_word' id='word_1_265' title='bbox 1714 2329 1863 2386; x_wconf 87' lang='lat' dir='ltr'><strong>constituant</strong></span> 
     </span>
     <span class='ocr_line' id='line_1_25' title="bbox 248 2417 1865 2496; baseline -0.014 -5"><span class='ocrx_word' id='word_1_266' title='bbox 248 2437 390 2492; x_wconf 87' lang='lat' dir='ltr'><strong>tinearum</strong></span> <span class='ocrx_word' id='word_1_267' title='bbox 405 2427 559 2494; x_wconf 87' lang='lat' dir='ltr'><strong>demolitio,</strong></span> <span class='ocrx_word' id='word_1_268' title='bbox 576 2441 692 2496; x_wconf 87' lang='lat' dir='ltr'><strong>esseque</strong></span> <span class='ocrx_word' id='word_1_269' title='bbox 706 2423 846 2494; x_wconf 87' lang='lat' dir='ltr'><strong>quoddam</strong></span> <span class='ocrx_word' id='word_1_270' title='bbox 871 2427 1048 2492; x_wconf 87' lang='lat' dir='ltr'><strong>peccatorum</strong></span> <span class='ocrx_word' id='word_1_271' title='bbox 1090 2437 1159 2492; x_wconf 90' lang='lat' dir='ltr'><strong>quos</strong></span> <span class='ocrx_word' id='word_1_272' title='bbox 1174 2422 1331 2486; x_wconf 87' lang='lat' dir='ltr'><strong>voluerint;</strong></span> <span class='ocrx_word' id='word_1_273' title='bbox 1347 2422 1468 2493; x_wconf 89' lang='lat' dir='ltr'><strong>siquem</strong></span> <span class='ocrx_word' id='word_1_274' title='bbox 1483 2427 1578 2476; x_wconf 89' lang='lat' dir='ltr'><strong>autem</strong></span> <span class='ocrx_word' id='word_1_275' title='bbox 1589 2439 1622 2477; x_wconf 83' lang='lat' dir='ltr'><strong>ex</strong></span> <span class='ocrx_word' id='word_1_276' title='bbox 1636 2421 1690 2476; x_wconf 92' lang='lat' dir='ltr'><strong>illis</strong></span> <span class='ocrx_word' id='word_1_277' title='bbox 1700 2417 1810 2481; x_wconf 90' lang='lat' dir='ltr'><strong>sordide,</strong></span> <span class='ocrx_word' id='word_1_278' title='bbox 1824 2419 1865 2469; x_wconf 90' lang='lat' dir='ltr'><strong>aut</strong></span> 
     </span>
     <span class='ocr_line' id='line_1_26' title="bbox 249 2509 1865 2598; baseline -0.014 -18"><span class='ocrx_word' id='word_1_279' title='bbox 249 2521 444 2598; x_wconf 86' lang='lat' dir='ltr'><strong>purgatorium</strong></span> <span class='ocrx_word' id='word_1_280' title='bbox 463 2518 671 2586; x_wconf 82' lang='lat' dir='ltr'><strong>eleemosynam</strong></span> <span class='ocrx_word' id='word_1_281' title='bbox 683 2531 690 2580; x_wconf 90' lang='lat'>;</span> <span class='ocrx_word' id='word_1_282' title='bbox 704 2517 734 2567; x_wconf 88' lang='lat' dir='ltr'><strong>et</strong></span> <span class='ocrx_word' id='word_1_283' title='bbox 747 2511 821 2583; x_wconf 93' lang='lat' dir='ltr'><strong>quod</strong></span> <span class='ocrx_word' id='word_1_284' title='bbox 844 2511 918 2566; x_wconf 89' lang='lat' dir='ltr'><strong>Deus</strong></span> <span class='ocrx_word' id='word_1_285' title='bbox 938 2509 967 2564; x_wconf 93' lang='lat' dir='ltr'><strong>in</strong></span> <span class='ocrx_word' id='word_1_286' title='bbox 992 2511 1048 2564; x_wconf 90' lang='lat' dir='ltr'><strong>lar·</strong></span> <span class='ocrx_word' id='word_1_287' title='bbox 1089 2511 1265 2582; x_wconf 83' lang='lat' dir='ltr'><strong>negligenter</strong></span> <span class='ocrx_word' id='word_1_288' title='bbox 1278 2527 1323 2565; x_wconf 87' lang='lat' dir='ltr'><strong>res</strong></span> <span class='ocrx_word' id='word_1_289' title='bbox 1334 2517 1437 2566; x_wconf 73' lang='lat' dir='ltr'><strong>sanctae</strong></span> <span class='ocrx_word' id='word_1_290' title='bbox 1446 2511 1496 2566; x_wconf 91' lang='lat' dir='ltr'><strong>Dei</strong></span> <span class='ocrx_word' id='word_1_291' title='bbox 1508 2511 1637 2566; x_wconf 68' lang='lat' dir='ltr'><strong>Ecclesiae</strong></span> <span class='ocrx_word' id='word_1_292' title='bbox 1647 2515 1763 2564; x_wconf 90' lang='lat' dir='ltr'><strong>tractare</strong></span> <span class='ocrx_word' id='word_1_293' title='bbox 1772 2521 1865 2579; x_wconf 80' lang='lat' dir='ltr'><strong>perspe</strong></span> 
     </span>
     <span class='ocr_line' id='line_1_27' title="bbox 249 2593 1866 2684; baseline -0.013 -16"><span class='ocrx_word' id='word_1_294' title='bbox 249 2612 351 2684; x_wconf 88' lang='lat' dir='ltr'><strong>giendo</strong></span> <span class='ocrx_word' id='word_1_295' title='bbox 364 2608 511 2664; x_wconf 83' lang='lat' dir='ltr'><strong>munificos</strong></span> <span class='ocrx_word' id='word_1_296' title='bbox 528 2603 660 2675; x_wconf 87' lang='lat' dir='ltr'><strong>exposcit,</strong></span> <span class='ocrx_word' id='word_1_297' title='bbox 673 2601 722 2672; x_wconf 92' lang='lat' dir='ltr'><strong>qui</strong></span> <span class='ocrx_word' id='word_1_298' title='bbox 733 2617 763 2655; x_wconf 88' lang='lat' dir='ltr'><strong>se</strong></span> <span class='ocrx_word' id='word_1_299' title='bbox 781 2605 920 2671; x_wconf 72' lang='lat' dir='ltr'><strong>preparat</strong></span> <span class='ocrx_word' id='word_1_300' title='bbox 935 2599 1049 2654; x_wconf 89' lang='lat' dir='ltr'><strong>muniti·</strong></span> <span class='ocrx_word' id='word_1_301' title='bbox 1090 2599 1190 2667; x_wconf 86' lang='lat' dir='ltr'><strong>rerint,</strong></span> <span class='ocrx_word' id='word_1_302' title='bbox 1203 2606 1370 2671; x_wconf 88' lang='lat' dir='ltr'><strong>potestatem</strong></span> <span class='ocrx_word' id='word_1_303' title='bbox 1381 2599 1524 2655; x_wconf 86' lang='lat' dir='ltr'><strong>habebunt</strong></span> <span class='ocrx_word' id='word_1_304' title='bbox 1533 2601 1660 2655; x_wconf 89' lang='lat' dir='ltr'><strong>divinum</strong></span> <span class='ocrx_word' id='word_1_305' title='bbox 1674 2597 1789 2653; x_wconf 84' lang='lat' dir='ltr'><strong>cilicium</strong></span> <span class='ocrx_word' id='word_1_306' title='bbox 1798 2593 1821 2650; x_wconf 87' lang='lat' dir='ltr'><strong>ei</strong></span> <span class='ocrx_word' id='word_1_307' title='bbox 1832 2594 1866 2648; x_wconf 95' lang='lat' dir='ltr'><strong>in·</strong></span> 
     </span>
     <span class='ocr_line' id='line_1_28' title="bbox 250 2682 1864 2764; baseline -0.013 -7"><span class='ocrx_word' id='word_1_308' title='bbox 250 2699 455 2758; x_wconf 86' lang='lat' dir='ltr'><strong>cautissimum.</strong></span> <span class='ocrx_word' id='word_1_309' title='bbox 473 2697 562 2750; x_wconf 86' lang='lat' dir='ltr'><strong>Detur</strong></span> <span class='ocrx_word' id='word_1_310' title='bbox 575 2692 661 2764; x_wconf 88' lang='lat' dir='ltr'><strong>igitur</strong></span> <span class='ocrx_word' id='word_1_311' title='bbox 686 2691 744 2745; x_wconf 88' lang='lat' dir='ltr'><strong>Deo</strong></span> <span class='ocrx_word' id='word_1_312' title='bbox 767 2704 823 2743; x_wconf 93' lang='lat' dir='ltr'><strong>non</strong></span> <span class='ocrx_word' id='word_1_313' title='bbox 846 2693 984 2754; x_wconf 86' lang='lat' dir='ltr'><strong>nostruin,</strong></span> <span class='ocrx_word' id='word_1_314' title='bbox 1000 2686 1049 2742; x_wconf 88' lang='lat' dir='ltr'><strong>sed</strong></span> <span class='ocrx_word' id='word_1_315' title='bbox 1089 2688 1252 2755; x_wconf 85' lang='lat' dir='ltr'><strong>terdicendi,</strong></span> <span class='ocrx_word' id='word_1_316' title='bbox 1273 2695 1302 2744; x_wconf 90' lang='lat' dir='ltr'><strong>et</strong></span> <span class='ocrx_word' id='word_1_317' title='bbox 1323 2689 1379 2744; x_wconf 91' lang='lat' dir='ltr'><strong>nisi</strong></span> <span class='ocrx_word' id='word_1_318' title='bbox 1403 2689 1563 2755; x_wconf 85' lang='lat' dir='ltr'><strong>correxerit,</strong></span> <span class='ocrx_word' id='word_1_319' title='bbox 1582 2705 1617 2744; x_wconf 87' lang='lat' dir='ltr'><strong>eo</strong></span> <span class='ocrx_word' id='word_1_320' title='bbox 1641 2682 1864 2756; x_wconf 55' lang='lat' dir='ltr'><strong>&amp;zodepositq</strong></span> 
     </span>
     <span class='ocr_line' id='line_1_29' title="bbox 251 2775 1866 2852; baseline -0.012 -6"><span class='ocrx_word' id='word_1_321' title='bbox 251 2801 343 2846; x_wconf 88' lang='lat' dir='ltr'><strong>suum.</strong></span> <span class='ocrx_word' id='word_1_322' title='bbox 361 2787 434 2852; x_wconf 82' lang='lat' dir='ltr'><strong>Quid</strong></span> <span class='ocrx_word' id='word_1_323' title='bbox 448 2785 523 2840; x_wconf 90' lang='lat' dir='ltr'><strong>euim</strong></span> <span class='ocrx_word' id='word_1_324' title='bbox 538 2782 614 2837; x_wconf 89' lang='lat' dir='ltr'><strong>aliud</strong></span> <span class='ocrx_word' id='word_1_325' title='bbox 628 2795 680 2836; x_wconf 91' lang='lat' dir='ltr'><strong>nos</strong></span> <span class='ocrx_word' id='word_1_326' title='bbox 693 2777 797 2833; x_wconf 85' lang='lat' dir='ltr'><strong>habere</strong></span> <span class='ocrx_word' id='word_1_327' title='bbox 809 2783 951 2850; x_wconf 87' lang='lat' dir='ltr'><strong>putamus,</strong></span> <span class='ocrx_word' id='word_1_328' title='bbox 964 2791 1049 2849; x_wconf 91' lang='lat' dir='ltr'><strong>quam</strong></span> <span class='ocrx_word' id='word_1_329' title='bbox 1089 2777 1175 2832; x_wconf 84' lang='lat' dir='ltr'><strong>aliurn</strong></span> <span class='ocrx_word' id='word_1_330' title='bbox 1190 2779 1220 2832; x_wconf 92' lang='lat' dir='ltr'><strong>in</strong></span> <span class='ocrx_word' id='word_1_331' title='bbox 1232 2778 1308 2834; x_wconf 90' lang='lat' dir='ltr'><strong>illius</strong></span> <span class='ocrx_word' id='word_1_332' title='bbox 1318 2778 1409 2833; x_wconf 89' lang='lat' dir='ltr'><strong>locum</strong></span> <span class='ocrx_word' id='word_1_333' title='bbox 1424 2778 1719 2850; x_wconf 64' lang='lat' dir='ltr'><strong>subroganduomnes</strong></span> <span class='ocrx_word' id='word_1_334' title='bbox 1731 2775 1764 2830; x_wconf 89' lang='lat' dir='ltr'><strong>ad</strong></span> <span class='ocrx_word' id='word_1_335' title='bbox 1777 2779 1866 2846; x_wconf 79' lang='lat' dir='ltr'><strong>posue</strong></span> 
     </span>
     <span class='ocr_line' id='line_1_30' title="bbox 254 2865 1866 2951; baseline -0.014 -16"><span class='ocrx_word' id='word_1_336' title='bbox 254 2875 307 2935; x_wconf 82' lang='lat' dir='ltr'><strong>boo</strong></span> <span class='ocrx_word' id='word_1_337' title='bbox 319 2877 394 2951; x_wconf 89' lang='lat' dir='ltr'><strong>quod</strong></span> <span class='ocrx_word' id='word_1_338' title='bbox 405 2876 441 2930; x_wconf 93' lang='lat' dir='ltr'><strong>ab</strong></span> <span class='ocrx_word' id='word_1_339' title='bbox 453 2891 485 2929; x_wconf 91' lang='lat' dir='ltr'><strong>eo</strong></span> <span class='ocrx_word' id='word_1_340' title='bbox 494 2869 670 2943; x_wconf 79' lang='lat' dir='ltr'><strong>accepimus?</strong></span> <span class='ocrx_word' id='word_1_341' title='bbox 684 2868 828 2925; x_wconf 88' lang='lat' dir='ltr'><strong>tribuatur</strong></span> <span class='ocrx_word' id='word_1_342' title='bbox 845 2867 953 2937; x_wconf 72' lang='lat' dir='ltr'><strong>frigidis</strong></span> <span class='ocrx_word' id='word_1_343' title='bbox 968 2881 1048 2936; x_wconf 81' lang='lat' dir='ltr'><strong>aquae</strong></span> <span class='ocrx_word' id='word_1_344' title='bbox 1090 2882 1167 2920; x_wconf 91' lang='lat' dir='ltr'><strong>mum</strong></span> <span class='ocrx_word' id='word_1_345' title='bbox 1182 2867 1399 2922; x_wconf 89' lang='lat' dir='ltr'><strong>consuetudines</strong></span> <span class='ocrx_word' id='word_1_346' title='bbox 1413 2867 1501 2938; x_wconf 88' lang='lat' dir='ltr'><strong>ipsius</strong></span> <span class='ocrx_word' id='word_1_347' title='bbox 1521 2867 1605 2930; x_wconf 85' lang='lat' dir='ltr'><strong>villae,</strong></span> <span class='ocrx_word' id='word_1_348' title='bbox 1625 2875 1683 2921; x_wconf 89' lang='lat' dir='ltr'><strong>tam</strong></span> <span class='ocrx_word' id='word_1_349' title='bbox 1698 2865 1731 2920; x_wconf 89' lang='lat' dir='ltr'><strong>ad</strong></span> <span class='ocrx_word' id='word_1_350' title='bbox 1744 2879 1785 2918; x_wconf 88' lang='lat' dir='ltr'><strong>me</strong></span> <span class='ocrx_word' id='word_1_351' title='bbox 1796 2877 1866 2934; x_wconf 88' lang='lat' dir='ltr'><strong>quarn</strong></span> 
     </span>
     <span class='ocr_line' id='line_1_31' title="bbox 250 2954 1866 3033; baseline -0.013 -9"><span class='ocrx_word' id='word_1_352' title='bbox 250 2969 330 3033; x_wconf 84' lang='lat' dir='ltr'><strong>calix,</strong></span> <span class='ocrx_word' id='word_1_353' title='bbox 356 2976 389 3021; x_wconf 94' lang='lat' dir='ltr'><strong>ut</strong></span> <span class='ocrx_word' id='word_1_354' title='bbox 409 2970 514 3020; x_wconf 75' lang='lat' dir='ltr'><strong>aterna</strong></span> <span class='ocrx_word' id='word_1_355' title='bbox 537 2959 688 3030; x_wconf 88' lang='lat' dir='ltr'><strong>recipiatur</strong></span> <span class='ocrx_word' id='word_1_356' title='bbox 714 2973 828 3012; x_wconf 90' lang='lat' dir='ltr'><strong>merces.</strong></span> <span class='ocrx_word' id='word_1_357' title='bbox 850 2955 931 3011; x_wconf 84' lang='lat' dir='ltr'><strong>Tanti</strong></span> <span class='ocrx_word' id='word_1_358' title='bbox 955 2955 1048 3009; x_wconf 89' lang='lat' dir='ltr'><strong>valere</strong></span> <span class='ocrx_word' id='word_1_359' title='bbox 1088 2955 1124 3008; x_wconf 86' lang='lat' dir='ltr'><strong>ad</strong></span> <span class='ocrx_word' id='word_1_360' title='bbox 1139 2955 1349 3010; x_wconf 82' lang='lat' dir='ltr'><strong>Abricetensem</strong></span> <span class='ocrx_word' id='word_1_361' title='bbox 1361 2956 1522 3028; x_wconf 78' lang='lat' dir='ltr'><strong>episcopum</strong></span> <span class='ocrx_word' id='word_1_362' title='bbox 1538 2957 1718 3028; x_wconf 85' lang='lat' dir='ltr'><strong>pertinentes,</strong></span> <span class='ocrx_word' id='word_1_363' title='bbox 1734 2954 1866 3008; x_wconf 89' lang='lat' dir='ltr'><strong>sicutsan·</strong></span> 
     </span>
     <span class='ocr_line' id='line_1_32' title="bbox 154 3010 1868 3123; baseline -0.012 -10"><span class='ocrx_word' id='word_1_364' title='bbox 154 3053 158 3060; x_wconf 61' lang='lat'><strong>⁴</strong></span> <span class='ocrx_word' id='word_1_365' title='bbox 251 3055 410 3113; x_wconf 79' lang='lat' dir='ltr'><strong>audivimus</strong></span> <span class='ocrx_word' id='word_1_366' title='bbox 421 3067 539 3123; x_wconf 81' lang='lat' dir='ltr'><strong>regnum</strong></span> <span class='ocrx_word' id='word_1_367' title='bbox 555 3049 605 3104; x_wconf 85' lang='lat' dir='ltr'><strong>Dei</strong></span> <span class='ocrx_word' id='word_1_368' title='bbox 620 3051 756 3119; x_wconf 87' lang='lat' dir='ltr'><strong>quantum</strong></span> <span class='ocrx_word' id='word_1_369' title='bbox 772 3043 917 3100; x_wconf 87' lang='lat' dir='ltr'><strong>habemus.</strong></span> <span class='ocrx_word' id='word_1_370' title='bbox 935 3010 1080 3098; x_wconf 81' lang='lat' dir='ltr'><strong>SutlccitC</strong></span> <span class='ocrx_word' id='word_1_371' title='bbox 1090 3049 1140 3098; x_wconf 76' lang='lat' dir='ltr'><strong>ctae</strong></span> <span class='ocrx_word' id='word_1_372' title='bbox 1154 3045 1294 3101; x_wconf 82' lang='lat' dir='ltr'><strong>memoriae</strong></span> <span class='ocrx_word' id='word_1_373' title='bbox 1313 3051 1394 3117; x_wconf 86' lang='lat' dir='ltr'><strong>pater</strong></span> <span class='ocrx_word' id='word_1_374' title='bbox 1408 3063 1486 3104; x_wconf 90' lang='lat' dir='ltr'><strong>meus</strong></span> <span class='ocrx_word' id='word_1_375' title='bbox 1504 3045 1662 3102; x_wconf 85' lang='lat' dir='ltr'><strong>Richardus</strong></span> <span class='ocrx_word' id='word_1_376' title='bbox 1675 3041 1789 3100; x_wconf 87' lang='lat' dir='ltr'><strong>Romani</strong></span> <span class='ocrx_word' id='word_1_377' title='bbox 1802 3055 1868 3111; x_wconf 83' lang='lat' dir='ltr'><strong>papa</strong></span> 
     </span>
     <span class='ocr_line' id='line_1_33' title="bbox 250 3133 1867 3216; baseline -0.012 -15"><span class='ocrx_word' id='word_1_378' title='bbox 250 3145 342 3201; x_wconf 78' lang='lat' dir='ltr'><strong>viduae</strong></span> <span class='ocrx_word' id='word_1_379' title='bbox 354 3141 497 3216; x_wconf 87' lang='lat' dir='ltr'><strong>quadrans</strong></span> <span class='ocrx_word' id='word_1_380' title='bbox 509 3157 515 3207; x_wconf 79' lang='lat'>3</span> <span class='ocrx_word' id='word_1_381' title='bbox 533 3137 639 3211; x_wconf 89' lang='lat' dir='ltr'><strong>profuit</strong></span> <span class='ocrx_word' id='word_1_382' title='bbox 652 3141 681 3189; x_wconf 91' lang='lat' dir='ltr'><strong>et</strong></span> <span class='ocrx_word' id='word_1_383' title='bbox 691 3135 804 3190; x_wconf 79' lang='lat' dir='ltr'><strong>Zachaeo</strong></span> <span class='ocrx_word' id='word_1_384' title='bbox 816 3133 953 3188; x_wconf 89' lang='lat' dir='ltr'><strong>bonorum</strong></span> <span class='ocrx_word' id='word_1_385' title='bbox 964 3133 1049 3187; x_wconf 92' lang='lat' dir='ltr'><strong>dimi·</strong></span> <span class='ocrx_word' id='word_1_386' title='bbox 1090 3135 1245 3202; x_wconf 88' lang='lat' dir='ltr'><strong>constituit,</strong></span> <span class='ocrx_word' id='word_1_387' title='bbox 1261 3136 1463 3207; x_wconf 88' lang='lat' dir='ltr'><strong>perpetualiter</strong></span> <span class='ocrx_word' id='word_1_388' title='bbox 1474 3135 1660 3208; x_wconf 88' lang='lat' dir='ltr'><strong>possidendas</strong></span> <span class='ocrx_word' id='word_1_389' title='bbox 1678 3133 1775 3196; x_wconf 87' lang='lat' dir='ltr'><strong>tribuo,</strong></span> <span class='ocrx_word' id='word_1_390' title='bbox 1792 3145 1821 3185; x_wconf 90' lang='lat' dir='ltr'><strong>ea</strong></span> <span class='ocrx_word' id='word_1_391' title='bbox 1829 3145 1867 3182; x_wconf 91' lang='lat' dir='ltr'><strong>ra·</strong></span> 
     </span>
     <span class='ocr_line' id='line_1_34' title="bbox 251 3217 1868 3296; baseline -0.011 -6"><span class='ocrx_word' id='word_1_392' title='bbox 251 3234 291 3290; x_wconf 90' lang='lat' dir='ltr'><strong>dii</strong></span> <span class='ocrx_word' id='word_1_393' title='bbox 304 3230 475 3289; x_wconf 81' lang='lat' dir='ltr'><strong>distributio.</strong></span> <span class='ocrx_word' id='word_1_394' title='bbox 492 3227 560 3291; x_wconf 73' lang='lat' dir='ltr'><strong>Quae</strong></span> <span class='ocrx_word' id='word_1_395' title='bbox 575 3225 696 3296; x_wconf 86' lang='lat' dir='ltr'><strong>denique</strong></span> <span class='ocrx_word' id='word_1_396' title='bbox 709 3224 745 3277; x_wconf 91' lang='lat' dir='ltr'><strong>ad</strong></span> <span class='ocrx_word' id='word_1_397' title='bbox 757 3223 784 3277; x_wconf 93' lang='lat' dir='ltr'><strong>id</strong></span> <span class='ocrx_word' id='word_1_398' title='bbox 800 3223 874 3294; x_wconf 92' lang='lat' dir='ltr'><strong>quod</strong></span> <span class='ocrx_word' id='word_1_399' title='bbox 894 3223 1002 3285; x_wconf 87' lang='lat' dir='ltr'><strong>finitur,</strong></span> <span class='ocrx_word' id='word_1_400' title='bbox 1013 3221 1049 3276; x_wconf 85' lang='lat' dir='ltr'><strong>acl</strong></span> <span class='ocrx_word' id='word_1_401' title='bbox 1090 3223 1165 3278; x_wconf 88' lang='lat' dir='ltr'><strong>tione</strong></span> <span class='ocrx_word' id='word_1_402' title='bbox 1176 3229 1208 3278; x_wconf 92' lang='lat' dir='ltr'><strong>ut</strong></span> <span class='ocrx_word' id='word_1_403' title='bbox 1221 3224 1251 3278; x_wconf 91' lang='lat' dir='ltr'><strong>in</strong></span> <span class='ocrx_word' id='word_1_404' title='bbox 1266 3224 1343 3279; x_wconf 90' lang='lat' dir='ltr'><strong>omni</strong></span> <span class='ocrx_word' id='word_1_405' title='bbox 1361 3241 1524 3280; x_wconf 89' lang='lat' dir='ltr'><strong>successura</strong></span> <span class='ocrx_word' id='word_1_406' title='bbox 1537 3223 1720 3296; x_wconf 90' lang='lat' dir='ltr'><strong>generatione</strong></span> <span class='ocrx_word' id='word_1_407' title='bbox 1733 3220 1821 3284; x_wconf 90' lang='lat' dir='ltr'><strong>abbas,</strong></span> <span class='ocrx_word' id='word_1_408' title='bbox 1834 3217 1868 3270; x_wconf 89' lang='lat' dir='ltr'><strong>vel</strong></span> 
     </span>
     <span class='ocr_line' id='line_1_35' title="bbox 251 3307 1869 3395; baseline -0.011 -18"><span class='ocrx_word' id='word_1_409' title='bbox 251 3321 327 3395; x_wconf 91' lang='lat' dir='ltr'><strong>quod</strong></span> <span class='ocrx_word' id='word_1_410' title='bbox 344 3335 401 3375; x_wconf 92' lang='lat' dir='ltr'><strong>non</strong></span> <span class='ocrx_word' id='word_1_411' title='bbox 423 3317 521 3373; x_wconf 87' lang='lat' dir='ltr'><strong>linitur</strong></span> <span class='ocrx_word' id='word_1_412' title='bbox 536 3313 727 3386; x_wconf 85' lang='lat' dir='ltr'><strong>comparatio?</strong></span> <span class='ocrx_word' id='word_1_413' title='bbox 741 3311 852 3368; x_wconf 90' lang='lat' dir='ltr'><strong>Scilicet</strong></span> <span class='ocrx_word' id='word_1_414' title='bbox 865 3328 916 3382; x_wconf 92' lang='lat' dir='ltr'><strong>pro</strong></span> <span class='ocrx_word' id='word_1_415' title='bbox 928 3311 1049 3366; x_wconf 88' lang='lat' dir='ltr'><strong>terrenis</strong></span> <span class='ocrx_word' id='word_1_416' title='bbox 1090 3312 1219 3366; x_wconf 90' lang='lat' dir='ltr'><strong>monachi</strong></span> <span class='ocrx_word' id='word_1_417' title='bbox 1233 3312 1322 3385; x_wconf 89' lang='lat' dir='ltr'><strong>ipsius</strong></span> <span class='ocrx_word' id='word_1_418' title='bbox 1340 3314 1454 3382; x_wconf 89' lang='lat' dir='ltr'><strong>montis,</strong></span> <span class='ocrx_word' id='word_1_419' title='bbox 1471 3331 1568 3370; x_wconf 89' lang='lat' dir='ltr'><strong>omnes</strong></span> <span class='ocrx_word' id='word_1_420' title='bbox 1577 3314 1665 3386; x_wconf 88' lang='lat' dir='ltr'><strong>leges,</strong></span> <span class='ocrx_word' id='word_1_421' title='bbox 1681 3324 1824 3380; x_wconf 88' lang='lat' dir='ltr'><strong>omnesque</strong></span> <span class='ocrx_word' id='word_1_422' title='bbox 1837 3307 1869 3360; x_wconf 77' lang='lat' dir='ltr'><strong>fo</strong></span> 
     </span>
     <span class='ocr_line' id='line_1_36' title="bbox 241 3401 1870 3490; baseline -0.01 -24"><span class='ocrx_word' id='word_1_423' title='bbox 241 3409 385 3490; x_wconf 71' lang='lat' dir='ltr'><strong>¹coelastia,</strong></span> <span class='ocrx_word' id='word_1_424' title='bbox 398 3423 450 3480; x_wconf 84' lang='lat' dir='ltr'><strong>pro</strong></span> <span class='ocrx_word' id='word_1_425' title='bbox 464 3403 598 3478; x_wconf 85' lang='lat' dir='ltr'><strong>perituris</strong></span> <span class='ocrx_word' id='word_1_426' title='bbox 607 3401 709 3457; x_wconf 89' lang='lat' dir='ltr'><strong>mereri</strong></span> <span class='ocrx_word' id='word_1_427' title='bbox 725 3405 869 3472; x_wconf 86' lang='lat' dir='ltr'><strong>perpetua.</strong></span> <span class='ocrx_word' id='word_1_428' title='bbox 1089 3401 1261 3468; x_wconf 89' lang='lat' dir='ltr'><strong>risfacturas,</strong></span> <span class='ocrx_word' id='word_1_429' title='bbox 1291 3403 1454 3458; x_wconf 87' lang='lat' dir='ltr'><strong>clericorum</strong></span> <span class='ocrx_word' id='word_1_430' title='bbox 1477 3420 1510 3458; x_wconf 88' lang='lat' dir='ltr'><strong>ac</strong></span> <span class='ocrx_word' id='word_1_431' title='bbox 1532 3403 1680 3468; x_wconf 88' lang='lat' dir='ltr'><strong>laicomm,</strong></span> <span class='ocrx_word' id='word_1_432' title='bbox 1705 3401 1821 3456; x_wconf 92' lang='lat' dir='ltr'><strong>virorum</strong></span> <span class='ocrx_word' id='word_1_433' title='bbox 1844 3410 1870 3450; x_wconf 86' lang='lat' dir='ltr'><strong>ac</strong></span> 
     </span>
     <span class='ocr_line' id='line_1_37' title="bbox 290 3488 1869 3564; baseline -0.011 -8"><span class='ocrx_word' id='word_1_434' title='bbox 290 3518 304 3556; x_wconf 78' lang='lat' dir='ltr'><strong>t</strong></span> <span class='ocrx_word' id='word_1_435' title='bbox 322 3499 360 3556; x_wconf 85' lang='lat' dir='ltr'><strong>lia</strong></span> <span class='ocrx_word' id='word_1_436' title='bbox 375 3495 478 3553; x_wconf 83' lang='lat' dir='ltr'><strong>stallis</strong></span> <span class='ocrx_word' id='word_1_437' title='bbox 492 3493 593 3550; x_wconf 79' lang='lat' dir='ltr'><strong>divinae</strong></span> <span class='ocrx_word' id='word_1_438' title='bbox 613 3490 788 3547; x_wconf 86' lang='lat' dir='ltr'><strong>auctoritatis</strong></span> <span class='ocrx_word' id='word_1_439' title='bbox 805 3490 938 3546; x_wconf 86' lang='lat' dir='ltr'><strong>incitatus</strong></span> <span class='ocrx_word' id='word_1_440' title='bbox 954 3489 1049 3543; x_wconf 74' lang='lat' dir='ltr'><strong>horta</strong></span> <span class='ocrx_word' id='word_1_441' title='bbox 1089 3489 1237 3546; x_wconf 85' lang='lat' dir='ltr'><strong>mulierum</strong></span> <span class='ocrx_word' id='word_1_442' title='bbox 1251 3491 1375 3562; x_wconf 87' lang='lat' dir='ltr'><strong>ejusdem</strong></span> <span class='ocrx_word' id='word_1_443' title='bbox 1396 3490 1487 3564; x_wconf 86' lang='lat' dir='ltr'><strong>burgi,</strong></span> <span class='ocrx_word' id='word_1_444' title='bbox 1508 3492 1615 3564; x_wconf 88' lang='lat' dir='ltr'><strong>absquo</strong></span> <span class='ocrx_word' id='word_1_445' title='bbox 1632 3489 1771 3547; x_wconf 87' lang='lat' dir='ltr'><strong>calumnia</strong></span> <span class='ocrx_word' id='word_1_446' title='bbox 1789 3488 1869 3556; x_wconf 89' lang='lat' dir='ltr'><strong>cujus·</strong></span> 
     </span>
     <span class='ocr_line' id='line_1_38' title="bbox 252 3571 1870 3658; baseline -0.012 -13"><span class='ocrx_word' id='word_1_447' title='bbox 252 3588 367 3654; x_wconf 89' lang='lat' dir='ltr'><strong>mentis,</strong></span> <span class='ocrx_word' id='word_1_448' title='bbox 380 3602 431 3658; x_wconf 91' lang='lat' dir='ltr'><strong>ego</strong></span> <span class='ocrx_word' id='word_1_449' title='bbox 445 3582 611 3642; x_wconf 85' lang='lat' dir='ltr'><strong>Richardus,</strong></span> <span class='ocrx_word' id='word_1_450' title='bbox 622 3579 714 3652; x_wconf 86' lang='lat' dir='ltr'><strong>gratia</strong></span> <span class='ocrx_word' id='word_1_451' title='bbox 730 3579 780 3634; x_wconf 90' lang='lat' dir='ltr'><strong>Dei</strong></span> <span class='ocrx_word' id='word_1_452' title='bbox 796 3579 862 3645; x_wconf 83' lang='lat' dir='ltr'><strong>dux,</strong></span> <span class='ocrx_word' id='word_1_453' title='bbox 878 3585 907 3633; x_wconf 91' lang='lat' dir='ltr'><strong>et</strong></span> <span class='ocrx_word' id='word_1_454' title='bbox 919 3578 1048 3649; x_wconf 85' lang='lat' dir='ltr'><strong>princeps</strong></span> <span class='ocrx_word' id='word_1_455' title='bbox 1090 3595 1174 3652; x_wconf 89' lang='lat' dir='ltr'><strong>quam</strong></span> <span class='ocrx_word' id='word_1_456' title='bbox 1188 3585 1348 3636; x_wconf 90' lang='lat' dir='ltr'><strong>nostrorum</strong></span> <span class='ocrx_word' id='word_1_457' title='bbox 1368 3597 1570 3647; x_wconf 89' lang='lat' dir='ltr'><strong>successorum,</strong></span> <span class='ocrx_word' id='word_1_458' title='bbox 1587 3597 1640 3638; x_wconf 89' lang='lat' dir='ltr'><strong>seu</strong></span> <span class='ocrx_word' id='word_1_459' title='bbox 1662 3578 1795 3652; x_wconf 63' lang='lat' dir='ltr'><strong>predicta</strong></span> <span class='ocrx_word' id='word_1_460' title='bbox 1809 3571 1870 3630; x_wconf 86' lang='lat' dir='ltr'><strong>sedis</strong></span> 
     </span>
     <span class='ocr_line' id='line_1_39' title="bbox 252 3663 1870 3742; baseline -0.011 -9"><span class='ocrx_word' id='word_1_461' title='bbox 252 3677 522 3737; x_wconf 89' lang='lat' dir='ltr'><strong>Nortbmannorum,</strong></span> <span class='ocrx_word' id='word_1_462' title='bbox 541 3686 637 3742; x_wconf 85' lang='lat' dir='ltr'><strong>poenas</strong></span> <span class='ocrx_word' id='word_1_463' title='bbox 657 3667 760 3724; x_wconf 89' lang='lat' dir='ltr'><strong>inferni</strong></span> <span class='ocrx_word' id='word_1_464' title='bbox 779 3667 894 3738; x_wconf 90' lang='lat' dir='ltr'><strong>cupiens</strong></span> <span class='ocrx_word' id='word_1_465' title='bbox 915 3667 1047 3738; x_wconf 81' lang='lat' dir='ltr'><strong>elingere,</strong></span> <span class='ocrx_word' id='word_1_466' title='bbox 1089 3667 1283 3741; x_wconf 89' lang='lat' dir='ltr'><strong>episcoporum</strong></span> <span class='ocrx_word' id='word_1_467' title='bbox 1292 3669 1463 3741; x_wconf 89' lang='lat' dir='ltr'><strong>possideant,</strong></span> <span class='ocrx_word' id='word_1_468' title='bbox 1477 3674 1506 3724; x_wconf 92' lang='lat' dir='ltr'><strong>et</strong></span> <span class='ocrx_word' id='word_1_469' title='bbox 1519 3685 1639 3741; x_wconf 76' lang='lat' dir='ltr'><strong>quaeque</strong></span> <span class='ocrx_word' id='word_1_470' title='bbox 1653 3665 1812 3738; x_wconf 86' lang='lat' dir='ltr'><strong>corrigenda</strong></span> <span class='ocrx_word' id='word_1_471' title='bbox 1819 3663 1870 3717; x_wconf 83' lang='lat' dir='ltr'><strong>fue-</strong></span> 
     </span>
     <span class='ocr_line' id='line_1_40' title="bbox 253 3751 1869 3839; baseline -0.012 -16"><span class='ocrx_word' id='word_1_472' title='bbox 253 3772 281 3824; x_wconf 88' lang='lat' dir='ltr'><strong>et</strong></span> <span class='ocrx_word' id='word_1_473' title='bbox 292 3764 414 3839; x_wconf 85' lang='lat' dir='ltr'><strong>peradisi</strong></span> <span class='ocrx_word' id='word_1_474' title='bbox 427 3761 533 3834; x_wconf 86' lang='lat' dir='ltr'><strong>gaudia</strong></span> <span class='ocrx_word' id='word_1_475' title='bbox 546 3759 709 3815; x_wconf 87' lang='lat' dir='ltr'><strong>desiderans</strong></span> <span class='ocrx_word' id='word_1_476' title='bbox 724 3755 828 3812; x_wconf 91' lang='lat' dir='ltr'><strong>habere</strong></span> <span class='ocrx_word' id='word_1_477' title='bbox 841 3761 904 3829; x_wconf 90' lang='lat' dir='ltr'><strong>post</strong></span> <span class='ocrx_word' id='word_1_478' title='bbox 918 3761 1047 3822; x_wconf 89' lang='lat' dir='ltr'><strong>mortem,</strong></span> <span class='ocrx_word' id='word_1_479' title='bbox 1090 3757 1156 3817; x_wconf 89' lang='lat' dir='ltr'><strong>n&#39;nt,</strong></span> <span class='ocrx_word' id='word_1_480' title='bbox 1168 3758 1322 3829; x_wconf 88' lang='lat' dir='ltr'><strong>corrigant;</strong></span> <span class='ocrx_word' id='word_1_481' title='bbox 1335 3759 1383 3830; x_wconf 93' lang='lat' dir='ltr'><strong>qui</strong></span> <span class='ocrx_word' id='word_1_482' title='bbox 1394 3759 1417 3814; x_wconf 89' lang='lat' dir='ltr'><strong>si</strong></span> <span class='ocrx_word' id='word_1_483' title='bbox 1428 3759 1457 3813; x_wconf 94' lang='lat' dir='ltr'><strong>in</strong></span> <span class='ocrx_word' id='word_1_484' title='bbox 1471 3758 1565 3829; x_wconf 91' lang='lat' dir='ltr'><strong>aliquo</strong></span> <span class='ocrx_word' id='word_1_485' title='bbox 1575 3755 1754 3814; x_wconf 88' lang='lat' dir='ltr'><strong>rectitudinis</strong></span> <span class='ocrx_word' id='word_1_486' title='bbox 1761 3751 1869 3816; x_wconf 88' lang='lat' dir='ltr'><strong>tramite,</strong></span> 
     </span>
     <span class='ocr_line' id='line_1_41' title="bbox 252 3845 1871 3922; baseline -0.011 -12"><span class='ocrx_word' id='word_1_487' title='bbox 252 3855 312 3914; x_wconf 88' lang='lat' dir='ltr'><strong>loco</strong></span> <span class='ocrx_word' id='word_1_488' title='bbox 329 3853 425 3910; x_wconf 83' lang='lat' dir='ltr'><strong>Sancti</strong></span> <span class='ocrx_word' id='word_1_489' title='bbox 439 3849 600 3922; x_wconf 87' lang='lat' dir='ltr'><strong>archangeli</strong></span> <span class='ocrx_word' id='word_1_490' title='bbox 612 3847 756 3904; x_wconf 80' lang='lat' dir='ltr'><strong>Michaelis</strong></span> <span class='ocrx_word' id='word_1_491' title='bbox 770 3846 825 3901; x_wconf 83' lang='lat' dir='ltr'><strong>site</strong></span> <span class='ocrx_word' id='word_1_492' title='bbox 838 3846 867 3899; x_wconf 95' lang='lat' dir='ltr'><strong>in</strong></span> <span class='ocrx_word' id='word_1_493' title='bbox 881 3850 986 3912; x_wconf 89' lang='lat' dir='ltr'><strong>monte,</strong></span> <span class='ocrx_word' id='word_1_494' title='bbox 1001 3845 1049 3914; x_wconf 92' lang='lat' dir='ltr'><strong>qui</strong></span> <span class='ocrx_word' id='word_1_495' title='bbox 1090 3846 1164 3916; x_wconf 92' lang='lat' dir='ltr'><strong>quod</strong></span> <span class='ocrx_word' id='word_1_496' title='bbox 1175 3847 1288 3917; x_wconf 88' lang='lat' dir='ltr'><strong>quidem</strong></span> <span class='ocrx_word' id='word_1_497' title='bbox 1298 3847 1381 3915; x_wconf 88' lang='lat' dir='ltr'><strong>absit,</strong></span> <span class='ocrx_word' id='word_1_498' title='bbox 1394 3847 1573 3912; x_wconf 82' lang='lat' dir='ltr'><strong>deviaverint,</strong></span> <span class='ocrx_word' id='word_1_499' title='bbox 1587 3863 1720 3902; x_wconf 88' lang='lat' dir='ltr'><strong>curamve</strong></span> <span class='ocrx_word' id='word_1_500' title='bbox 1730 3845 1871 3900; x_wconf 88' lang='lat' dir='ltr'><strong>animarum</strong></span> 
     </span>
     <span class='ocr_line' id='line_1_42' title="bbox 253 3932 1871 4010; baseline -0.008 -12"><span class='ocrx_word' id='word_1_501' title='bbox 253 3939 482 4008; x_wconf 72' lang='lat' dir='ltr'><strong>dicitur‘l&#39;umba,</strong></span> <span class='ocrx_word' id='word_1_502' title='bbox 496 3938 686 4008; x_wconf 75' lang='lat' dir='ltr'><strong>fratribusque</strong></span> <span class='ocrx_word' id='word_1_503' title='bbox 700 3935 803 3990; x_wconf 91' lang='lat' dir='ltr'><strong>ibidem</strong></span> <span class='ocrx_word' id='word_1_504' title='bbox 823 3935 881 3989; x_wconf 87' lang='lat' dir='ltr'><strong>Deo</strong></span> <span class='ocrx_word' id='word_1_505' title='bbox 895 3932 1049 3988; x_wconf 89' lang='lat' dir='ltr'><strong>monastice</strong></span> <span class='ocrx_word' id='word_1_506' title='bbox 1089 3935 1246 3993; x_wconf 89' lang='lat' dir='ltr'><strong>incolarum</strong></span> <span class='ocrx_word' id='word_1_507' title='bbox 1260 3937 1319 3993; x_wconf 91' lang='lat' dir='ltr'><strong>loco</strong></span> <span class='ocrx_word' id='word_1_508' title='bbox 1334 3937 1516 4010; x_wconf 82' lang='lat' dir='ltr'><strong>neglexerint,</strong></span> <span class='ocrx_word' id='word_1_509' title='bbox 1529 3938 1589 4008; x_wconf 85' lang='lat' dir='ltr'><strong>jam</strong></span> <span class='ocrx_word' id='word_1_510' title='bbox 1604 3939 1687 3993; x_wconf 76' lang='lat' dir='ltr'><strong>dictae</strong></span> <span class='ocrx_word' id='word_1_511' title='bbox 1697 3935 1769 3992; x_wconf 87' lang='lat' dir='ltr'><strong>sedis</strong></span> <span class='ocrx_word' id='word_1_512' title='bbox 1779 3933 1871 4005; x_wconf 88' lang='lat' dir='ltr'><strong>episco-</strong></span> 
     </span>
     <span class='ocr_line' id='line_1_43' title="bbox 253 4023 1872 4098; baseline -0.008 -12"><span class='ocrx_word' id='word_1_513' title='bbox 253 4029 463 4094; x_wconf 82' lang='lat' dir='ltr'><strong>famulantibus,</strong></span> <span class='ocrx_word' id='word_1_514' title='bbox 478 4027 560 4083; x_wconf 88' lang='lat' dir='ltr'><strong>trado</strong></span> <span class='ocrx_word' id='word_1_515' title='bbox 572 4026 714 4081; x_wconf 86' lang='lat' dir='ltr'><strong>abbatiam</strong></span> <span class='ocrx_word' id='word_1_516' title='bbox 729 4023 817 4078; x_wconf 89' lang='lat' dir='ltr'><strong>sancti</strong></span> <span class='ocrx_word' id='word_1_517' title='bbox 831 4023 954 4086; x_wconf 88' lang='lat' dir='ltr'><strong>Paterni,</strong></span> <span class='ocrx_word' id='word_1_518' title='bbox 964 4023 1048 4078; x_wconf 88' lang='lat' dir='ltr'><strong>sitam</strong></span> <span class='ocrx_word' id='word_1_519' title='bbox 1089 4041 1151 4098; x_wconf 89' lang='lat' dir='ltr'><strong>pus,</strong></span> <span class='ocrx_word' id='word_1_520' title='bbox 1168 4025 1225 4080; x_wconf 89' lang='lat' dir='ltr'><strong>sive</strong></span> <span class='ocrx_word' id='word_1_521' title='bbox 1237 4026 1327 4082; x_wconf 87' lang='lat' dir='ltr'><strong>Deum</strong></span> <span class='ocrx_word' id='word_1_522' title='bbox 1336 4027 1468 4082; x_wconf 86' lang='lat' dir='ltr'><strong>timentes</strong></span> <span class='ocrx_word' id='word_1_523' title='bbox 1483 4025 1576 4094; x_wconf 89' lang='lat' dir='ltr'><strong>vicini,</strong></span> <span class='ocrx_word' id='word_1_524' title='bbox 1593 4025 1624 4081; x_wconf 91' lang='lat' dir='ltr'><strong>in</strong></span> <span class='ocrx_word' id='word_1_525' title='bbox 1638 4027 1766 4082; x_wconf 87' lang='lat' dir='ltr'><strong>notitiam</strong></span> <span class='ocrx_word' id='word_1_526' title='bbox 1777 4023 1872 4078; x_wconf 86' lang='lat' dir='ltr'><strong>deterre</strong></span> 
     </span>
     <span class='ocr_line' id='line_1_44' title="bbox 251 4112 1873 4193; baseline -0.009 -16"><span class='ocrx_word' id='word_1_527' title='bbox 251 4120 282 4182; x_wconf 85' lang='lat' dir='ltr'><strong>iu</strong></span> <span class='ocrx_word' id='word_1_528' title='bbox 295 4136 367 4193; x_wconf 85' lang='lat' dir='ltr'><strong>pago</strong></span> <span class='ocrx_word' id='word_1_529' title='bbox 377 4115 594 4180; x_wconf 79' lang='lat' dir='ltr'><strong>Constantieuai,</strong></span> <span class='ocrx_word' id='word_1_530' title='bbox 615 4130 679 4169; x_wconf 92' lang='lat' dir='ltr'><strong>curn</strong></span> <span class='ocrx_word' id='word_1_531' title='bbox 691 4112 774 4168; x_wconf 84' lang='lat' dir='ltr'><strong>terris</strong></span> <span class='ocrx_word' id='word_1_532' title='bbox 788 4112 871 4167; x_wconf 91' lang='lat' dir='ltr'><strong>cultis</strong></span> <span class='ocrx_word' id='word_1_533' title='bbox 884 4118 912 4167; x_wconf 92' lang='lat' dir='ltr'><strong>et</strong></span> <span class='ocrx_word' id='word_1_534' title='bbox 925 4112 1047 4181; x_wconf 89' lang='lat' dir='ltr'><strong>incultis,</strong></span> <span class='ocrx_word' id='word_1_535' title='bbox 1089 4120 1188 4170; x_wconf 88' lang='lat' dir='ltr'><strong>curent</strong></span> <span class='ocrx_word' id='word_1_536' title='bbox 1200 4115 1343 4187; x_wconf 88' lang='lat' dir='ltr'><strong>principis,</strong></span> <span class='ocrx_word' id='word_1_537' title='bbox 1358 4116 1406 4187; x_wconf 93' lang='lat' dir='ltr'><strong>qui</strong></span> <span class='ocrx_word' id='word_1_538' title='bbox 1421 4115 1475 4170; x_wconf 89' lang='lat' dir='ltr'><strong>illis</strong></span> <span class='ocrx_word' id='word_1_539' title='bbox 1491 4115 1667 4186; x_wconf 87' lang='lat' dir='ltr'><strong>temporibus</strong></span> <span class='ocrx_word' id='word_1_540' title='bbox 1681 4115 1873 4171; x_wconf 89' lang='lat' dir='ltr'><strong>Nortbmanno-</strong></span> 
     </span>
     <span class='ocr_line' id='line_1_45' title="bbox 252 4201 1873 4278; baseline -0.007 -13"><span class='ocrx_word' id='word_1_541' title='bbox 252 4225 316 4266; x_wconf 90' lang='lat' dir='ltr'><strong>cum</strong></span> <span class='ocrx_word' id='word_1_542' title='bbox 334 4207 458 4266; x_wconf 88' lang='lat' dir='ltr'><strong>ecclesiis</strong></span> <span class='ocrx_word' id='word_1_543' title='bbox 475 4203 508 4260; x_wconf 89' lang='lat' dir='ltr'><strong>&#39;et</strong></span> <span class='ocrx_word' id='word_1_544' title='bbox 530 4201 706 4266; x_wconf 89' lang='lat' dir='ltr'><strong>molendinis,</strong></span> <span class='ocrx_word' id='word_1_545' title='bbox 723 4217 787 4256; x_wconf 90' lang='lat' dir='ltr'><strong>cum</strong></span> <span class='ocrx_word' id='word_1_546' title='bbox 806 4201 903 4272; x_wconf 89' lang='lat' dir='ltr'><strong>pratis,</strong></span> <span class='ocrx_word' id='word_1_547' title='bbox 919 4206 949 4258; x_wconf 85' lang='lat' dir='ltr'><strong>et</strong></span> <span class='ocrx_word' id='word_1_548' title='bbox 961 4201 1046 4268; x_wconf 89' lang='lat' dir='ltr'><strong>silvis,</strong></span> <span class='ocrx_word' id='word_1_549' title='bbox 1089 4219 1152 4259; x_wconf 91' lang='lat' dir='ltr'><strong>rum</strong></span> <span class='ocrx_word' id='word_1_550' title='bbox 1163 4205 1219 4259; x_wconf 87' lang='lat' dir='ltr'><strong>dux</strong></span> <span class='ocrx_word' id='word_1_551' title='bbox 1233 4204 1327 4271; x_wconf 90' lang='lat' dir='ltr'><strong>fuerit,</strong></span> <span class='ocrx_word' id='word_1_552' title='bbox 1342 4205 1377 4260; x_wconf 90' lang='lat' dir='ltr'><strong>ad</strong></span> <span class='ocrx_word' id='word_1_553' title='bbox 1391 4221 1474 4277; x_wconf 91' lang='lat' dir='ltr'><strong>quem</strong></span> <span class='ocrx_word' id='word_1_554' title='bbox 1494 4206 1627 4277; x_wconf 84' lang='lat' dir='ltr'><strong>deinceps</strong></span> <span class='ocrx_word' id='word_1_555' title='bbox 1646 4207 1785 4278; x_wconf 87' lang='lat' dir='ltr'><strong>pertineat</strong></span> <span class='ocrx_word' id='word_1_556' title='bbox 1797 4201 1873 4258; x_wconf 87' lang='lat' dir='ltr'><strong>corri-</strong></span> 
     </span>
     <span class='ocr_line' id='line_1_46' title="bbox 252 4289 1873 4366; baseline -0.007 -11"><span class='ocrx_word' id='word_1_557' title='bbox 252 4297 288 4356; x_wconf 88' lang='lat' dir='ltr'><strong>ab</strong></span> <span class='ocrx_word' id='word_1_558' title='bbox 302 4296 411 4354; x_wconf 88' lang='lat' dir='ltr'><strong>oriente</strong></span> <span class='ocrx_word' id='word_1_559' title='bbox 425 4295 469 4350; x_wconf 88' lang='lat' dir='ltr'><strong>via</strong></span> <span class='ocrx_word' id='word_1_560' title='bbox 483 4292 594 4366; x_wconf 86' lang='lat' dir='ltr'><strong>publica</strong></span> <span class='ocrx_word' id='word_1_561' title='bbox 615 4291 748 4346; x_wconf 88' lang='lat' dir='ltr'><strong>tendente</strong></span> <span class='ocrx_word' id='word_1_562' title='bbox 762 4289 951 4358; x_wconf 84' lang='lat' dir='ltr'><strong>Constantius,</strong></span> <span class='ocrx_word' id='word_1_563' title='bbox 970 4307 988 4344; x_wconf 88' lang='lat' dir='ltr'><strong>a</strong></span> <span class='ocrx_word' id='word_1_564' title='bbox 1005 4291 1157 4364; x_wconf 80' lang='lat' dir='ltr'><strong>se-llgere</strong></span> <span class='ocrx_word' id='word_1_565' title='bbox 1176 4311 1210 4349; x_wconf 90' lang='lat' dir='ltr'><strong>ea</strong></span> <span class='ocrx_word' id='word_1_566' title='bbox 1229 4295 1345 4350; x_wconf 88' lang='lat' dir='ltr'><strong>consilio</strong></span> <span class='ocrx_word' id='word_1_567' title='bbox 1359 4295 1594 4366; x_wconf 86' lang='lat' dir='ltr'><strong>Rothomagansis</strong></span> <span class='ocrx_word' id='word_1_568' title='bbox 1608 4293 1815 4366; x_wconf 83' lang='lat' dir='ltr'><strong>archiepiscopi,</strong></span> <span class='ocrx_word' id='word_1_569' title='bbox 1829 4307 1873 4344; x_wconf 81' lang='lat' dir='ltr'><strong>ca·</strong></span> 
     </span>
     <span class='ocr_line' id='line_1_47' title="bbox 252 4378 1875 4461; baseline -0.006 -19"><span class='ocrx_word' id='word_1_570' title='bbox 252 4386 413 4461; x_wconf 85' lang='lat' dir='ltr'><strong>pteutrione</strong></span> <span class='ocrx_word' id='word_1_571' title='bbox 420 4383 510 4438; x_wconf 88' lang='lat' dir='ltr'><strong>rivulo</strong></span> <span class='ocrx_word' id='word_1_572' title='bbox 520 4381 635 4438; x_wconf 89' lang='lat' dir='ltr'><strong>uomina</strong></span> <span class='ocrx_word' id='word_1_573' title='bbox 643 4378 768 4448; x_wconf 85' lang='lat' dir='ltr'><strong>Venleic,</strong></span> <span class='ocrx_word' id='word_1_574' title='bbox 782 4379 926 4434; x_wconf 90' lang='lat' dir='ltr'><strong>ameridie</strong></span> <span class='ocrx_word' id='word_1_575' title='bbox 936 4380 1049 4435; x_wconf 86' lang='lat' dir='ltr'><strong>fluviolo</strong></span> <span class='ocrx_word' id='word_1_576' title='bbox 1090 4387 1270 4455; x_wconf 85' lang='lat' dir='ltr'><strong>terarumque</strong></span> <span class='ocrx_word' id='word_1_577' title='bbox 1284 4385 1451 4457; x_wconf 87' lang='lat' dir='ltr'><strong>optimatum</strong></span> <span class='ocrx_word' id='word_1_578' title='bbox 1461 4384 1619 4456; x_wconf 78' lang='lat' dir='ltr'><strong>provincia.</strong></span> <span class='ocrx_word' id='word_1_579' title='bbox 1637 4381 1875 4440; x_wconf 89' lang='lat' dir='ltr'><strong>Porrodeordina·</strong></span> 
     </span>
     <span class='ocr_line' id='line_1_48' title="bbox 252 4468 1874 4541; baseline -0.007 -8"><span class='ocrx_word' id='word_1_580' title='bbox 252 4474 367 4532; x_wconf 87' lang='lat' dir='ltr'><strong>numine</strong></span> <span class='ocrx_word' id='word_1_581' title='bbox 380 4476 465 4540; x_wconf 87' lang='lat' dir='ltr'><strong>Tarn,</strong></span> <span class='ocrx_word' id='word_1_582' title='bbox 485 4472 521 4527; x_wconf 87' lang='lat' dir='ltr'><strong>ab</strong></span> <span class='ocrx_word' id='word_1_583' title='bbox 537 4485 636 4526; x_wconf 89' lang='lat' dir='ltr'><strong>occasu</strong></span> <span class='ocrx_word' id='word_1_584' title='bbox 648 4485 726 4525; x_wconf 88' lang='lat' dir='ltr'><strong>mare</strong></span> <span class='ocrx_word' id='word_1_585' title='bbox 741 4469 861 4535; x_wconf 88' lang='lat' dir='ltr'><strong>Oceano,</strong></span> <span class='ocrx_word' id='word_1_586' title='bbox 877 4483 940 4523; x_wconf 89' lang='lat' dir='ltr'><strong>cum</strong></span> <span class='ocrx_word' id='word_1_587' title='bbox 957 4468 1050 4524; x_wconf 90' lang='lat' dir='ltr'><strong>insula</strong></span> <span class='ocrx_word' id='word_1_588' title='bbox 1089 4474 1166 4528; x_wconf 82' lang='lat' dir='ltr'><strong>timm</strong></span> <span class='ocrx_word' id='word_1_589' title='bbox 1189 4473 1321 4528; x_wconf 88' lang='lat' dir='ltr'><strong>abbatum</strong></span> <span class='ocrx_word' id='word_1_590' title='bbox 1343 4476 1386 4529; x_wconf 85' lang='lat' dir='ltr'><strong>vel</strong></span> <span class='ocrx_word' id='word_1_591' title='bbox 1411 4474 1622 4541; x_wconf 87' lang='lat' dir='ltr'><strong>monachorum,</strong></span> <span class='ocrx_word' id='word_1_592' title='bbox 1644 4475 1703 4533; x_wconf 90' lang='lat' dir='ltr'><strong>sive</strong></span> <span class='ocrx_word' id='word_1_593' title='bbox 1725 4473 1874 4532; x_wconf 88' lang='lat' dir='ltr'><strong>clericomm</strong></span> 
     </span>
     <span class='ocr_line' id='line_1_49' title="bbox 254 4557 1875 4638; baseline -0.005 -19"><span class='ocrx_word' id='word_1_594' title='bbox 254 4581 316 4638; x_wconf 77' lang='lat' dir='ltr'><strong>qua</strong></span> <span class='ocrx_word' id='word_1_595' title='bbox 329 4563 434 4620; x_wconf 87' lang='lat' dir='ltr'><strong>dicitur</strong></span> <span class='ocrx_word' id='word_1_596' title='bbox 448 4559 568 4618; x_wconf 84' lang='lat' dir='ltr'><strong>Calauio.</strong></span> <span class='ocrx_word' id='word_1_597' title='bbox 583 4560 624 4615; x_wconf 87' lang='lat' dir='ltr'><strong>Do</strong></span> <span class='ocrx_word' id='word_1_598' title='bbox 645 4559 728 4614; x_wconf 88' lang='lat' dir='ltr'><strong>etiarn</strong></span> <span class='ocrx_word' id='word_1_599' title='bbox 747 4558 842 4613; x_wconf 85' lang='lat' dir='ltr'><strong>villam</strong></span> <span class='ocrx_word' id='word_1_600' title='bbox 863 4574 924 4630; x_wconf 80' lang='lat' dir='ltr'><strong>quae</strong></span> <span class='ocrx_word' id='word_1_601' title='bbox 947 4557 1050 4614; x_wconf 87' lang='lat' dir='ltr'><strong>dicitur</strong></span> <span class='ocrx_word' id='word_1_602' title='bbox 1089 4562 1153 4630; x_wconf 88' lang='lat' dir='ltr'><strong>loci,</strong></span> <span class='ocrx_word' id='word_1_603' title='bbox 1175 4563 1227 4617; x_wconf 94' lang='lat' dir='ltr'><strong>hoc</strong></span> <span class='ocrx_word' id='word_1_604' title='bbox 1246 4561 1432 4630; x_wconf 88' lang='lat' dir='ltr'><strong>decernimus,</strong></span> <span class='ocrx_word' id='word_1_605' title='bbox 1449 4567 1481 4617; x_wconf 92' lang='lat' dir='ltr'><strong>ut</strong></span> <span class='ocrx_word' id='word_1_606' title='bbox 1498 4564 1580 4633; x_wconf 85' lang='lat' dir='ltr'><strong>juxta</strong></span> <span class='ocrx_word' id='word_1_607' title='bbox 1593 4564 1669 4634; x_wconf 92' lang='lat' dir='ltr'><strong>quod</strong></span> <span class='ocrx_word' id='word_1_608' title='bbox 1690 4580 1708 4618; x_wconf 89' lang='lat' dir='ltr'><strong>a</strong></span> <span class='ocrx_word' id='word_1_609' title='bbox 1728 4559 1875 4634; x_wconf 86' lang='lat' dir='ltr'><strong>supradicto</strong></span> 
     </span>
     <span class='ocr_line' id='line_1_50' title="bbox 255 4647 1876 4722; baseline -0.008 -10"><span class='ocrx_word' id='word_1_610' title='bbox 255 4651 499 4719; x_wconf 69' lang='lat' dir='ltr'><strong>cumaclensem</strong></span> <span class='ocrx_word' id='word_1_611' title='bbox 523 4648 639 4704; x_wconf 88' lang='lat' dir='ltr'><strong>ecclesia</strong></span> <span class='ocrx_word' id='word_1_612' title='bbox 657 4653 687 4702; x_wconf 87' lang='lat' dir='ltr'><strong>at</strong></span> <span class='ocrx_word' id='word_1_613' title='bbox 701 4647 869 4707; x_wconf 88' lang='lat' dir='ltr'><strong>molendino.</strong></span> <span class='ocrx_word' id='word_1_614' title='bbox 886 4663 951 4702; x_wconf 90' lang='lat' dir='ltr'><strong>cum</strong></span> <span class='ocrx_word' id='word_1_615' title='bbox 973 4647 1049 4703; x_wconf 88' lang='lat' dir='ltr'><strong>silvis</strong></span> <span class='ocrx_word' id='word_1_616' title='bbox 1090 4667 1153 4706; x_wconf 90' lang='lat' dir='ltr'><strong>meo</strong></span> <span class='ocrx_word' id='word_1_617' title='bbox 1165 4650 1292 4722; x_wconf 89' lang='lat' dir='ltr'><strong>genitore</strong></span> <span class='ocrx_word' id='word_1_618' title='bbox 1313 4650 1452 4705; x_wconf 89' lang='lat' dir='ltr'><strong>sancitum</strong></span> <span class='ocrx_word' id='word_1_619' title='bbox 1478 4657 1529 4717; x_wconf 88' lang='lat' dir='ltr'><strong>est,</strong></span> <span class='ocrx_word' id='word_1_620' title='bbox 1550 4652 1679 4722; x_wconf 86' lang='lat' dir='ltr'><strong>generali</strong></span> <span class='ocrx_word' id='word_1_621' title='bbox 1697 4667 1810 4708; x_wconf 87' lang='lat' dir='ltr'><strong>assensu</strong></span> <span class='ocrx_word' id='word_1_622' title='bbox 1829 4647 1876 4700; x_wconf 81' lang='lat' dir='ltr'><strong>llo-</strong></span> 
     </span>
     <span class='ocr_line' id='line_1_51' title="bbox 254 4733 1877 4812; baseline -0.006 -13"><span class='ocrx_word' id='word_1_623' title='bbox 254 4747 284 4799; x_wconf 88' lang='lat' dir='ltr'><strong>et</strong></span> <span class='ocrx_word' id='word_1_624' title='bbox 296 4739 426 4798; x_wconf 89' lang='lat' dir='ltr'><strong>omuibus</strong></span> <span class='ocrx_word' id='word_1_625' title='bbox 439 4736 624 4812; x_wconf 87' lang='lat' dir='ltr'><strong>appenditiis;</strong></span> <span class='ocrx_word' id='word_1_626' title='bbox 641 4742 864 4808; x_wconf 89' lang='lat' dir='ltr'><strong>terramquoque</strong></span> <span class='ocrx_word' id='word_1_627' title='bbox 874 4735 1047 4804; x_wconf 85' lang='lat' dir='ltr'><strong>Grumbaldi,</strong></span> <span class='ocrx_word' id='word_1_628' title='bbox 1090 4739 1167 4794; x_wconf 87' lang='lat' dir='ltr'><strong>mani</strong></span> <span class='ocrx_word' id='word_1_629' title='bbox 1182 4738 1301 4805; x_wconf 89' lang='lat' dir='ltr'><strong>concilii,</strong></span> <span class='ocrx_word' id='word_1_630' title='bbox 1321 4737 1450 4796; x_wconf 88' lang='lat' dir='ltr'><strong>monachi</strong></span> <span class='ocrx_word' id='word_1_631' title='bbox 1468 4755 1540 4811; x_wconf 76' lang='lat' dir='ltr'><strong>saepe</strong></span> <span class='ocrx_word' id='word_1_632' title='bbox 1562 4739 1612 4795; x_wconf 88' lang='lat' dir='ltr'><strong>fati</strong></span> <span class='ocrx_word' id='word_1_633' title='bbox 1632 4739 1796 4797; x_wconf 87' lang='lat' dir='ltr'><strong>monasterii</strong></span> <span class='ocrx_word' id='word_1_634' title='bbox 1813 4733 1877 4792; x_wconf 89' lang='lat' dir='ltr'><strong>ordi·</strong></span> 
     </span>
     <span class='ocr_line' id='line_1_52' title="bbox 254 4824 1877 4904; baseline -0.007 -15"><span class='ocrx_word' id='word_1_635' title='bbox 254 4847 317 4904; x_wconf 78' lang='lat' dir='ltr'><strong>que</strong></span> <span class='ocrx_word' id='word_1_636' title='bbox 330 4830 386 4886; x_wconf 78' lang='lat' dir='ltr'><strong>uas</strong></span> <span class='ocrx_word' id='word_1_637' title='bbox 399 4834 443 4886; x_wconf 86' lang='lat' dir='ltr'><strong>ast</strong></span> <span class='ocrx_word' id='word_1_638' title='bbox 455 4827 486 4883; x_wconf 87' lang='lat' dir='ltr'><strong>iu</strong></span> <span class='ocrx_word' id='word_1_639' title='bbox 499 4825 677 4899; x_wconf 83' lang='lat' dir='ltr'><strong>Briquevilla,</strong></span> <span class='ocrx_word' id='word_1_640' title='bbox 688 4825 754 4881; x_wconf 89' lang='lat' dir='ltr'><strong>etin</strong></span> <span class='ocrx_word' id='word_1_641' title='bbox 762 4825 964 4893; x_wconf 84' lang='lat' dir='ltr'><strong>Flamemvilla,</strong></span> <span class='ocrx_word' id='word_1_642' title='bbox 977 4832 1006 4880; x_wconf 87' lang='lat' dir='ltr'><strong>et</strong></span> <span class='ocrx_word' id='word_1_643' title='bbox 1020 4826 1050 4881; x_wconf 94' lang='lat' dir='ltr'><strong>in</strong></span> <span class='ocrx_word' id='word_1_644' title='bbox 1090 4829 1183 4884; x_wconf 89' lang='lat' dir='ltr'><strong>nando</strong></span> <span class='ocrx_word' id='word_1_645' title='bbox 1197 4827 1250 4884; x_wconf 93' lang='lat' dir='ltr'><strong>sibi</strong></span> <span class='ocrx_word' id='word_1_646' title='bbox 1261 4829 1377 4901; x_wconf 87' lang='lat' dir='ltr'><strong>eligant,</strong></span> <span class='ocrx_word' id='word_1_647' title='bbox 1392 4834 1425 4885; x_wconf 91' lang='lat' dir='ltr'><strong>ut</strong></span> <span class='ocrx_word' id='word_1_648' title='bbox 1442 4829 1495 4884; x_wconf 91' lang='lat' dir='ltr'><strong>sibi</strong></span> <span class='ocrx_word' id='word_1_649' title='bbox 1511 4830 1648 4901; x_wconf 86' lang='lat' dir='ltr'><strong>placuerit</strong></span> <span class='ocrx_word' id='word_1_650' title='bbox 1662 4848 1680 4886; x_wconf 93' lang='lat' dir='ltr'><strong>a</strong></span> <span class='ocrx_word' id='word_1_651' title='bbox 1692 4829 1814 4904; x_wconf 89' lang='lat' dir='ltr'><strong>quolibet</strong></span> <span class='ocrx_word' id='word_1_652' title='bbox 1827 4824 1877 4898; x_wconf 90' lang='lat' dir='ltr'><strong>epi-</strong></span> 
     </span>
     <span class='ocr_line' id='line_1_53' title="bbox 254 4914 1877 4991; baseline -0.003 -17"><span class='ocrx_word' id='word_1_653' title='bbox 254 4919 411 4991; x_wconf 85' lang='lat' dir='ltr'><strong>Lengruna,</strong></span> <span class='ocrx_word' id='word_1_654' title='bbox 436 4923 465 4974; x_wconf 90' lang='lat' dir='ltr'><strong>et</strong></span> <span class='ocrx_word' id='word_1_655' title='bbox 494 4915 676 4971; x_wconf 85' lang='lat' dir='ltr'><strong>medietatem</strong></span> <span class='ocrx_word' id='word_1_656' title='bbox 708 4914 915 4986; x_wconf 84' lang='lat' dir='ltr'><strong>Erengervilla3</strong></span> <span class='ocrx_word' id='word_1_657' title='bbox 944 4919 1050 4970; x_wconf 89' lang='lat' dir='ltr'><strong>terram</strong></span> <span class='ocrx_word' id='word_1_658' title='bbox 1090 4934 1173 4991; x_wconf 89' lang='lat' dir='ltr'><strong>scopo</strong></span> <span class='ocrx_word' id='word_1_659' title='bbox 1187 4933 1245 4974; x_wconf 87' lang='lat' dir='ltr'><strong>suae</strong></span> <span class='ocrx_word' id='word_1_660' title='bbox 1260 4919 1419 4985; x_wconf 89' lang='lat' dir='ltr'><strong>vicinitatis,</strong></span> <span class='ocrx_word' id='word_1_661' title='bbox 1436 4923 1486 4974; x_wconf 90' lang='lat' dir='ltr'><strong>aut</strong></span> <span class='ocrx_word' id='word_1_662' title='bbox 1499 4918 1528 4973; x_wconf 91' lang='lat' dir='ltr'><strong>in</strong></span> <span class='ocrx_word' id='word_1_663' title='bbox 1547 4919 1622 4975; x_wconf 89' lang='lat' dir='ltr'><strong>illius</strong></span> <span class='ocrx_word' id='word_1_664' title='bbox 1636 4921 1714 4987; x_wconf 89' lang='lat' dir='ltr'><strong>sede,</strong></span> <span class='ocrx_word' id='word_1_665' title='bbox 1731 4923 1779 4975; x_wconf 91' lang='lat' dir='ltr'><strong>aut</strong></span> <span class='ocrx_word' id='word_1_666' title='bbox 1792 4919 1819 4972; x_wconf 93' lang='lat' dir='ltr'><strong>in</strong></span> <span class='ocrx_word' id='word_1_667' title='bbox 1832 4930 1877 4970; x_wconf 90' lang='lat' dir='ltr'><strong>suo</strong></span> 
     </span>
     <span class='ocr_line' id='line_1_54' title="bbox 255 5003 1879 5078; baseline -0.007 -11"><span class='ocrx_word' id='word_1_668' title='bbox 255 5009 342 5068; x_wconf 87' lang='lat' dir='ltr'><strong>etiam</strong></span> <span class='ocrx_word' id='word_1_669' title='bbox 352 5007 488 5076; x_wconf 88' lang='lat' dir='ltr'><strong>Durandi,</strong></span> <span class='ocrx_word' id='word_1_670' title='bbox 505 5022 567 5078; x_wconf 77' lang='lat' dir='ltr'><strong>quie</strong></span> <span class='ocrx_word' id='word_1_671' title='bbox 581 5010 625 5061; x_wconf 89' lang='lat' dir='ltr'><strong>est</strong></span> <span class='ocrx_word' id='word_1_672' title='bbox 641 5004 718 5059; x_wconf 90' lang='lat' dir='ltr'><strong>intra</strong></span> <span class='ocrx_word' id='word_1_673' title='bbox 736 5004 871 5060; x_wconf 89' lang='lat' dir='ltr'><strong>terminos</strong></span> <span class='ocrx_word' id='word_1_674' title='bbox 890 5004 970 5072; x_wconf 71' lang='lat' dir='ltr'><strong>villae,</strong></span> <span class='ocrx_word' id='word_1_675' title='bbox 987 5022 1049 5077; x_wconf 87' lang='lat' dir='ltr'><strong>quae</strong></span> <span class='ocrx_word' id='word_1_676' title='bbox 1090 5007 1261 5062; x_wconf 90' lang='lat' dir='ltr'><strong>monasterio</strong></span> <span class='ocrx_word' id='word_1_677' title='bbox 1289 5007 1414 5063; x_wconf 87' lang='lat' dir='ltr'><strong>ordinari</strong></span> <span class='ocrx_word' id='word_1_678' title='bbox 1438 5007 1551 5064; x_wconf 89' lang='lat' dir='ltr'><strong>faciant.</strong></span> <span class='ocrx_word' id='word_1_679' title='bbox 1576 5009 1642 5065; x_wconf 83' lang='lat' dir='ltr'><strong>llaeo</strong></span> <span class='ocrx_word' id='word_1_680' title='bbox 1668 5017 1764 5066; x_wconf 89' lang='lat' dir='ltr'><strong>entem</strong></span> <span class='ocrx_word' id='word_1_681' title='bbox 1792 5003 1879 5061; x_wconf 89' lang='lat' dir='ltr'><strong>omnia</strong></span> 
     </span>
     <span class='ocr_line' id='line_1_55' title="bbox 252 5091 1879 5170; baseline -0.008 -13"><span class='ocrx_word' id='word_1_682' title='bbox 252 5103 432 5170; x_wconf 74' lang='lat' dir='ltr'><strong>nuncupatur</strong></span> <span class='ocrx_word' id='word_1_683' title='bbox 444 5095 539 5151; x_wconf 91' lang='lat' dir='ltr'><strong>Verlei</strong></span> <span class='ocrx_word' id='word_1_684' title='bbox 554 5113 560 5149; x_wconf 93' lang='lat'><strong>:</strong></span> <span class='ocrx_word' id='word_1_685' title='bbox 577 5099 606 5149; x_wconf 89' lang='lat' dir='ltr'><strong>et</strong></span> <span class='ocrx_word' id='word_1_686' title='bbox 617 5099 723 5148; x_wconf 89' lang='lat' dir='ltr'><strong>terram</strong></span> <span class='ocrx_word' id='word_1_687' title='bbox 742 5092 819 5148; x_wconf 87' lang='lat' dir='ltr'><strong>Petri</strong></span> <span class='ocrx_word' id='word_1_688' title='bbox 835 5095 1050 5168; x_wconf 65' lang='lat' dir='ltr'><strong>monachique</strong></span> <span class='ocrx_word' id='word_1_689' title='bbox 1090 5101 1247 5169; x_wconf 82' lang='lat' dir='ltr'><strong>praenotata</strong></span> <span class='ocrx_word' id='word_1_690' title='bbox 1261 5097 1328 5165; x_wconf 78' lang='lat' dir='ltr'><strong>lieo,</strong></span> <span class='ocrx_word' id='word_1_691' title='bbox 1350 5103 1502 5168; x_wconf 87' lang='lat' dir='ltr'><strong>sanctoque</strong></span> <span class='ocrx_word' id='word_1_692' title='bbox 1520 5098 1690 5169; x_wconf 88' lang='lat' dir='ltr'><strong>archangelo</strong></span> <span class='ocrx_word' id='word_1_693' title='bbox 1706 5094 1838 5160; x_wconf 84' lang='lat' dir='ltr'><strong>llichaeli,</strong></span> <span class='ocrx_word' id='word_1_694' title='bbox 1852 5091 1879 5145; x_wconf 95' lang='lat' dir='ltr'><strong>in</strong></span> 
     </span>
     <span class='ocr_line' id='line_1_56' title="bbox 254 5181 1877 5260; baseline -0.004 -17"><span class='ocrx_word' id='word_1_695' title='bbox 254 5187 339 5250; x_wconf 85' lang='lat' dir='ltr'><strong>estin</strong></span> <span class='ocrx_word' id='word_1_696' title='bbox 352 5186 454 5244; x_wconf 85' lang='lat' dir='ltr'><strong>Batula</strong></span> <span class='ocrx_word' id='word_1_697' title='bbox 470 5184 584 5254; x_wconf 85' lang='lat' dir='ltr'><strong>Gerfoy.</strong></span> <span class='ocrx_word' id='word_1_698' title='bbox 598 5181 762 5238; x_wconf 84' lang='lat' dir='ltr'><strong>columbam</strong></span> <span class='ocrx_word' id='word_1_699' title='bbox 786 5181 890 5238; x_wconf 89' lang='lat' dir='ltr'><strong>iterum</strong></span> <span class='ocrx_word' id='word_1_700' title='bbox 913 5183 996 5238; x_wconf 89' lang='lat' dir='ltr'><strong>sitam</strong></span> <span class='ocrx_word' id='word_1_701' title='bbox 1020 5184 1049 5240; x_wconf 93' lang='lat' dir='ltr'><strong>in</strong></span> <span class='ocrx_word' id='word_1_702' title='bbox 1090 5185 1817 5260; x_wconf 72' lang='lat' dir='ltr'><strong>ejusprmdictimontismonasterioplacuittradere,</strong></span> <span class='ocrx_word' id='word_1_703' title='bbox 1833 5197 1877 5256; x_wconf 89' lang='lat' dir='ltr'><strong>pro</strong></span> 
     </span>
     <span class='ocr_line' id='line_1_57' title="bbox 252 5272 1879 5348; baseline -0.005 -15"><span class='ocrx_word' id='word_1_704' title='bbox 252 5275 351 5338; x_wconf 85' lang='lat' dir='ltr'><strong>eodem</strong></span> <span class='ocrx_word' id='word_1_705' title='bbox 361 5291 447 5348; x_wconf 87' lang='lat' dir='ltr'><strong>supra</strong></span> <span class='ocrx_word' id='word_1_706' title='bbox 457 5273 602 5330; x_wconf 88' lang='lat' dir='ltr'><strong>nominato</strong></span> <span class='ocrx_word' id='word_1_707' title='bbox 611 5287 694 5345; x_wconf 88' lang='lat' dir='ltr'><strong>pago,</strong></span> <span class='ocrx_word' id='word_1_708' title='bbox 702 5287 765 5328; x_wconf 90' lang='lat' dir='ltr'><strong>cum</strong></span> <span class='ocrx_word' id='word_1_709' title='bbox 780 5272 932 5328; x_wconf 82' lang='lat' dir='ltr'><strong>ecclesiast</strong></span> <span class='ocrx_word' id='word_1_710' title='bbox 942 5274 1049 5330; x_wconf 88' lang='lat' dir='ltr'><strong>molen·</strong></span> <span class='ocrx_word' id='word_1_711' title='bbox 1091 5291 1161 5331; x_wconf 77' lang='lat' dir='ltr'><strong>mea</strong></span> <span class='ocrx_word' id='word_1_712' title='bbox 1181 5275 1374 5348; x_wconf 87' lang='lat' dir='ltr'><strong>redemptione</strong></span> <span class='ocrx_word' id='word_1_713' title='bbox 1387 5276 1498 5344; x_wconf 78' lang='lat' dir='ltr'><strong>anima,</strong></span> <span class='ocrx_word' id='word_1_714' title='bbox 1515 5292 1565 5347; x_wconf 89' lang='lat' dir='ltr'><strong>pro</strong></span> <span class='ocrx_word' id='word_1_715' title='bbox 1580 5277 1635 5331; x_wconf 92' lang='lat' dir='ltr'><strong>mei</strong></span> <span class='ocrx_word' id='word_1_716' title='bbox 1657 5292 1771 5348; x_wconf 89' lang='lat' dir='ltr'><strong>quoque</strong></span> <span class='ocrx_word' id='word_1_717' title='bbox 1789 5272 1879 5346; x_wconf 88' lang='lat' dir='ltr'><strong>patris,</strong></span> 
     </span>
     <span class='ocr_line' id='line_1_58' title="bbox 254 5358 1880 5438; baseline -0.008 -14"><span class='ocrx_word' id='word_1_718' title='bbox 254 5366 330 5432; x_wconf 84' lang='lat' dir='ltr'><strong>diuo,</strong></span> <span class='ocrx_word' id='word_1_719' title='bbox 341 5362 532 5430; x_wconf 85' lang='lat' dir='ltr'><strong>etcumsilvis,</strong></span> <span class='ocrx_word' id='word_1_720' title='bbox 543 5367 649 5417; x_wconf 87' lang='lat' dir='ltr'><strong>terram</strong></span> <span class='ocrx_word' id='word_1_721' title='bbox 659 5360 744 5416; x_wconf 88' lang='lat' dir='ltr'><strong>etiam</strong></span> <span class='ocrx_word' id='word_1_722' title='bbox 755 5362 891 5418; x_wconf 87' lang='lat' dir='ltr'><strong>Beruardi</strong></span> <span class='ocrx_word' id='word_1_723' title='bbox 906 5362 1051 5418; x_wconf 89' lang='lat' dir='ltr'><strong>Patrisdo·</strong></span> <span class='ocrx_word' id='word_1_724' title='bbox 1091 5365 1134 5420; x_wconf 89' lang='lat' dir='ltr'><strong>vel</strong></span> <span class='ocrx_word' id='word_1_725' title='bbox 1153 5365 1409 5433; x_wconf 73' lang='lat' dir='ltr'><strong>matrisetuxoris,</strong></span> <span class='ocrx_word' id='word_1_726' title='bbox 1423 5365 1601 5438; x_wconf 86' lang='lat' dir='ltr'><strong>filiorumque</strong></span> <span class='ocrx_word' id='word_1_727' title='bbox 1612 5381 1741 5420; x_wconf 89' lang='lat' dir='ltr'><strong>meorum</strong></span> <span class='ocrx_word' id='word_1_728' title='bbox 1756 5358 1880 5418; x_wconf 84' lang='lat' dir='ltr'><strong>Richardi</strong></span> 
     </span>
     <span class='ocr_line' id='line_1_59' title="bbox 253 5451 1880 5526; baseline -0.007 -13"><span class='ocrx_word' id='word_1_729' title='bbox 253 5454 324 5513; x_wconf 84' lang='lat' dir='ltr'><strong>uiui</strong></span> <span class='ocrx_word' id='word_1_730' title='bbox 336 5451 499 5510; x_wconf 89' lang='lat' dir='ltr'><strong>llildeberdi</strong></span> <span class='ocrx_word' id='word_1_731' title='bbox 512 5451 630 5516; x_wconf 86' lang='lat' dir='ltr'><strong>abbatis,</strong></span> <span class='ocrx_word' id='word_1_732' title='bbox 647 5467 709 5523; x_wconf 79' lang='lat' dir='ltr'><strong>qua</strong></span> <span class='ocrx_word' id='word_1_733' title='bbox 722 5456 765 5506; x_wconf 87' lang='lat' dir='ltr'><strong>eat</strong></span> <span class='ocrx_word' id='word_1_734' title='bbox 776 5451 807 5506; x_wconf 93' lang='lat' dir='ltr'><strong>in</strong></span> <span class='ocrx_word' id='word_1_735' title='bbox 825 5451 967 5507; x_wconf 85' lang='lat' dir='ltr'><strong>territurio</strong></span> <span class='ocrx_word' id='word_1_736' title='bbox 981 5453 1051 5508; x_wconf 75' lang='lat' dir='ltr'><strong>ville</strong></span> <span class='ocrx_word' id='word_1_737' title='bbox 1092 5459 1122 5509; x_wconf 86' lang='lat' dir='ltr'><strong>et</strong></span> <span class='ocrx_word' id='word_1_738' title='bbox 1131 5453 1251 5509; x_wconf 86' lang='lat' dir='ltr'><strong>aliorum</strong></span> <span class='ocrx_word' id='word_1_739' title='bbox 1265 5455 1371 5524; x_wconf 82' lang='lat' dir='ltr'><strong>salute3</strong></span> <span class='ocrx_word' id='word_1_740' title='bbox 1388 5469 1506 5526; x_wconf 89' lang='lat' dir='ltr'><strong>quorum</strong></span> <span class='ocrx_word' id='word_1_741' title='bbox 1529 5455 1673 5510; x_wconf 88' lang='lat' dir='ltr'><strong>voluntate</strong></span> <span class='ocrx_word' id='word_1_742' title='bbox 1695 5463 1880 5520; x_wconf 88' lang='lat' dir='ltr'><strong>consensuque</strong></span> 
     </span>
     <span class='ocr_line' id='line_1_60' title="bbox 254 5540 1880 5620; baseline -0.005 -18"><span class='ocrx_word' id='word_1_743' title='bbox 254 5558 316 5620; x_wconf 76' lang='lat' dir='ltr'><strong>que</strong></span> <span class='ocrx_word' id='word_1_744' title='bbox 329 5542 492 5602; x_wconf 84' lang='lat' dir='ltr'><strong>nominatur</strong></span> <span class='ocrx_word' id='word_1_745' title='bbox 509 5541 630 5612; x_wconf 80' lang='lat' dir='ltr'><strong>Rotuloi,</strong></span> <span class='ocrx_word' id='word_1_746' title='bbox 650 5556 715 5598; x_wconf 85' lang='lat' dir='ltr'><strong>eum</strong></span> <span class='ocrx_word' id='word_1_747' title='bbox 733 5540 893 5598; x_wconf 88' lang='lat' dir='ltr'><strong>molendino</strong></span> <span class='ocrx_word' id='word_1_748' title='bbox 906 5545 935 5597; x_wconf 90' lang='lat' dir='ltr'><strong>et</strong></span> <span class='ocrx_word' id='word_1_749' title='bbox 945 5541 1048 5618; x_wconf 88' lang='lat' dir='ltr'><strong>pratis.</strong></span> <span class='ocrx_word' id='word_1_750' title='bbox 1091 5543 1121 5600; x_wconf 88' lang='lat' dir='ltr'><strong>id</strong></span> <span class='ocrx_word' id='word_1_751' title='bbox 1134 5559 1192 5618; x_wconf 84' lang='lat' dir='ltr'><strong>ago</strong></span> <span class='ocrx_word' id='word_1_752' title='bbox 1211 5543 1263 5600; x_wconf 89' lang='lat' dir='ltr'><strong>sub</strong></span> <span class='ocrx_word' id='word_1_753' title='bbox 1285 5543 1446 5600; x_wconf 87' lang='lat' dir='ltr'><strong>testimonio</strong></span> <span class='ocrx_word' id='word_1_754' title='bbox 1460 5543 1735 5618; x_wconf 66' lang='lat' dir='ltr'><strong>Christitotiusque</strong></span> <span class='ocrx_word' id='word_1_755' title='bbox 1749 5540 1880 5606; x_wconf 78' lang='lat' dir='ltr'><strong>Ecclesia,</strong></span> 
     </span>
    </p>
   </div>
   <div class='ocr_carea' id='block_1_3' title="bbox 0 0 1965 6164">
    <p class='ocr_par' dir='ltr' id='par_1_3' title="bbox 0 0 1965 6164">
     <span class='ocr_line' id='line_1_61' title="bbox 0 0 1965 6164; baseline 0 0"><span class='ocrx_word' id='word_1_756' title='bbox 0 0 1965 6164; x_wconf 95' lang='lat' dir='ltr'><strong> </strong></span> 
     </span>
    </p>
   </div>
  </div>
 </body>
</html>
