3986 6184
165 268 169 276 ·
210 237 245 300 te
489 240 538 298 AD
556 241 672 299 v1raht
689 242 721 300 B.
741 242 950 304 LANFRANGI
969 230 1260 303 enatanalaasts
1277 231 1567 294 ARCHIEPISOOPI.
1809 235 1845 294 66

207 367 295 423 timm
308 375 410 436 suam3
427 365 766 426 etsicdduciabtcrenm
778 369 963 440 absohrtlone,
979 363 1157 432 artmano,
1174 379 1240 421 nam
1264 365 1294 420 in
1317 362 1526 418 conseantlom
1550 361 1613 434 eina
1634 361 1778 435 mitum
1802 369 1846 420 est

208 453 404 512 benedictione
415 456 486 527 ejus,
498 454 554 510 iret
565 454 600 510 nd
615 455 827 514 demoniacum.
841 459 899 515 Nec
915 469 1006 530 mora,
1048 457 1093 529 (⁸³)
1121 472 1206 528 super
1227 459 1312 526 eaput
1336 454 1398 524 ejus
1425 451 1616 523 evangelicum
1636 451 1743 508 dictum
1758 471 1764 507 :
1778 454 1845 508 bate

209 542 277 600 fecit
299 544 374 617 quod
401 541 454 599 sibi
482 542 690 611 accersiebatur,
720 550 749 600 et
772 559 836 602 mox
862 547 1007 620 ingressus
1048 547 1256 613 ammomnam,
1286 548 1312 597 et
1338 557 1394 597 ecoe
1419 545 1515 596 omnia
1540 543 1647 596 mundo
1679 545 1746 596 sunt
1772 544 1845 597 cobis

209 633 290 690 stetit
300 639 367 689 ante
382 649 458 688 eum.
473 632 553 688 Tune
567 632 615 704 qui
629 631 748 690 aderant
761 633 892 692 dicebant
902 637 1008 692 dame«
1048 636 1123 705 (Eae.
1137 644 1175 702 rt,
1190 633 1247 704 ll),
1268 632 1342 704 quod
1355 630 1416 704 ipse
1430 635 1492 686 tote
1509 629 1657 685 devotione
1673 630 1768 688 facere
1784 636 1845 688 stu·

209 723 290 780 niaco
306 742 312 778 :
330 721 399 778 Ecce
422 721 503 778 adest
515 722 561 777 cui
575 721 762 791 minitabaris,
785 724 830 780 dlc
843 725 868 781 si
883 725 951 798 quid
973 725 1008 780 de
1049 723 1120 780 duit.
1138 723 1179 793 (⁸⁴)
1195 720 1418 792 consanguineis
1433 719 1634 775 monachorum
1647 733 1762 776 suornm
1772 721 1846 777 indi·

209 825 244 869 ec
258 811 340 868 nosti.
360 811 396 867 At
408 809 456 866 ille
470 809 499 866 in
513 827 579 866 eum
592 817 672 868 torvo
686 817 846 884 respectans
860 815 951 881 oculo,
967 815 1008 870 ait
1046 812 1187 885 gentibus,
1199 827 1284 884 quam
1295 809 1424 880 benigne,
1436 825 1521 881 quam
1532 808 1705 864 sufficienter
1712 808 1850 866 beneficia

209 901 405 958 cachinnans:
422 900 477 956 Pro
494 899 570 954 malo
592 901 716 971 homine,
731 903 870 974 quomodo
884 918 915 958 es
933 916 1009 959 nunc
1047 901 1237 974 impendebat.
1255 901 1330 955 Vere
1346 903 1459 971 poterat
1477 895 1593 953 dicere:
1613 899 1653 954 Ab
1666 900 1850 956 odolescentia

208 989 355 1046 rebullitus
378 993 407 1045 et
429 989 611 1045 candidatus?
632 989 701 1056 Quia
719 993 748 1046 te
768 992 808 1047 sie
821 991 964 1048 rebullivit
978 997 1008 1048 et
1047 995 1132 1047 crcott
1142 1005 1250 1046 mecum
1265 991 1407 1044 calicratio
1420 988 1491 1058 (tob.
1503 999 1577 1054 mxi,
1594 987 1650 1056 ta).

207 1077 371 1135 dealbavit?
390 1077 425 1134 Et
447 1092 512 1134 cnm
538 1077 577 1133 eb‘
594 1077 659 1134 aliis
676 1081 836 1151 urgeretur,
852 1086 885 1136 ut
901 1081 1010 1137 diceret
1083 1078 1127 1137 37.
1143 1081 1256 1136 Interea
1268 1076 1385 1148 contigit
1398 1079 1527 1132 sanctum
1553 1075 1684 1132 abbatem
1699 1077 1779 1132 Beoei
1792 1078 1848 1132 lire

208 1168 284 1240 qnod
306 1172 391 1223 antea
415 1181 445 1222 se
464 1167 606 1224 (ficturum
633 1167 827 1238 minitabatur,
848 1169 920 1226 nihil
943 1171 1009 1242 plus
1046 1171 1176 1236 selmum,
1193 1167 1242 1240 qui
1251 1167 1333 1223 beato
1343 1166 1479 1222 Herluino
1488 1171 1669 1234 successerat,
1683 1167 1806 1222 tmnsire
1818 1167 1849 1222 is

206 1256 286 1314 dixit.
303 1257 383 1312 Unde
397 1255 482 1312 datur
503 1255 622 1329 intelligi
643 1259 711 1330 quia
723 1258 812 1315 vhtus
826 1258 1007 1316 emfessionis
1047 1259 1189 1330 angliam,
1200 1262 1261 1313 tum
1271 1271 1324 1328 pro
1331 1253 1501 1310 adlitedbus
1515 1255 1645 1312 Ecclesiae
1656 1269 1723 1322 sua,
1739 1261 1801 1312 tem
1815 1261 1848 1312 ut

207 1353 237 1401 et
250 1344 437 1401 absolutionis
452 1345 546 1400 aufert
560 1345 675 1402 diabolo
689 1351 742 1403 aut
762 1348 926 1404 memoriam
941 1365 1007 1421 pec·
1048 1364 1112 1403 curn
1125 1345 1333 1417 archiepiscopo
1347 1344 1520 1416 loqueretur,
1539 1343 1583 1414 (⁸⁵)
1595 1345 1676 1416 cujus
1691 1344 1848 1416 alloquium

206 1433 272 1501 oatl,
293 1435 330 1489 de
352 1449 408 1506 quo
424 1449 496 1506 pura
509 1435 645 1492 eonfemio
658 1435 733 1492 iacta
750 1437 845 1506 suern,
862 1443 911 1492 aut
931 1443 1008 1493 certe
1048 1443 1078 1492 et
1097 1435 1244 1492 eonsilium
1270 1433 1391 1490 multum
1416 1432 1539 1488 amabat.
1562 1431 1601 1488 Et
1622 1432 1787 1504 perveniens
1810 1433 1846 1488 ad

205 1527 375 1597 potestatem
390 1523 534 1579 hominem
549 1525 708 1580 accusandi.
726 1525 807 1582 Unde
828 1525 929 1582 beatus
946 1528 1007 1582 Au·
1047 1525 1137 1590 illum,
1148 1541 1211 1580 oum
1223 1539 1326 1594 magno
1335 1538 1432 1578 amore
1439 1527 1468 1576 et
1476 1520 1570 1577 debito
1582 1522 1689 1578 honore
1697 1525 1845 1594 susceptus

205 1611 355 1685 gostinus:
373 1611 413 1680 si,
428 1611 530 1686 inquit,
546 1613 634 1669 tuens
647 1613 792 1686 tuiipsius
806 1621 961 1684 accusator,
979 1621 1007 1671 et
1048 1620 1100 1670 est.
1117 1614 1163 1684 (θ’)
1181 1615 1309 1684 (tamque
1324 1611 1410 1668 simul
1422 1612 1616 1683 loquerentur,
1632 1617 1660 1666 et
1678 1610 1714 1666 ad
1726 1611 1845 1667 inanem

204 1689 342 1758 Dominus
356 1699 500 1768 liberator,
515 1701 585 1774 quid
598 1701 652 1758 erit
666 1702 723 1770 illa,
735 1703 790 1758 nisi
803 1689 1037 1760 calumniatortss
1047 1703 1082 1759 de
1103 1703 1220 1758 diversis
1240 1702 1322 1774 plura
1342 1701 1511 1767 conferrent,
1533 1699 1674 1755 intimarit
1689 1698 1784 1756 abbati
1797 1715 1846 1756 en·

204 1790 274 1850 Post
282 1789 391 1862 aliquot
404 1790 474 1857 dies,
486 1789 544 1846 lieo
558 1781 719 1860 miserante,
732 1797 762 1848 et
773 1805 877 1865 magno
888 1794 1006 1864 praesule
1046 1792 1127 1847 tistes
1147 1789 1358 1848 Cantauriensis
1373 1789 1455 1861 quasi
1476 1789 1682 1861 conquerendo,
1699 1790 1774 1862 quod
1792 1790 1845 1847 ho·

204 1877 361 1936 Lanfraneo
382 1893 447 1935 cum
470 1879 592 1936 fratrum
611 1885 713 1937 emotae
735 1881 809 1938 sedis
833 1882 1007 1938 orationihus
1048 1879 1138 1936 mines
1151 1879 1227 1936 illius
1239 1879 1339 1952 patria
1349 1878 1474 1935 colerent
1488 1878 1624 1950 quosdam
1638 1883 1760 1946 mnenon
1776 1894 1846 1951 quos

204 1969 365 2039 adjurante,
390 1967 525 2024 libemtus
544 1971 589 2024 est'
609 1969 645 2024 ab
666 1969 716 2025 illa
730 1975 819 2043 peste,
839 1976 868 2026 et
882 1972 1007 2044 pristina
1047 1969 1094 2025 ille
1115 1983 1176 2025 nou·
1195 1970 1347 2035 adema
1364 1972 1393 2023 et
1418 1967 1550 2035 marimo,
1571 1967 1621 2036 ait,
1637 1967 1680 2038 (θ’)
1695 1968 1847 2040 mendam

204 2057 353 2113 restitutus
366 2061 410 2111 est
432 2055 561 2117 sanitati.
586 2057 654 2126 Hoc,
670 2057 753 2116 beato
766 2061 898 2117 anselmo
913 2061 1006 2118 archi-
1047 2058 1175 2130 Elfegnrn
1188 2055 1245 2126 (tt)
1258 2057 1345 2129 hujus
1355 2056 1431 2112 sedis
1442 2055 1680 2128 archipraesulem,
1692 2073 1777 2129 quem
1791 2068 1847 2113 non

204 2144 326 2219 pusula
339 2145 489 2215 mierema
501 2161 565 2202 oum
578 2147 642 2203 aliis
655 2147 784 2220 pluribus
797 2149 901 2207 audivi.
1045 2147 1137 2202 solum
1157 2146 1232 2202 inter
1253 2149 1374 2208 muetos.
1391 2145 1438 2200 sed
1456 2149 1486 2200 et
1507 2145 1583 2200 inter
1594 2149 1847 2216 martyresnume-

507 2233 628 2292 aaran
645 2237 705 2292 llll.
1046 2249 1111 2291 rane
1130 2235 1314 2301 contendum,
1339 2249 1403 2290 arm
1428 2239 1538 2290 mustei
1554 2234 1635 2290 illum
1648 2249 1706 2290 non
1725 2249 1777 2307 pro
1791 2233 1848 2290 tide

240 2321 285 2382 66.
297 2319 341 2396 (⁸¹)
356 2323 475 2390 Quando
497 2325 637 2398 gloriosus
659 2340 708 2383 rex
729 2327 896 2385 vuillelmus
910 2345 1004 2386 mora-
1045 2325 1160 2394 Christi,
1178 2325 1227 2380 sed
1242 2323 1356 2396 quiaab
1370 2323 1848 2397 inimiciaaquibascaptnstene-

204 2412 331 2470 inuris
351 2413 537 2482 aennensis,
559 2415 732 2473 Lanaancn
753 2423 816 2472 erae
829 2418 959 2491 princeps
974 2425 1004 2476 ee
1042 2413 1135 2479 baur.
1151 2428 1182 2470 so
1205 2414 1345 2470 redimere
1367 2414 1500 2482 noluerit.
1525 2414 1728 2486 insaeptum
1747 2414 1846 2470 cuiae.

203 2507 300 2559 eustos
311 2503 430 2575 angliae,
445 2503 580 2576 subjectis
601 2503 655 2561 sibi
673 2505 805 2562 omnihus
820 2507 1002 2580 principibus,
1044 2504 1089 2559 Ad
1101 2505 1161 2559 hae
1175 2504 1324 2560 anselmus
1348 2505 1432 2575 hujus
1456 2502 1847 2560 metamaucensem

206 2597 235 2648 et
246 2591 410 2664 nannius
423 2592 453 2648 in
467 2593 511 2648 his
525 2605 587 2666 qua
601 2594 641 2650 ad
650 2595 850 2664 defensionem,
866 2601 895 2652 et
910 2597 1004 2670 dispo·
1046 2597 1098 2660 est,
1112 2592 1214 2665 inquit,
1230 2593 1297 2665 quia
1318 2594 1342 2648 is
1360 2594 1418 2665 qui,
1435 2609 1471 2648 ne
1485 2592 1584 2648 moster
1598 2592 1737 2664 peccando
1757 2593 1847 2650 Deum

203 2679 345 2749 altionem,
361 2681 408 2737 vel·
425 2694 523 2762 pacem
546 2683 727 2754 pertinebant
744 2684 834 2756 regni,
851 2687 1007 2743 secemdnm
1047 2681 1179 2750 offendat,
1195 2681 1339 2738 morinen
1355 2681 1475 2748 dubitet,
1492 2682 1581 2738 mento
1596 2683 1689 2753 magis
1702 2681 1775 2738 mori
1790 2697 1847 2738 nou

203 2770 280 2842 leges
304 2770 413 2842 patria
435 2769 479 2841 (76
504 2771 629 2827 Lectiom
649 2778 711 2828 erat
726 2773 866 2833 assiduus,
889 2781 918 2830 et
940 2781 1007 2832 ante
1047 2769 1190 2828 dubitaret
1211 2771 1376 2844 priusquam
1404 2771 1499 2843 aliquo
1519 2772 1598 2843 gnari
1617 2775 1730 2844 peccato
1757 2773 1848 2828 ileum

204 2859 406 2937 episcopatum,
427 2865 457 2916 et
478 2860 508 2916 in
533 2861 705 2933 episcopatu,
718 2869 859 2934 quantum
883 2869 1004 2937 poterat.
1047 2860 1235 2916 exacerbaret.
1248 2861 1283 2916 Et
1294 2877 1392 2916 revera
1405 2861 1519 2932 marius
1533 2866 1577 2916 est
1589 2861 1849 2934 Ghnmumnegare

203 2948 239 3005 Et
253 2949 320 3021 qiua
335 2948 489 3022 Emipttrra
511 2950 680 3024 scriptorum
702 2951 768 3006 vitio
782 2957 864 3008 amnt
886 2955 1005 3010 nimium
1047 2967 1132 3024 quam
1149 2950 1272 3022 aliquem
1290 2966 1341 3022 pro
1355 2967 1407 3006 sua
1422 2950 1624 3023 redemptione,
1643 2950 1849 3008 hominessuos

204 3043 352 3111 conrupta,
374 3053 471 3095 omnes
493 3043 553 3094 mm
574 3039 685 3096 votens
707 3054 792 3113 quam
817 3043 887 3098 Novi
908 3039 1187 3112 Testa-cablaaone
1202 3039 1327 3112 ipsorum
1348 3039 1475 3111 pecunia
1495 3038 1530 3094 ad
1554 3039 1693 3096 modicum
1706 3055 1844 3114 maram

203 3127 293 3183 menti
306 3125 402 3196 iibms,
415 3143 467 3183 nee
482 3128 636 3184 ameliam
653 3130 758 3202 scnpta
773 3137 936 3188 amotarum
951 3135 1005 3189 Pa·
1046 3129 1095 3185 sed
1120 3129 1195 3201 quod
1218 3128 1371 3186 minasset
1393 3127 1506 3201 Elfegus
1528 3128 1620 3184 facere
1642 3129 1742 3187 noluit.
1760 3130 1849 3185 llulto

203 3221 291 3284 tntae,
306 3216 349 3287 ι’)
359 3217 513 3272 seeundum
528 3217 712 3274 orthodoxam
723 3219 808 3275 fldem
822 3221 932 3277 studuit
943 3237 1005 3278 eor-
1046 3216 1134 3289 igitur
1145 3219 1238 3274 miuus
1248 3218 1393 3274 Christum
1402 3222 1530 3290 negaret,
1542 3217 1567 3273 si
1578 3233 1681 3274 sesam
1689 3217 1768 3291 plebs
1781 3233 1849 3274 eam

204 3303 297 3376 rigere
316 3303 383 3373 (15).
405 3305 440 3359 Et
460 3304 545 3359 etiarn
568 3306 658 3360 mults
679 3306 771 3362 dehis
785 3308 886 3379 quibus
899 3311 1007 3366 utimur
1047 3307 1156 3362 adhoc
1183 3313 1303 3362 mortem
1331 3307 1497 3362 intentando
1525 3308 1741 3379 constringeret.
1769 3308 1851 3364 Unde

204 3397 287 3448 noete
301 3397 330 3448 et
343 3392 389 3447 die
403 3392 434 3447 in
449 3393 563 3448 servitio
582 3394 711 3450 Ecclesiae
724 3395 760 3450 ad
771 3411 896 3470 unguem
912 3413 1006 3454 emen-
1047 3396 1131 3451 datur
1145 3395 1266 3468 intelligi
1280 3401 1387 3469 quanta
1402 3396 1442 3452 vis
1455 3396 1572 3469 justitia
1592 3401 1690 3469 peetus
1709 3397 1771 3469 ejus
1782 3411 1848 3470 pos·

205 3481 292 3548 derit,
308 3485 338 3536 et
354 3481 408 3536 hoo
430 3497 487 3537 non
510 3485 622 3538 ancum
648 3499 752 3555 perse,
775 3485 823 3540 sed
848 3487 934 3542 mem
958 3502 1009 3560 per
1048 3484 1161 3553 sederit,
1175 3485 1385 3557 quandoritam
1402 3491 1550 3552 [flauam
1561 3486 1846 3559 maluitderequam,

205 3567 357 3642 discipulos
371 3583 438 3624 suos
451 3568 526 3624 fecit.
542 3569 604 3636 Qua
618 3571 655 3626 de
667 3587 761 3636 causa,
778 3573 850 3629 utin
868 3574 1007 3648 principio
1048 3579 1144 3646 spreta
1158 3573 1305 3641 charitate,
1322 3575 1463 3647 proximos
1486 3591 1552 3631 suos
1576 3575 1774 3632 scandalizare.
1790 3577 1850 3632 Nec

166 3673 168 3678 ’
202 3659 264 3731 jann
278 3657 383 3714 dictum
397 3661 450 3727 est,
464 3655 508 3731 (Μ)
522 3660 624 3715 merito
637 3660 719 3716 illurn
728 3662 868 3718 Latinitas
882 3679 945 3720 eum
959 3665 1008 3720 ho-
1047 3663 1200 3730 immerito,
1216 3668 1249 3720 ut
1262 3679 1335 3730 reor,
1351 3663 1426 3720 inter
1439 3669 1579 3737 martyres
1593 3670 1782 3737 computetur,
1800 3666 1849 3738 qui

206 3751 319 3804 noscet
341 3761 438 3803 amore
451 3753 603 3804 veneratur
623 3748 801 3821 magistrum.
822 3751 914 3824 Hujus
928 3767 1007 3808 com·
1047 3769 1098 3826 pro
1111 3753 1223 3825 iustitia
1243 3758 1364 3809 mortem
1378 3757 1479 3825 sponte
1493 3754 1648 3826 suscepisse
1668 3754 1847 3828 predicatur.

207 3835 397 3892 mandationis
410 3835 538 3892 cincimo
553 3837 644 3892 omnis
667 3838 778 3895 occidui
791 3839 869 3896 erbis
883 3842 1007 3898 Ecclesia
1047 3843 1120 3899 Nam
1143 3847 1172 3898 et
1194 3841 1294 3898 beatus
1316 3843 1439 3898 loannes
1463 3843 1600 3916 baptista,
1621 3859 1705 3917 quem
1723 3845 1849 3901 totaDei

207 3925 420 3981 tamGullicana
430 3939 515 3996 quarn
527 3925 757 3998 Anglicegaudet
767 3945 796 3984 se
806 3929 1004 3986 illuminatam.
1047 3932 1170 3988 Ecclesia
1183 3932 1357 4005 praecipuum
1373 3939 1526 4004 martyrem
1542 3933 1632 3989 eredit
1644 3939 1674 3990 et
1687 3940 1847 4002 veneratur,

207 4015 252 4071 lta
264 4013 321 4070 fluit
334 4013 457 4069 liberalis
469 4019 502 4070 ut
513 4015 655 4072 diceretur
661 4017 707 4088 pfl)
713 4017 823 4074 nullum
830 4023 887 4074 tarn
897 4021 1007 4092 largum
1047 4037 1103 4077 non
1116 4022 1184 4094 quia
1193 4022 1336 4078 christiam
1352 4037 1466 4093 negare,
1479 4022 1526 4077 sed
1543 4023 1609 4094 quie
1623 4039 1675 4095 pro
1687 4023 1848 4080 defensione

207 4102 243 4158 de
262 4101 347 4158 ltalia
370 4102 587 4174 langobardum
610 4119 755 4176 egissem
775 4107 871 4163 titisse.
894 4109 961 4164 Erat
974 4125 1010 4165 ea
1048 4108 1230 4182 legisdirinee
1245 4110 1390 4166 veritatem
1406 4112 1499 4167 noluit
1513 4117 1615 4177 tacere,
1631 4114 1667 4168 ad
1682 4118 1776 4170 votum
1791 4115 1848 4170 sal·

206 4195 376 4265 tempestate
399 4193 590 4248 tcartsmarina
608 4194 686 4266 regio
707 4195 791 4266 plena
811 4201 841 4251 et
862 4195 1009 4254 abundans
1048 4197 1157 4253 tetricis
1170 4197 1261 4269 capite
1274 4197 1372 4270 plexus
1383 4203 1435 4254 eet.
1447 4199 1483 4255 Et
1492 4199 1560 4272 quid
1573 4201 1661 4257 distat
1674 4218 1726 4274 pro
1736 4202 1849 4274 juratis

208 4281 339 4338 omnibus
361 4281 444 4337 bonis
462 4295 524 4354 quae
539 4282 615 4338 Deus
633 4282 669 4338 ad
688 4284 839 4341 utilitatem
860 4286 1008 4344 hominum
1049 4287 1131 4354 mori,
1142 4287 1185 4342 vel
1200 4287 1332 4359 rnoripro
1343 4288 1481 4345 veritate?
1495 4290 1620 4358 Constat,
1632 4296 1755 4348 testante
1769 4307 1850 4348 sacro

207 4369 327 4438 ommim
351 4371 411 4443 ipse
426 4387 538 4444 quoque
552 4371 777 4446 archiepiscopus
791 4373 897 4431 ditatus
911 4369 1041 4433 multisD
1051 4375 1172 4448 eloquio,
1193 4376 1260 4448 quia
1273 4377 1376 4432 veritas
1395 4382 1424 4433 et
1443 4379 1555 4450 justitia
1574 4379 1702 4436 Christus
1716 4387 1769 4438 eet.
1784 4383 1851 4454 lpse

208 4457 431 4533 possessionibus
442 4460 567 4534 locuples
586 4468 656 4518 erat.
672 4464 776 4521 lterum
792 4466 891 4538 quanti
903 4468 1008 4539 pende·
1049 4463 1125 4520 enim
1139 4464 1207 4521 dicit
1219 4483 1225 4520 ι
1241 4467 1296 4536 Epo
1310 4481 1373 4522 sam
1387 4471 1489 4522 mettas
1502 4471 1592 4538 (toan.
1603 4483 1659 4537 xrr,
1673 4467 1711 4541 6).
1728 4471 1763 4526 Ei
1775 4473 1849 4543 Apo·

207 4553 254 4604 ret
267 4547 332 4613 ista,
352 4547 381 4602 in
395 4548 449 4603 hoo
462 4549 615 4621 apparebat
633 4552 718 4622 quod,
734 4558 871 4625 quantum
886 4560 1006 4627 poterat,
1049 4555 1137 4610 stolus
1153 4572 1159 4608 ι
1177 4555 1304 4610 Ebrietas
1317 4557 1407 4625 faetus
1426 4562 1465 4611 est
1486 4560 1563 4612 nobis
1576 4575 1594 4613 a
1607 4561 1660 4614 Deo
1674 4563 1811 4631 sapientia
1822 4566 1850 4615 et

209 4639 407 4709 paupertatem
420 4637 560 4693 refluebat
573 4639 603 4693 in
617 4638 721 4696 vilitate
736 4639 858 4711 habitus,
872 4645 1009 4716 parcium·
1043 4647 1158 4714 justitia
1169 4645 1193 4709 (I
1202 4644 1263 4700 (lor.
1278 4658 1296 4712 t,
1311 4643 1366 4713 ³0).
1378 4645 1432 4710 Qui
1446 4661 1512 4717 ergo
1527 4663 1579 4719 pro
1591 4649 1710 4704 veritate
1722 4655 1751 4705 et
1761 4650 1848 4722 justi-

210 4726 288 4782 niam
296 4725 1008 4806 nuensintermultimodosdeliciosarulcaquoquo
1049 4732 1089 4787 tia
1103 4733 1233 4803 moritur,
1253 4750 1304 4806 pro
1325 4733 1437 4790 Christo
1457 4735 1595 4806 moritur;
1619 4737 1667 4810 qui
1682 4743 1776 4795 autem
1797 4755 1848 4812 pro

210 4819 240 4870 et
253 4831 357 4887 magua
369 4813 558 4872 offerebantur
576 4815 630 4873 sibi
644 4817 726 4886 dona,
744 4836 805 4891 quae
820 4819 867 4876 ille
881 4821 1009 4880 hilariter
1049 4821 1160 4878 Christo
1176 4822 1305 4890 moritur,
1329 4823 1453 4879 Ecclesia
1474 4829 1556 4894 teste,
1580 4832 1689 4900 martyr
1711 4825 1844 4888 habetur.

209 4903 425 4977 rogantibusse,
442 4905 485 4960 vel
499 4905 689 4977 indigentibus
702 4907 857 4967 tribuebat.
870 4909 921 4982 (θ’).
938 4913 1010 4968 Pau·
1049 4911 1152 4967 Beatm
1166 4929 1231 4969 vero
1247 4913 1368 4985 Elfegus,
1385 4929 1464 4985 aque
1479 4931 1530 4986 pro
1545 4915 1664 4986 justitia,
1680 4923 1713 4972 ut
1734 4922 1849 4974 ancus

209 4993 323 5067 peribus
344 5009 455 5066 quoque
471 4999 533 5050 erat
545 4994 585 5051 ita
599 4996 723 5070 dapsilis,
741 5003 772 5053 ut
792 4998 960 5071 quingentas
974 5002 1008 5058 li·
1049 5001 1172 5060 loannes
1185 5018 1235 5073 pro
1255 5003 1381 5068 variata,
1398 5018 1497 5075 passus
1511 5009 1562 5060 est.
1579 5006 1637 5060 cur
1654 5021 1722 5078 ergo
1735 5007 1800 5078 plus
1813 5008 1849 5064 de

210 5082 275 5139 bras
290 5081 441 5155 quotannis
450 5082 479 5139 in
495 5084 702 5158 eleemosynam
717 5103 848 5158 erogasse
859 5089 970 5146 dicatur
981 5095 1010 5146 et
1049 5089 1133 5146 unius
1149 5107 1233 5163 quam
1257 5092 1291 5146 de
1317 5093 1434 5148 alienus
1455 5109 1519 5149 vero
1540 5099 1692 5168 sanctoque
1710 5099 1847 5170 martyrio

247 5190 307 5261 eti).
331 5191 428 5246 Exstat
458 5191 488 5246 in
520 5189 688 5254 bibliothece
724 5197 888 5251 monasterii
920 5198 1009 5252 nostri
1049 5195 1848 5262 adan.1089,ubihaechahet.:dodemannoobtttian·

212 5263 365 5321 nitamini
376 5262 527 5334 sagiensis,
537 5264 872 5322 codenms.collationum
882 5269 1007 5324 Cassiani
1049 5269 1164 5335 [correus
1186 5311 1191 5323 .
1216 5310 1221 5323 .
1252 5311 1257 5323 .
1284 5272 1330 5342 qui
1355 5274 1465 5326 lectioni
1486 5273 1596 5326 mrr'due
1619 5277 1735 5340 vucavit,
1762 5278 1849 5334 libros

211 5353 228 5388 a
242 5332 324 5390 beato
333 5334 490 5389 Lanfianco
501 5335 675 5404 emendatus,
688 5337 764 5408 quod
777 5345 896 5408 patetex
911 5341 1009 5395 notula
1056 5341 1191 5396 Veterisao
1201 5344 1270 5396 Novi
1281 5345 1444 5397 Testamenti
1451 5346 1620 5412 scriptorum
1630 5347 1847 5418 ottioeorruptos

212 5405 362 5475 nmrginali
376 5405 465 5477 ipsius
479 5407 680 5478 manuscripta
691 5423 697 5458 :
708 5410 768 5462 Hae
781 5427 919 5480 usqueoqo
935 5413 1009 5466 bon-
1048 5414 1185 5480 corrigere
1194 5415 1311 5478 studuit,
1328 5417 1406 5483 cujus
1418 5415 1618 5469 anenduttone's
1632 5419 1702 5484 tuoe,
1715 5422 1772 5472 tum
1786 5421 1846 5474 Δη-

211 5477 328 5543 francas
353 5477 529 5532 coeremita
549 5477 648 5533 eadem
676 5495 709 5534 re
750 5481 894 5536 raclarum
918 5488 1009 5537 exstat
1047 5485 1159 5548 plorum
1169 5485 1287 5540 Ecclesia
1299 5501 1381 5554 prtem
1392 5484 1536 5541 Gallorum
1545 5503 1573 5540 se
1581 5489 1681 5554 ponda
1692 5491 1845 5548 illustrari.

212 5545 336 5601 hiatthaei
356 5547 446 5616 Paris,
463 5547 699 5606 testimoniumin
715 5496 839 5608 liistoria
853 5553 1007 5624 anglorum
1083 5551 1144 5625 (id)
1156 5556 1195 5611 De
1209 5571 1245 5611 eo
1258 5556 1370 5628 egimus
1379 5555 1416 5612 ad
1430 5571 1536 5614 annum
1549 5555 1628 5616 toli.
