3896 6170
594 245 805 302 coasultum.
827 241 997 302 hlasana.
1019 270 1051 284 -
1070 241 1140 298 utu.
1158 241 1194 297 11.
1640 241 1714 301 aava

350 373 467 428 CAPUT
481 371 604 428 XXXIV·
885 370 989 438 Aetad
998 381 1072 437 Vlet
1086 382 1121 436 sd
1135 381 1261 447 Iliacus
1276 381 1406 436 sacerdos
1416 383 1714 456 cappaindutusprin-

314 463 380 516 didm
399 463 430 516 ‘lt
449 477 533 529 “lim
533 463 644 516 2'81'02'2'0·
916 471 1140 544 cipaleinccuset
1150 472 1249 538 altare,
1259 476 1288 526 et
1298 476 1391 542 portet
1403 471 1549 527 incensum
1564 473 1599 527 ad
1615 489 1715 528 ornnes

118 551 216 616 ·Quod
225 551 261 606 ad
271 549 482 622 ²P⁰⁰¹¹l⁵lfili¹¹ffl
493 550 584 604 ⁸⁰¹⁰OE
597 547 817 621 liel'ilflssblelrssl
828 547 876 603 11¹0
918 562 1021 616 fratres
1044 561 1118 614 intra
1131 565 1160 614 et
1174 567 1254 614 extra
1267 561 1395 614 chorum.
1406 561 1449 615 hd
1465 563 1517 615 hoc
1531 562 1715 628 sacerdotem,

90 658 135 698 rou
153 640 285 704 adfuerat,
299 639 334 694 od
357 641 418 710 eius
434 639 582 702 vicoriumt
599 639 689 711 primo
701 637 876 708 horologium
921 666 1005 721 quoru
1019 650 1129 713 viderit,
1144 649 1245 703 irruitur
1259 650 1333 703 iduor
1349 650 1558 720 apocrisiarius,
1575 651 1679 706 taciens
1692 652 1719 706 ei

91 731 176 801 diligit
190 735 219 785 et
232 729 354 784 ordinal-
371 729 411 784 De
426 745 493 799 quo·
509 745 572 784 eum
595 729 656 784 fieri
669 729 766 801 possit,
782 733 815 782 ut
826 727 880 780 all·
921 739 1034 810 signum
1043 739 1077 793 de
1089 737 1212 792 incenso.
1227 738 1297 792 ltena
1311 738 1345 792 ad
1365 745 1517 794 nocturnos
1531 739 1559 794 in
1571 740 1717 812 precipuis

92 818 193 891 luissd⁰
208 818 356 888 sall‘iiidie
368 823 448 874 ¹1⁰ifli
462 817 492 873 1¹¹
504 834 579 884 cera·
595 825 624 873 θῑ
637 819 667 873 5ss
685 834 770 872 ‘uisu
784 817 880 871 Stella·
921 829 1000 884 lestis
1011 827 1124 898 quando
1134 827 1189 882 tria
1199 827 1299 900 diversi
1311 828 1411 882 coloris
1424 827 1661 900 pallleponuntur
1670 847 1718 884 su·

91 925 143 964 runi
152 909 196 963 rel
207 907 292 962 etiam
306 907 429 973 lunae,ut
442 907 543 962 iratres
557 923 672 978 surgere
682 906 767 960 saciat
781 905 818 960 sd
834 905 881 959 ho·
922 917 1072 989 pop-majus
1085 917 1184 978 altare,
1199 915 1463 986 ipsu‚sia1·rrffl·n0n
1476 923 1578 987 potest,
1589 935 1653 973 cum
1665 918 1720 974 suf.

93 1015 142 1052 ram
158 1001 378 1068 competentem.
921 1001 1055 1077 liuganeo'
1069 1021 1121 1059 suo
1136 1004 1227 1059 aulcrt
1242 1005 1355 1075 singula
1366 1005 1548 1076 singillatim3
1564 1007 1671 1062 scilicet
1683 1008 1720 1062 ad

122 1086 241 1156 Ideoque
256 1085 454 1140 odn00turn08
465 1083 883 1157 donalluoquissquamisschfflli
923 1095 1047 1151 Gloriam
1068 1094 1144 1148 tertii
1159 1099 1188 1148 et
1208 1093 1298 1148 octavi
1313 1095 1494 1165 responsorii,
1509 1101 1537 1149 et
1555 1096 1584 1150 in
1605 1113 1637 1150 eo
1658 1097 1719 1151 loco

96 1177 197 1246 pulsaue
212 1175 332 1238 scillam,
353 1178 454 1244 proies
476 1173 578 1244 ipsum·
603 1174 684 1238 QUOd
704 1179 799 1227 tamen
824 1188 882 1228 1¹0n
923 1200 1034 1254 semper
1048 1183 1133 1238 etiam
1148 1183 1176 1237 in
1187 1183 1333 1237 duodecim
1349 1183 1514 1238 lectionibus
1529 1184 1626 1239 altaris
1639 1185 1721 1240 tabu-

95 1267 163 1338 pr'os
176 1264 253 1328 facit,
270 1279 356 1334 quum
370 1263 426 1316 duo
439 1263 556 1328 lumino,
572 1278 658 1317 urum
669 1269 735 1317 onte
747 1264 821 1316 loros
835 1277 883 1315 or·
923 1271 980 1326 lam
995 1271 1111 1342 detegit,
1121 1271 1265 1342 hueusque
1276 1287 1369 1342 panno
1385 1276 1553 1342 coopertam.
1573 1273 1680 1344 Accipit
1693 1279 1722 1329 ot

95 1354 187 1418 deslaer
197 1352 600 1407 alleifflilssssifldi‘l'mlws'sslffl
611 1352 753 1408 accendat·
763 1351 843 1416 Quod
859 1350 884 1404 Si
924 1365 1031 1414 textum
1044 1359 1185 1430 Evangelii
1196 1360 1230 1413 de
1246 1361 1329 1414 altari
1346 1365 1375 1414 et
1386 1366 1480 1431 portat
1490 1361 1526 1414 ad
1548 1361 1720 1430 vestiarium,

96 1444 119 1498 ln
131 1442 276 1496 duodecim
285 1441 450 1496 lectionibus
464 1457 493 1496 se
508 1441 677 1496 nlmlsburde
688 1441 885 1512 pulsassttper·
926 1449 1019 1520 ibique
1034 1449 1139 1503 lumine
1151 1465 1266 1502 accenso
1285 1449 1457 1502 sacerdotem
1472 1449 1505 1502 ad
1522 1450 1612 1504 altare
1624 1467 1722 1522 proce..

95 1531 214 1604 sperarit,
230 1531 306 1584 inire
320 1530 489 1614 artatutiqum
500 1531 544 1584 vel
558 1531 593 1584 ad
604 1532 626 1585 K
629 1533 688 1599 prio
702 1533 803 1584 eleison
816 1535 882 1584 ante
924 1539 1037 1592 dentem
1053 1538 1235 1608 subsequitur
1245 1553 1332 1607 usque
1347 1537 1374 1590 in
1390 1537 1724 1609 presbyterium.lbiden1

95 1621 202 1692 gradum
218 1637 249 1674 se
263 1620 425 1691 prosternit,
437 1625 475 1685 et,
484 1619 508 1673 si
523 1621 601 1691 prior
609 1626 675 1674 ante
688 1636 745 1674 non
753 1619 882 1690 jusserit,
924 1625 1116 1680 sinistrorsum
1132 1626 1299 1679 ceroferario
1324 1631 1407 1690 astat,
1428 1626 1516 1681 donec
1535 1629 1666 1682 sacerdos
1685 1629 1721 1682 de

96 1711 170 1764 finitis
181 1708 311 1781 precibus
325 1725 381 1762 1¹0ss
396 1707 499 1762 faciens
513 1714 578 1762 anie
599 1713 628 1762 ei
649 1715 735 1772 misor
751 1707 879 1762 discedit·
891 1689 1004 1768 B:illari
1015 1714 1048 1767 ad
1060 1714 1220 1784 analogium
1232 1715 1560 1786 pervener·it‚libruntque
1569 1717 1720 1787 aperuerit,

96 1801 126 1853 ht
136 1799 157 1853 ai
173 1799 202 1852 in
219 1797 334 1868 privatis
344 1796 582 1856 diebusevenerit,
596 1797 625 1850 in
637 1797 760 1868 capitulo
771 1797 882 1851 venium
925 1809 952 1858 et
966 1810 1033 1858 ωηο
1047 1803 1088 1856 illi
1100 1804 1195 1857 lumen
1207 1819 1271 1857 cum
1288 1819 1388 1858 manus
1403 1805 1576 1860 osculatione
1592 1805 1720 1876 porrigit,

96 1887 246 1960 pelitCum
260 1892 372 1957 tempus
386 1886 474 1940 suerit
486 1886 521 1939 od
536 1885 655 1956 pridiani
672 1885 786 1957 pulsavi,
804 1885 877 1940 lacit
925 1892 999 1963 quod
1013 1898 1107 1946 tamen
1120 1892 1356 1946 hebdomadarius
1371 1893 1432 1962 ejus
1446 1893 1559 1962 adjutor
1568 1893 1647 1950 linita
1662 1911 1724 1949 ore·

97 1979 141 2031 Sed
160 1977 218 2031 haec
233 1975 354 2046 pulsatio
364 1990 421 2028 non
433 1974 565 2029 uniformi
579 1975 673 2046 agitur
689 1977 781 2029 modo.
798 1976 881 2040 Nam,
924 1981 1002 2035 tione
1014 1981 1119 2052 absque
1136 1980 1230 2035 osculo
1253 1980 1288 2034 ab
1309 1997 1342 2034 eo
1361 1981 1469 2052 recipit.
1490 1982 1613 2038 Sacrista
1625 1990 1721 2039 autern

94 2066 119 2120 ia
132 2067 174 2120 die
182 2066 212 2120 S.
225 2064 350 2127 Pouchis,
362 2069 392 2118 et
405 2063 434 2117 in
450 2064 513 2118 aliis
525 2064 672 2134 precipuis
685 2064 763 2118 lestis
773 2063 884 2134 signum
925 2069 1047 2140 perlecto
1061 2069 1205 2139 evangelio
1220 2069 1364 2139 signorum
1376 2077 1465 2124 restes
1484 2071 1608 2142 deponit,
1623 2074 1723 2128 linata-

95 2167 172 2209 uhum
187 2154 222 2208 de
238 2153 379 2218 maximia
389 2151 416 2206 iu
427 2151 535 2208 caeteris
551 2168 614 2207 vero
626 2169 713 2207 unum
724 2153 758 2206 de
770 2152 886 2207 minori·
925 2175 978 2230 que
993 2159 1110 2213 collecta
1121 2158 1155 2212 ad
1169 2160 1389 2223 Porllomr'nom,
1404 2159 1511 2213 scillam
1523 2159 1619 2215 trahit.

96 2242 149 2300 bus.
160 2241 315 2296 secundum
332 2240 498 2311 dignitatem
512 2241 648 2312 cujusque
661 2241 882 2312 festi,pulsetur.
962 2247 1023 2311 Qua
1047 2247 1173 2312 dimissu,
1190 2247 1256 2301 dum
1273 2247 1403 2301 sacerdos
1427 2247 1588 2304 matutinali
1604 2249 1723 2307 lectione

96 2333 122 2386 ln
136 2331 179 2386 die
193 2331 357 2385 Palmerum
371 2335 399 2384 et
408 2329 629 2401 quotiescunque
642 2330 782 2402 processio
789 2329 824 2383 ad
835 2329 885 2384 ali·
926 2333 1057 2405 impositu
1068 2334 1241 2406 deanalogio
1252 2335 1560 2408 revertitur‚Evangelii
1571 2344 1679 2394 textum
1688 2341 1722 2396 do

96 2437 170 2491 quava
186 2419 426 2474 extraclaustaum
436 2419 580 2473 ecclesiam
589 2419 752 2489 agitur,duo
764 2419 885 2473 matrinia
926 2439 1011 2477 manu
1024 2424 1084 2492 ejus
1098 2423 1198 2494 accipit
1208 2431 1237 2477 et
1243 2440 1329 2494 super
1337 2425 1426 2478 altare
1436 2425 1555 2497 reponit.
1565 2428 1596 2482 In
1608 2428 1722 2498 privatis

95 2511 237 2580 pulsantur
250 2523 396 2578 quousque
411 2507 477 2562 illuc
490 2508 679 2579 perveniatur,
693 2509 767 2579 quod
786 2507 885 2562 nihilo-
925 2510 1053 2565 noctibus
1070 2511 1182 2581 qnando
1198 2528 1261 2565 mox
1276 2512 1408 2566 naalutini
1422 2519 1574 2569 nocturnos
1598 2533 1723 2587 sequun-

94 2599 181 2652 minus
193 2599 222 2652 in
235 2596 379 2652 redeundo
395 2595 569 2650 observatur.
587 2597 629 2652 hd
645 2597 757 2651 tertiam
773 2613 885 2668 quoque
926 2605 982 2662 tur,
1000 2606 1030 2654 et
1044 2599 1199 2654 tanvillares
1223 2601 1323 2671 psalmi
1340 2617 1395 2655 non
1411 2601 1631 2674 subjunguntur,
1643 2607 1724 2662 linita

94 2687 203 2758 privatis
212 2685 378 2750 diebus,sed
390 2691 418 2738 st
428 2685 553 2756 quotidie
564 2685 597 2739 ad
610 2701 754 2757 vesperam
764 2686 884 2757 pulsatio
927 2689 1042 2743 collecta
1057 2695 1085 2742 ct
1094 2689 1168 2742 dicto
1180 2691 1235 2743 'ileo
1244 2692 1351 2756 pretias
1367 2691 1402 2744 ad
1417 2692 1610 2747 matutinalem
1625 2682 1724 2750 lectio-¹

94 2775 161 2846 signi
177 2781 220 2830 est
230 2774 260 2828 in
279 2774 341 2844 ejus
355 2773 488 2840 arbitri03
505 2773 560 2828 nisi
574 2773 603 2827 in
611 2774 842 2844 Quadragoutma,
857 2780 886 2829 et
927 2794 991 2834 nem
1000 2779 1111 2848 pulsat,
1126 2777 1149 2832 si
1160 2793 1224 2832 vero
1235 2777 1454 2848 subjunguntur,
1465 2781 1500 2834 ad
1511 2783 1562 2835 Per
1571 2783 1723 2840 doctinam

96 2865 143 2919 nisi
154 2865 275 2932 domnus
289 2861 376 2916 abbas
388 2862 426 2916 sit
439 2863 474 2916 ad
493 2862 716 2934 parlamentum
730 2869 798 2917 tunc
810 2863 885 2917 enim
926 2865 1070 2936 sequentis
1083 2866 1205 2921 collecte
1216 2867 1327 2938 pulsare
1342 2867 1450 2938 incipit.

94 2954 194 3024 petitur
208 2952 243 3007 ab
260 2966 292 3006 eo
307 2951 419 3006 licentia
437 2951 577 3023 pulsandi.
594 2953 767 3024 Quocunque
790 2959 883 3008 autem
894 3005 915 3064 G
961 2952 1144 3008 Intervallum
1172 2955 1301 3024 hyemale
1322 2953 1363 3007 ita
1385 2955 1469 3010 debet
1494 2961 1664 3029 temperare,
1691 2965 1722 3014 ut

94 3040 885 3114 horapulsurotemporeloquendicoeperithebdomada·
929 3041 1089 3096 claustralis
1116 3042 1194 3113 prior
1209 3059 1272 3096 cum
1297 3041 1434 3097 absconsa
1457 3048 1548 3100 totum
1570 3047 1724 3103 claustrum

95 3133 157 3196 vius,
173 3129 887 3202 exconsuetudinenulluseumprohibebitbaeri-
928 3131 1017 3204 possit
1036 3131 1196 3188 circumire.
1225 3130 1311 3201 Signo
1335 3147 1446 3203 quoque
1470 3135 1632 3191 matutinali
1659 3137 1725 3193 talis

93 3227 140 3286 sta,
157 3221 182 3274 si
196 3220 273 3274 inter
286 3219 576 3290 prandiumgenerale
586 3218 792 3274 neccssehabut
800 3219 830 3273 in
838 3235 884 3273 ec·
928 3217 1021 3272 cautio
1035 3217 1070 3272 ab
1089 3234 1122 3272 oo
1137 3218 1222 3272 debet
1235 3217 1372 3284 adhiberi,
1396 3225 1427 3274 ut
1448 3227 1512 3292 post
1528 3225 1726 3281 matutinalem

94 3310 173 3364 clesia
179 3307 327 3370 excubare,
339 3309 381 3362 vel
392 3308 449 3362 tale
461 3307 528 3379 quid
543 3324 637 3379 argere,
650 3308 724 3379 quod
735 3324 789 3362 non
800 3308 889 3380 possit
929 3307 1078 3363 lectionem
1094 3308 1225 3362 inchoata
1239 3307 1330 3378 prima
1340 3308 1387 3363 lux
1397 3309 1452 3364 diei
1473 3316 1570 3382 aperte
1583 3313 1674 3369 valcat
1687 3316 1726 3368 vi-

93 3399 212 3466 dillerre,
227 3396 333 3468 absque
348 3396 462 3452 licentia
486 3402 578 3468 potest
593 3397 627 3451 ad
647 3396 721 3450 idem
738 3395 886 3468 prandium
929 3393 1002 3452 deii.
1017 3395 1097 3458 Quod
1112 3394 1136 3449 si
1152 3395 1265 3465 quando
1280 3411 1336 3450 ηοη
1350 3396 1726 3470 observatur,prinvetamen

93 3488 195 3550 deesse,
212 3491 240 3542 et
254 3502 288 3540 ea
297 3486 343 3540 die
357 3503 421 3540 cum
433 3485 615 3540 servitoribus
626 3485 754 3557 coquinae
768 3484 887 3539 vnixtum
928 3499 992 3539 curn
1006 3483 1114 3538 coeteris
1123 3483 1158 3538 ad
1167 3499 1229 3537 eam
1241 3484 1454 3555 pertinentibus,
1467 3503 1522 3541 ηοη
1539 3487 1676 3544 dillertur.
1694 3492 1726 3546 ln

93 3577 224 3648 accipere.
239 3575 283 3630 Ad
297 3574 474 3629 collationem
486 3574 606 3645 pulsatio
617 3590 672 3629 ηοη
683 3575 712 3628 in
727 3575 847 3644 ejusaed
859 3574 888 3629 in
929 3572 980 3626 tali
993 3573 1074 3639 leste,
1090 3572 1118 3627 in
1130 3587 1186 3643 quo
1200 3589 1263 3626 cum
1278 3573 1387 3628 duobus
1402 3575 1553 3632 thuribulis
1568 3583 1611 3631 est
1630 3579 1727 3634 incen-

93 3664 192 3735 prioris
213 3670 256 3719 est
278 3663 406 3718 arbitrio.
423 3663 539 3727 Quoties
555 3663 650 3733 agitur
664 3663 841 3732 mandatum,
854 3679 887 3717 eo
929 3660 1060 3728 eandum,
1073 3660 1225 3715 sidomnus
1236 3662 1322 3716 abbas
1332 3679 1387 3716 ηοη
1401 3665 1728 3738 cantaveritvesperoset

91 3754 146 3822 jam
161 3759 287 3824 peracto,
303 3751 379 3806 venit
397 3757 463 3804 ante
478 3751 609 3820 priorem,
627 3757 655 3805 et
669 3751 811 3806 licentiam
829 3751 889 3822 pul·
929 3749 1112 3816 matutinum,
1128 3749 1175 3804 sed
1187 3751 1317 3806 sacerdos
1332 3751 1577 3822 hebdomadarius,
1599 3756 1647 3826 qui
1661 3763 1729 3812 tunc

93 3843 170 3896 sandi
185 3841 451 3912 quaeritPostquaav
467 3839 585 3894 dimittit
599 3840 721 3910 signam,
737 3840 890 3894 reuertitur
929 3853 992 3891 cum
1016 3854 1049 3892 eo
1076 3838 1213 3903 incensat,
1237 3839 1440 3911 huncquoque
1459 3843 1667 3913 apocrisiarius,
1697 3851 1730 3902 ut

94 3931 125 3983 ad
149 3931 244 3986 locum
266 3945 360 3994 suum,
381 3935 410 3984 ct
423 3945 485 3982 cum
502 3928 609 3982 ceteris
623 3927 753 3999 pergitin
769 3923 889 3984 refecto·
931 3925 1055 3996 predixi,
1070 3927 1156 3981 alium
1171 3927 1281 3988 invitat,
1303 3929 1352 3982 sed
1367 3929 1402 3982 de
1416 3930 1505 3984 altero
1520 3931 1605 3986 choro
1622 3943 1628 3980 ε
1654 3936 1729 4004 quod

92 4019 162 4074 rium
178 4020 214 4074 ad
235 4018 400 4084 bibendum,
417 4034 480 4072 mox
499 4024 565 4072 ante
580 4017 649 4071 alios
663 4033 837 4084 reversurus,
858 4024 891 4073 ut
932 4021 1036 4080 tamen,
1046 4014 1069 4069 si
1082 4015 1201 4069 domnus
1211 4015 1297 4070 abbas
1307 4033 1437 4087 vesperos
1448 4020 1652 4075 etmatutinum
1663 4037 1728 4077 can·

93 4108 235 4179 reeolligat
244 4107 281 4162 ed
290 4106 458 4162 servandum
469 4107 589 4161 conchas
599 4111 628 4161 et
638 4107 891 4178 manutergiaqui-
930 4103 1044 4173 taverit,
1057 4119 1113 4158 non
1125 4104 1191 4158 lacit
1202 4105 1284 4176 ;quia
1294 4110 1362 4158 tunc
1372 4103 1607 4162 hebdomadarius
1615 4125 1679 4164 cum
1695 4127 1728 4166 eo

92 4195 141 4252 bus
156 4214 227 4252 usus
242 4197 298 4250 fuit
311 4195 346 4250 ad
364 4196 538 4254 mandalum.
931 4209 964 4246 ex
977 4193 1180 4247 consuetudine
1195 4193 1358 4252 incensabit.
1375 4193 1464 4248 Debet
1478 4195 1506 4249 in
1526 4197 1663 4252 memoria
1676 4199 1727 4254 ha-

124 4287 196 4340 Post
219 4284 445 4356 completorium,
461 4284 583 4339 attendit
604 4290 637 4340 ut
660 4285 801 4356 portarius
827 4301 890 4340 cum
932 4280 1007 4350 bere,
1038 4287 1070 4336 ut
1093 4281 1244 4352 invigiliis
1271 4283 1468 4355 principalium
1493 4285 1639 4351 festorum,
1665 4292 1729 4359 post

90 4375 199 4446 aliquot
213 4373 337 4430 ecclesie
355 4373 517 4428 custodibus
530 4377 619 4428 totam
639 4379 781 4428 scrutetur
801 4360 1113 4438 oculo-Dmovutiuum,
1134 4371 1284 4442 invigiliis
1312 4388 1377 4427 vero
1401 4374 1512 4439 talium,
1539 4375 1612 4430 sicut
1638 4382 1682 4432 est
1697 4379 1726 4434 S.

90 4463 169 4530 uam,
187 4479 223 4518 ne
237 4463 302 4532 quis
319 4462 392 4517 sorte
406 4461 567 4516 lurlateudi
586 4462 690 4516 hebeat
702 4463 888 4517 occasionem.
931 4461 1047 4516 leuntiis
1062 4460 1202 4532 Baptistre,
1231 4461 1299 4516 dum
1320 4462 1421 4516 iratius
1437 4469 1504 4518 sunt
1522 4464 1726 4534 inresectum,

90 4551 203 4608 Ostium
220 4550 353 4616 ecclesie,
370 4551 444 4621 quod
459 4557 503 4605 est
516 4555 614 4604 contra
628 4551 781 4606 claustrum
803 4567 891 4622 prope
931 4551 976 4604 vel
991 4551 1015 4604 si
1028 4550 1070 4604 bis
1077 4551 1211 4617 relicitur,
1223 4557 1287 4621 post
1301 4567 1403 4606 nonam
1421 4552 1731 4626 dorsaliasusp‘endan·

90 4643 165 4711 quod
176 4644 240 4712 ejus
255 4649 298 4696 est
311 4641 409 4706 lectus,
424 4655 568 4711 nunquam
582 4640 611 4694 in
627 4646 708 4695 nocte
732 4656 795 4694 sera
809 4640 892 4695 obllr-
931 4645 979 4694 tur
997 4644 1026 4694 et
1049 4639 1150 4693 altaria
1165 4645 1368 4710 preparentur,
1388 4646 1417 4695 et
1434 4641 1458 4695 si
1472 4641 1568 4713 vigilia
1581 4644 1679 4700 cadem
1699 4646 1729 4702 iu

88 4747 168 4786 maro
184 4729 301 4796 omittit,
322 4729 408 4783 itaut
423 4745 479 4783 non
495 4729 584 4801 possit
606 4728 712 4800 absque
726 4728 802 4784 clave
815 4746 890 4784 rese·
932 4727 1078 4783 Dominica
1095 4729 1138 4782 vel
1158 4729 1187 4783 in
1200 4729 1257 4783 alia
1272 4729 1418 4784 duodecim
1435 4731 1588 4787 lectionum
1603 4733 1648 4789 die
1668 4753 1729 4792 eve·

89 4821 157 4882 rari,
171 4825 203 4875 et
216 4819 279 4891 ipss
291 4817 377 4872 clavis
390 4817 426 4872 ab
438 4819 500 4888 ejus
513 4818 666 4872 lateranen
677 4817 893 4876 recedit.Provi·
932 4817 1016 4884 uerit,
1032 4821 1098 4871 onte
1107 4817 1233 4888 vigiliam
1243 4819 1469 4890 suspendantur;
1487 4827 1514 4876 et
1529 4822 1552 4876 si
1567 4823 1669 4878 lestum
1680 4826 1730 4881 ali-

14 4919 15 4926 ’
88 4908 136 4964 det
146 4925 265 4981 quoque
278 4907 306 4962 in
320 4906 399 4962 sestis
415 4906 570 4978 praecipuis,
593 4911 625 4961 ut
640 4906 677 4960 ab
691 4907 819 4978 ingressu
833 4908 891 4962 lra-
933 4907 1008 4978 quod
1026 4906 1174 4962 duodecIm
1190 4906 1339 4962 lectionum
1353 4909 1481 4964 eamdem
1496 4911 1621 4980 vigiliam
1635 4913 1731 4969 subse·

14 5037 15 5066 ,
88 5005 166 5052 trum
183 4997 222 5051 ad
236 5002 390 5051 nocturnos
401 5012 490 5067 usque
509 4996 545 5050 ad
560 4996 645 5050 finem
659 4995 777 5066 majoris
789 4995 890 5062 missae,
933 4995 1030 5067 quitur
1044 5011 1077 5049 ea
1092 4994 1146 5061 die,
1160 4996 1294 5050 sicutnec
1313 4997 1387 5052 insra
1405 4998 1611 5054 hebdomadam
1621 5001 1730 5057 Nativi-

14 5129 15 5154 ,
88 5085 144 5142 duo
160 5085 448 5158 supermajassltaro
461 5084 534 5140 cersi
545 5084 678 5139 continuo
688 5085 818 5139 ardentes
828 5102 892 5157 par·
934 5084 1001 5139 tatis
1016 5082 1137 5141 Domini.
1153 5083 1270 5140 Paschae
1294 5092 1324 5140 ct
1342 5086 1521 5143 pentecostes
1537 5089 1659 5144 dorsalia
1674 5106 1730 5146 non

88 5181 233 5242 sererent,
249 5173 365 5245 quadiu
378 5173 449 5238 aliis,
462 5189 524 5245 quae
536 5173 564 5227 in
578 5173 673 5245 cappis
689 5180 821 5244 aguntur,
834 5181 895 5230 ton-
935 5174 1127 5246 deponantur3
1145 5180 1172 5228 et
1185 5174 1256 5229 utin
1267 5174 1357 5229 tribus
1372 5176 1638 5232 diebuscorumdsm
1648 5177 1731 5234 losto-

88 5271 149 5318 tum
166 5261 209 5316 ad
225 5261 341 5316 missam
357 5261 532 5316 observatur.
935 5261 1059 5334 numqui
1070 5261 1191 5334 primum
1206 5270 1373 5334 sequuntur,
1385 5271 1413 5318 et
1425 5264 1454 5318 in
1464 5267 1731 5323 conmemoratione

117 5353 171 5407 Est
198 5351 373 5406 consuetudo
386 5350 418 5405 in
442 5356 540 5405 octava
565 5351 754 5414 pentecostes,
771 5351 801 5405 in
823 5351 894 5405 leste
936 5353 963 5407 S.
981 5351 1061 5406 Pauli
1076 5351 1147 5406 nihil
1162 5352 1197 5406 de
1212 5353 1333 5408 ecclesiae
1344 5353 1644 5424 apparatuminuatur.

88 5440 232 5494 Omnium
247 5440 427 5516 Sanctorum,
443 5439 473 5494 in
483 5439 664 5497 Dedicatione
679 5440 811 5506 ecclesie,
827 5440 894 5494 etin
972 5439 1061 5495 Debet
1075 5441 1159 5495 etiam
1175 5442 1204 5495 in
1218 5441 1355 5496 memoria
1369 5441 1472 5496 habere
1483 5443 1597 5496 modum
1614 5446 1733 5516 quemli-

87 5527 217 5584 summis
225 5527 312 5596 lestis,
321 5527 394 5584 utad
404 5528 892 5598 tertiamnoctumorumleetionem,
935 5527 983 5584 bet
1005 5528 1199 5596 festivitatum,
1215 5527 1360 5601 inquibus
1382 5529 1572 5589 totaecelesia
1590 5531 1734 5606 palliissit
