3970 6172
118 310 183 370 ccec
671 305 757 363 cccc
775 301 968 362 ssssucccc
985 303 1066 358 aas.
1088 301 1190 363 etus.
1682 305 1752 366 cao
1849 345 1851 350 .

113 433 191 491 ciens
214 431 381 488 delictorum
404 427 606 485 cordenionero
625 429 694 500 egit,
719 427 1045 501 mempttsqueapccero
1060 440 1111 480 suo
1125 424 1160 481 de
1172 430 1268 482 monta
1281 425 1472 492 descenderet,
1492 427 1575 500 copie
1592 426 1667 484 idem
1682 443 1755 501 puer

114 523 216 580 divinis
230 519 425 586 sacramentis,
443 525 542 575 orante
556 525 636 574 tanto
652 519 745 583 Patre,
761 518 840 574 ocius
850 533 915 572 eon·
955 513 1034 585 gravi
1049 514 1143 570 dolore
1157 513 1232 569 illius
1252 532 1361 577 manus.
1379 533 1441 588 qua
1465 515 1532 571 furti
1555 517 1751 584 consciuerat,

114 611 212 668 veluit,
584 649 588 660 .
956 610 1081 662 rexatus,
1096 609 1173 659 totus
1187 607 1318 669 tremere,
1346 613 1511 677 petcemque
1526 605 1754 661 hisvocibusin·

150 698 196 757 36.
214 693 626 754 crematasuoctmnsattum
640 695 694 750 mei
718 695 841 751 nominis
857 695 916 750 lra-
957 693 1107 764 terpellarc
1132 710 1168 748 ιι
1188 694 1320 750 decurre.
1351 701 1440 766 pater,
1468 710 1582 750 accurre
1609 695 1683 752 citus
1718 711 1755 752 en

114 794 201 848 trem,
214 785 260 858 qui
271 785 338 840 dum
352 784 437 839 nimis
452 785 582 840 incautus
593 801 678 856 super
691 785 824 841 solarium
837 785 915 839 cnirae
958 781 1072 842 morior,
1089 780 1141 835 nisi
1156 781 1287 838 subvenis
1303 783 1469 854 quantocius
1502 785 1656 856 »Cumque
1670 784 1754 840 homo

116 873 276 932 altitudinis
289 873 618 932 temerariusincedecet.
629 875 724 946 lapsus
733 881 785 928 est.
795 879 822 928 et
837 879 917 928 tanto
958 869 1126 924 illecnanunc
1138 870 1199 932 tilii,
1213 879 1363 943 utcumque
1370 873 1429 942 jam
1439 871 1584 928 brachium
1596 873 1756 928 valdeintu·

115 981 185 1020 casu
198 961 330 1018 omnibus
345 978 415 1033 pena
429 962 535 1017 attritis
546 961 665 1020 ossibus.
678 963 706 1017 in
716 963 829 1017 domum
841 962 918 1017 indr·
960 973 1081 1012 mescere
1095 967 1233 1024 cerneret,
1249 959 1336 1014 nimia
1345 961 1449 1015 doloris
1463 962 1604 1016 anxietate
1613 961 1754 1031 turbatus,

118 1069 229 1107 morum
245 1051 365 1112 delatus.
383 1051 479 1106 multis
493 1051 621 1123 quamvis
630 1051 794 1106 balneorum
809 1050 916 1110 usibus,
959 1048 1010 1102 hos
1026 1048 1059 1102 ad
1076 1049 1176 1103 coelucn
1193 1047 1323 1120 displosis
1339 1050 1466 1105 manibus
1483 1051 1592 1105 serebat
1609 1052 1753 1120 ejulatus:

118 1158 168 1197 seu
185 1140 396 1212 epithimiorum
412 1139 488 1194 totus
503 1139 724 1200 medicamentis.
741 1139 854 1209 jacebat
868 1140 919 1193 de·
961 1157 971 1188 ι
995 1137 1039 1192 Me
1054 1137 1187 1192 miserum
1221 1137 1287 1209 quid
1310 1138 1416 1210 agam?
1436 1139 1537 1195 Sancte
1558 1141 1668 1209 angele.
1688 1139 1757 1213 quid

118 1236 258 1300 speratus.
278 1227 349 1284 lluic
365 1227 471 1297 jacenti
491 1227 571 1299 quasi
592 1227 713 1282 exanimi
733 1233 762 1283 et
782 1227 920 1283 dissoluto
959 1225 1182 1290 laceremluisti,
1198 1235 1227 1281 ut
1239 1226 1352 1282 unicum
1365 1229 1622 1300 orsumquemtibi
1634 1245 1757 1301 prasen-

119 1333 205 1372 senex
220 1317 324 1371 canitie
344 1323 374 1372 et
391 1317 462 1372 albis
479 1317 601 1372 recubus
620 1317 739 1373 decorus
760 1317 789 1372 icc
813 1316 920 1372 somnis
960 1319 1096 1373 tacerem,
1115 1314 1155 1369 sic
1169 1314 1283 1370 tolleres
1298 1315 1387 1371 mihil
1402 1317 1548 1388 »Recepto
1566 1325 1662 1373 tamen
1673 1333 1758 1374 sensu

119 1405 198 1460 risus
211 1413 264 1462 est.
280 1405 375 1460 dicens
386 1404 426 1460 illi
438 1425 461 1459 :c
474 1405 599 1476 surgens
607 1421 725 1477 sequere
740 1421 794 1460 me.
807 1424 820 1458 ι
836 1404 920 1461 Cum·
960 1408 989 1457 et
1002 1403 1107 1458 sedatis
1121 1403 1262 1476 lacrymis.
1278 1405 1438 1462 sciscitatur
1448 1423 1565 1477 puerum
1582 1406 1759 1462 sermonibus

119 1509 176 1566 quo
191 1495 279 1549 trater
293 1501 407 1565 propter
424 1492 563 1549 delectum
579 1511 672 1558 auum,
692 1495 772 1565 cujus
791 1500 852 1550 crat
867 1493 919 1550 sibi
962 1490 1093 1546 blandis:
1113 1511 1124 1543 ι
1146 1492 1237 1546 Chare
1251 1491 1346 1554 filiole,
1364 1493 1430 1564 quid
1447 1493 1552 1549 lecistil
1563 1493 1636 1550 llum
1650 1495 1677 1550 in
1693 1511 1760 1550 san·

118 1583 257 1644 conscius,
281 1582 436 1639 haesitando
449 1599 555 1637 moram
570 1584 683 1647 taceret,
700 1599 811 1639 rursum
827 1585 922 1639 senior
962 1579 1078 1636 etuariis
1092 1578 1196 1652 aliquid
1210 1581 1328 1652 tetigisti
1344 1582 1419 1638 unde
1433 1583 1522 1638 sancti
1534 1583 1696 1655 archangeli
1706 1583 1760 1639 cel·

119 1671 321 1744 ingeminans:
338 1695 348 1718 ·
371 1672 470 1740 Surge,
486 1671 588 1728 aicbat.
604 1687 707 1742 surge3
728 1679 757 1727 et
777 1673 851 1728 hunc
866 1688 922 1744 quo
963 1667 1114 1725 altudinem
1131 1667 1202 1724 torta
1215 1669 1393 1726 attenderes?
1409 1691 1426 1744 c
1442 1671 1513 1727 'l'ucn
1529 1671 1597 1727 ille:
1616 1692 1629 1725 ι
1648 1673 1693 1728 lta
1706 1677 1759 1740 ast,

120 1759 249 1817 mernbra
262 1759 367 1815 delcilia
381 1767 523 1816 sustentes
532 1759 628 1832 accipe
649 1761 788 1816 barulum.
813 1783 823 1810 ι
841 1741 1114 1829 derelinqaam
1134 1766 1231 1814 sancto
1255 1761 1319 1829 rjus
1341 1777 1420 1816 cereo
1448 1761 1601 1833 particulas
1622 1761 1761 1833 quasdam

120 1850 220 1928 igitur
234 1849 317 1912 iacto,
333 1866 396 1905 eum
420 1849 493 1905 idem
517 1866 593 1922 roger
616 1849 688 1922 patri
706 1850 855 1906 Benedicto
869 1850 922 1905 sibi
964 1848 1032 1903 mihi
1047 1847 1185 1921 subripui.
1210 1869 1221 1898 c
1243 1849 1284 1903 ad
1302 1849 1447 1905 brechene
1466 1866 1579 1906 causam
1601 1850 1762 1922 intelligens

119 1939 259 1994 assidenti
273 1938 387 1994 visionis
401 1938 487 2007 hujus
501 1939 627 1994 ordinem
644 1939 788 2010 panderet.
805 1939 923 2010 contigit
964 1937 1064 1992 morbi.
1080 1937 1114 1992 ad
1134 1943 1230 1993 saneta
1246 1954 1400 2010 regressus.
1426 1939 1546 2011 petendo
1570 1939 1679 1994 veniam
1702 1938 1762 1994 nati

118 2035 153 2084 ut
176 2027 267 2084 bonus
286 2026 458 2082 Teutonicus
477 2026 606 2082 barulum
624 2027 806 2082 fabrefactum
827 2027 923 2084 abbati
963 2025 1098 2081 recubus.
1126 2026 1289 2098 lacrymosis
1310 2026 1469 2100 complebat
1483 2028 1684 2084 monasterium
1704 2029 1763 2083 cla·

119 2117 246 2172 onemo.
266 2116 354 2182 Quem
368 2116 442 2171 idem
459 2115 543 2171 Pater
555 2116 667 2172 indrmo
681 2115 827 2186 bajulans:
841 2139 854 2166 a
874 2116 924 2172 llic
964 2113 1098 2169 moribus.
1119 2114 1227 2180 Quibus
1248 2115 1356 2170 excitus
1371 2116 1522 2172 adveniens
1542 2133 1606 2173 cum
1629 2116 1763 2173 tratribus

120 2211 177 2266 est,
195 2205 298 2277 inquit,
314 2204 429 2261 baculus
443 2204 505 2266 tibi,
521 2205 559 2260 dli
579 2205 753 2270 charissime,
770 2206 798 2260 io
818 2204 924 2260 somnis
964 2207 1007 2257 vir
1019 2202 1141 2264 Docccini,
1157 2203 1338 2259 uehementer
1346 2205 1490 2260 condoluit
1510 2206 1613 2261 misero
1631 2205 1741 2260 homini
1756 2223 1763 2260 ι

119 2293 256 2358 traditus,
267 2293 372 2365 mmipe.
386 2293 457 2349 nihil
469 2293 628 2358 addubites,
653 2311 747 2364 surge.
772 2314 785 2346 o
801 2292 853 2358 Qui
869 2300 926 2348 sta·
967 2299 996 2348 et
1010 2292 1082 2347 lacta
1098 2293 1326 2364 orationesque.
1339 2311 1424 2365 quam
1436 2311 1499 2350 mox
1511 2293 1662 2358 benedixit,
1675 2311 1765 2350 meru·

119 2383 187 2438 tim.
199 2382 326 2437 calcabile
340 2383 418 2438 dictu
431 2383 438 2436 l
452 2382 490 2437 ita
506 2392 616 2438 erectus
629 2388 681 2438 est.
697 2391 728 2437 ut
744 2382 829 2454 pedes
843 2389 927 2437 ecate-
967 2380 1017 2436 bra
1034 2381 1111 2453 pueri
1128 2381 1252 2437 dolentia
1266 2398 1299 2436 ac
1309 2383 1416 2438 tumida
1429 2385 1573 2456 aspergit:
1591 2389 1619 2439 et
1640 2382 1678 2438 ita
1693 2382 1766 2454 patri

120 2472 206 2545 rique
220 2477 300 2528 artus
313 2471 506 2542 suadaimeps
519 2471 611 2527 allicis
625 2479 740 2527 strenue
754 2471 888 2526 t'cccerent.
967 2486 1066 2525 sanum
1080 2478 1107 2525 et
1123 2470 1194 2526 bene
1209 2488 1239 2527 se
1255 2470 1358 2526 habere
1377 2472 1546 2527 clamantem
1570 2471 1658 2527 tilium
1683 2471 1766 2528 resti-

158 2559 205 2619 37.
218 2561 356 2628 Tecnpoce
370 2560 492 2632 quodam
507 2560 648 2616 communi
670 2561 792 2616 utilitate
805 2560 924 2616 fratrum
965 2558 1029 2614 tuit.
1046 2558 1157 2623 Quanto
1172 2560 1218 2614 ille
1234 2559 1486 2631 honusrirgaudio
1498 2561 1767 2632 descendenstripu·

123 2635 288 2706 admonitus
302 2649 331 2705 in
348 2649 570 2722 toogobacmam
586 2649 695 2705 exierat
709 2670 715 2704 :
727 2649 774 2704 sed
791 2649 924 2720 quoniam
966 2647 1053 2702 discit
1067 2664 1100 2702 ecc
1118 2648 1200 2703 laruda
1212 2648 1371 2724 archangeli
1391 2657 1477 2722 atquc
1487 2650 1548 2719 ejus
1564 2649 1660 2705 iacnuli
1677 2649 1766 2706 Bene-

123 2737 221 2809 gregis
236 2737 291 2792 sihi
309 2737 452 2792 conmcissi
476 2736 577 2792 absens
598 2737 683 2793 etiam
707 2737 924 2792 sollicitudinem
967 2737 1043 2800 dicti,
1059 2743 1193 2803 etcantu,
1215 2743 1371 2810 quototum
1387 2754 1488 2793 necnus
1503 2738 1661 2804 resonabat,
1680 2737 1767 2794 intel·

123 2825 254 2898 gerebat,
266 2843 329 2881 cum
348 2843 426 2881 more
437 2825 521 2881 solito
532 2827 680 2896 pastilam¹
693 2826 822 2881 latorium
836 2825 912 2897 lacry
969 2826 1016 2897 ligi
1033 2826 1133 2898 potuit.

125 2931 223 2970 mosas
244 2931 339 2987 preces
360 2915 439 2986 quasi
466 2913 601 2987 prutiliis
624 2915 787 2970 holocausta
808 2914 927 2970 ιιοιιιίιιο
1004 2913 1047 2972 39.
1064 2918 1136 2971 Puer
1149 2933 1184 2971 cr
1193 2917 1272 2980 ιαιιιιι
1284 2918 1395 2972 icterus.
1412 2917 1510 2989 Neque
1520 2917 1588 2974 illud
1600 2917 1767 2975 miraculum

124 3003 286 3061 obtulisset.
307 3004 414 3076 positus
438 3003 465 3058 in
486 3003 581 3064 cubili,
602 3005 686 3076 rupit
702 3010 819 3058 tratrucn
837 3019 928 3058 mores
951 3003 1154 3074 ‚reticendum
1168 3005 1241 3076 quod
1258 3005 1338 3060 multi
1353 3006 1400 3078 qui
1417 3006 1519 3066 cidere,
1539 3023 1640 3079 magno
1653 3015 1769 3078 stupore

124 3109 159 3149 ac
173 3092 260 3147 citam
275 3093 371 3148 animo
384 3109 479 3148 secum
497 3093 645 3147 revolvere.
666 3092 729 3148 chli
753 3063 1082 3164 igiturcuc·a‚¹¹attomti
1104 3095 1197 3148 solent
1218 3110 1360 3150 enarrare.
1381 3095 1501 3160 Quidam
1520 3096 1768 3154 cismontanorum

125 3189 160 3238 ut
181 3183 296 3242 assolet,
321 3181 484 3237 eructuanti
505 3197 622 3236 soranus
646 3181 781 3253 obrepsit.
807 3181 930 3252 viditque
971 3180 1118 3245 nobilium,
1151 3183 1217 3237 dum
1250 3183 1336 3238 cellas
1370 3183 1443 3239 ultra
1475 3195 1585 3240 cnontos
1616 3185 1768 3258 aliquande

125 3273 261 3343 angelum
275 3271 355 3342 quasi
366 3271 538 3326 succinctum
550 3277 579 3325 et
592 3269 626 3324 ad
642 3269 697 3325 iter
709 3271 849 3340 agendum
862 3285 929 3341 prs·
970 3273 1113 3330 reviseret.
1131 3273 1220 3328 dlium
1240 3291 1322 3330 suum
1340 3276 1497 3347 parvulum,
1514 3277 1560 3348 qui
1577 3277 1668 3349 Guigo
1687 3295 1769 3335 roca·

125 3369 277 3433 paratum
295 3378 377 3432 quem
393 3360 592 3431 interrogans:
610 3380 621 3412 ι
644 3360 705 3425 Quo
728 3366 769 3415 tu.
795 3359 897 3432 inquit,
912 3377 929 3414 u
971 3361 1063 3426 batur,
1079 3368 1157 3418 tanto
1173 3363 1244 3434 paui
1260 3363 1293 3418 ad
1311 3365 1495 3421 cnonasticum
1511 3367 1637 3422 ordinem
1648 3367 1770 3426 educau-

126 3450 220 3512 beate,
242 3452 284 3506 sic
303 3450 424 3505 intendis
440 3449 578 3522 pergere?
598 3449 674 3504 »Cui
693 3449 834 3518 angelus:
854 3467 865 3500 ι
887 3447 928 3503 dd
970 3451 1037 3506 dunc
1058 3451 1224 3507 tradiderat.
1250 3451 1340 3518 Quem
1367 3453 1433 3509 duccc
1459 3453 1488 3509 in
1513 3471 1585 3526 eqcco
1606 3456 1769 3514 ellrenando

125 3540 332 3596 monasterium
347 3540 427 3595 cado.
439 3537 927 3611 jccssultmcrinicorrepturusquecn-
970 3540 1055 3596 nimis
1069 3557 1102 3596 ae
1116 3540 1200 3596 leroci
1220 3558 1236 3596 a
1257 3541 1345 3597 icatre
1363 3543 1416 3597 sibi
1433 3543 1500 3598 dato
1522 3561 1616 3600 secum
1641 3545 1768 3614 duceret,

125 3629 192 3684 dam
208 3631 321 3684 taetram
338 3627 928 3701 irnpcanitenteccc,eticnmencoremficetum
969 3644 1043 3684 unus
1069 3647 1103 3684 ex
1127 3630 1264 3702 promptis
1291 3631 1404 3686 tacnulis
1426 3631 1593 3688 llorestinus
1613 3641 1707 3690 tnotus
1727 3640 1771 3692 est

125 3719 172 3775 sui
187 3719 294 3774 delicti.
317 3738 328 3770 c
345 3717 491 3788 Simulque
507 3717 638 3786 designat
652 3717 692 3772 illi
706 3723 735 3772 et
754 3733 855 3772 nornen
872 3719 928 3770 t'ra·
970 3717 1073 3782 hocno,
1088 3719 1185 3774 videns
1200 3721 1347 3791 puerulum
1362 3720 1426 3792 equi
1441 3720 1616 3792 icccpaticntis
1631 3723 1772 3780 instabili·

125 3809 181 3864 tris
207 3817 237 3864 et
250 3807 306 3863 acti
324 3806 457 3862 facinoris
481 3808 539 3863 Nee
554 3807 642 3862 multo
663 3815 725 3878 post
746 3812 873 3879 tencpocc·
889 3806 930 3860 cir
970 3813 1029 3862 tate
1039 3809 1178 3878 jac-tatum
1200 3809 1338 3872 laborare,
1354 3809 1489 3881 imposuit
1501 3812 1578 3867 illum
1593 3812 1621 3869 in
1637 3815 1722 3878 ccculu,
1739 3819 1772 3870 ut

128 3896 179 3953 liei
195 3895 834 3968 admentemragresus,incenitmonachuccc
850 3895 929 3949 illum
972 3896 1171 3952 mansuetioris
1199 3896 1330 3952 animalis
1357 3899 1440 3952 dorso
1468 3900 1580 3956 suarius
1603 3902 1771 3972 jactaretur.
1857 3881 1858 3891 ἵ

127 3985 258 4058 angelica
269 3984 375 4040 risione
389 3991 528 4041 notatum.
537 3985 608 4040 lecto
621 3983 930 4057 graciagcctuoinede·
971 3983 1092 4039 Ventum
1107 3989 1167 4040 erat
1181 3984 1218 4038 ad
1232 3985 1322 4039 locum
1336 3985 1482 4055 cujusdam
1492 4003 1599 4058 magnae
1613 3990 1691 4045 callis
1706 4007 1770 4063 quoa

127 4075 292 4131 cubantem.
304 4073 351 4146 qui
369 4090 432 4129 mccx
446 4074 566 4129 adventu
581 4075 653 4144 ejus,
668 4089 751 4146 quem
767 4073 866 4128 anxius
881 4091 930 4145 op·
974 4072 1120 4127 Gcmmisia
1132 4073 1244 4132 dicitur,
1259 4073 1307 4129 uhi
1325 4073 1393 4128 Besa
1409 4074 1547 4130 violentus
1563 4077 1665 4140 amnis,
1680 4080 1770 4136 exesis

128 4163 303 4237 pariebatur,
315 4163 469 4228 exsultans,
477 4169 508 4218 ut
518 4179 548 4218 se
563 4163 688 4217 visitaret
702 4161 808 4220 oravit:
825 4169 854 4217 et
862 4178 930 4217 occu·
972 4161 1105 4233 utcinque
1119 4161 1179 4215 accis
1203 4160 1279 4233 cipis.
1304 4161 1375 4216 eiam
1399 4161 1453 4216 iter
1472 4164 1619 4235 agentibus
1640 4167 1721 4238 Juxta
1740 4185 1771 4224 ee

128 4255 222 4308 tessus
233 4261 377 4325 pecatum
393 4251 473 4314 illud.
490 4268 540 4325 pro
558 4269 613 4325 quo
627 4251 720 4306 divino
732 4251 842 4322 flagello
858 4251 931 4306 mul·
972 4250 1075 4306 habere
1090 4267 1144 4305 nco
1161 4250 1275 4322 patitur.
1290 4251 1349 4306 llac
1365 4251 1451 4322 igitur
1464 4262 1581 4325 cogente
1592 4255 1769 4324 necessitate,

129 4341 257 4405 tabatur,
273 4341 384 4396 indictae
398 4340 605 4412 poenitcntiaeet
615 4341 773 4396 matianum
784 4341 846 4410 ejus
858 4337 1188 4438 salu-Dascendentihus
1218 4338 1274 4394 illis
1302 4355 1351 4411 per
1377 4351 1482 4395 arctam
1511 4342 1640 4399 sancitam
1667 4345 1771 4402 montis

129 4431 186 4486 tari
201 4429 410 4493 condomam
425 4429 517 4485 solum
530 4429 698 4497 animemed
709 4429 793 4486 etiarn
807 4428 931 4502 corporis
972 4444 1052 4484 secus
1065 4427 1158 4500 positi,
1175 4427 1249 4483 unde
1271 4429 1477 4485 transeuntium
1501 4447 1551 4502 per
1572 4434 1661 4489 ardua
1676 4436 1772 4493 oculos

129 4519 186 4574 cito
202 4518 324 4574 salutem
339 4518 505 4591 promeruit.
973 4516 1054 4572 hians
1068 4516 1186 4588 abyssus
1199 4532 1250 4572 sue
1263 4517 1411 4573 altitudine
1426 4526 1518 4590 potest
1532 4521 1682 4582 offendere.
1697 4528 1771 4581 aeci-

166 4605 213 4666 38.
231 4609 370 4662 amotam
385 4624 486 4663 cereus.
507 4607 709 4680 Langobardos
724 4606 838 4679 quidam
849 4622 934 4662 causa
974 4607 1016 4662 dit
1031 4615 1062 4662 ut
1076 4607 1167 4662 intans
1182 4607 1229 4662 ille
1239 4607 1411 4680 ticnoreequi
1422 4613 1573 4680 praeeuntis
1584 4619 1613 4668 et
1626 4615 1772 4688 hucatque

129 4695 270 4752 orationis
288 4695 324 4751 ad
341 4695 475 4752 Sanctum
492 4696 654 4754 blihaelem
671 4705 784 4752 venerat
797 4711 859 4752 cum
873 4713 936 4768 pro·
975 4694 1043 4751 illuc
1058 4702 1138 4768 terga
1153 4695 1300 4762 versantis,
1324 4697 1435 4752 henum
1455 4699 1540 4755 nimis
1563 4703 1688 4768 trahens,
1707 4722 1773 4762 curn

129 4785 194 4858 prio
209 4784 279 4840 lllio.
290 4784 420 4849 Quidum
436 4785 573 4842 attentius
582 4802 669 4858 agens
681 4802 776 4842 curam
787 4785 933 4848 orationis,
975 4783 1073 4839 eudem
1090 4785 1166 4840 cccula
1178 4785 1224 4839 cui
1239 4784 1379 4840 insidebat
1391 4785 1420 4841 in
1436 4804 1558 4860 praeceps
1581 4799 1685 4855 rueret,
1703 4796 1775 4852 mul.
1822 4792 1827 4803 '

129 4880 234 4930 cuncta
252 4873 375 4929 Oratorii
390 4873 523 4930 circuiret
535 4874 646 4938 altaria,
669 4874 771 4930 accidit
785 4874 874 4929 tilium
899 4874 933 4929 li·
974 4879 1060 4945 taque
1071 4890 1158 4930 arena
1171 4880 1257 4946 atque
1271 4873 1412 4946 lapidibus
1423 4875 1452 4932 in
1464 4877 1548 4934 dorso
1563 4881 1666 4938 montis
1678 4883 1773 4954 jacen·

129 4963 243 5022 sendus
262 4961 357 5034 uagari
378 4963 466 5035 patris
489 4963 613 5020 solutum
635 4964 772 5019 custodia.
792 4963 847 5029 Qui
870 4963 935 5020 licet
974 4961 1049 5018 tibus
1073 4979 1169 5019 secum
1189 4963 1336 5027 devolutis,
1359 4965 1393 5021 ad
1417 4965 1476 5022 ima
1493 4967 1680 5027 delaberetur.
1696 4973 1774 5028 Tune

129 5052 234 5128 puerili
261 5065 357 5107 rerum
381 5050 469 5108 uictus
492 5051 727 5125 eoncupiscentia,
749 5051 784 5106 de
811 5052 935 5123 paschali
975 5051 1234 5124 patrc'Beuedicto,
1251 5053 1299 5126 qui
1318 5069 1374 5110 non
1387 5055 1472 5128 longe
1485 5058 1709 5130 subsequebatur
1733 5061 1773 5118 si·

128 5158 215 5199 careo
229 5146 298 5197 aute
311 5146 441 5198 sanctum
455 5141 555 5208 altare,
572 5149 604 5197 ut
625 5142 711 5197 mons
730 5148 782 5207 est,
797 5149 863 5204 scto,
878 5141 936 5197 as
974 5156 1062 5212 gnucn
1076 5142 1167 5197 crucis
1180 5158 1266 5214 super
1279 5143 1425 5199 cadentem
1438 5145 1600 5218 frequenter
1614 5147 1733 5204 faciente
1744 5154 1774 5206 et

127 5233 184 5289 tim
200 5231 395 5303 portiunculas
414 5231 589 5301 compilarit.
609 5231 689 5297 Quod
714 5228 827 5286 tametsi
848 5229 935 5286 videri
977 5236 1086 5293 orante,
1114 5230 1182 5286 illuc
1206 5230 1322 5287 aliunde
1350 5233 1492 5302 curritur;
1512 5238 1541 5289 et
1566 5251 1637 5305 puer
1659 5237 1773 5308 quidem

126 5324 247 5395 potecat
266 5319 937 5392 rcongraadcpieculucu,cirtustamenarchan·
977 5320 1055 5375 mula
1073 5319 1187 5376 aliunde
1208 5336 1350 5388 excussus,
1376 5322 1501 5394 quamvis
1534 5323 1607 5378 mole
1636 5329 1718 5382 terra
1741 5343 1774 5384 ae

126 5410 190 5484 geli
205 5409 283 5465 istud
302 5425 359 5464 non
380 5408 489 5466 dimisit
512 5409 635 5465 inultum
662 5429 668 5464 ι
690 5416 722 5465 ut
744 5409 933 5482 postmodum,
975 5425 1105 5465 saccorum
1119 5408 1237 5465 obrutus
1251 5418 1280 5466 et
1293 5409 1430 5481 sepultus,
1447 5410 1525 5466 nulla
1544 5419 1638 5468 tamen
1653 5415 1775 5488 alicuius

126 5499 230 5562 credo,
241 5498 385 5554 evidenter
391 5499 560 5555 claresceret
573 5499 639 5572 quid
650 5499 756 5555 taceret
765 5515 815 5572 per
824 5499 936 5556 ildelem
977 5498 1099 5556 lesionis
1112 5499 1193 5569 signa
1206 5498 1313 5554 habeus
1326 5498 1478 5562 invenitur.
1489 5515 1553 5556 cum
1568 5501 1598 5557 in
1612 5503 1683 5559 sella
1692 5506 1776 5564 mule

126 5604 220 5649 mum
234 5586 586 5650 senmurumusmcum
599 5587 938 5664 paulopostrircllecucu
977 5593 1038 5646 toto
1050 5603 1168 5662 corpore
1189 5587 1348 5646 ddaeerata
1367 5602 1404 5646 ue
1427 5603 1484 5648 uua
1504 5590 1644 5665 particula
1664 5592 1777 5670 integra

255 5685 389 5754 Parnon
411 5687 471 5754 dt.
1615 5689 1655 5756 tt
