3896 6170
248 271 320 348 ltu
701 313 704 320 ι
760 270 792 334 s.
812 268 1009 332 sunuurau
1027 267 1181 328 ussurus
1198 268 1370 338 mustus.
1780 279 1834 342 qq
1899 339 1903 350 ¹

246 399 1077 477 nundinabodiestiaaeibmriiaascitur,reltantumdemA
1085 399 1186 470 ieiunii
1201 415 1256 457 non
1267 395 1619 471 levet‚tlsttamenlibmm
1629 399 1778 476 etjustltlam
1786 421 1835 462 cum

247 496 404 564 nummu·
419 490 474 556 Olli
496 491 582 555 eben
601 489 764 550 cellerarius
783 488 866 544 anuis
883 488 1002 558 nugulis
1016 487 1047 541 in
1087 485 1181 562 aliquo
1191 491 1295 556 edulio,
1310 491 1383 546 sieut
1396 508 1447 562 per
1455 495 1546 545 totum
1561 505 1668 558 anuum,
1684 497 1708 546 at
1718 491 1800 549 libram
1810 495 1836 550 (le

246 577 566 648 nutrientibus,
588 576 1046 650 plaustrumunumprofenide-
1086 578 1137 633 tali
1156 595 1238 650 pano,
1268 580 1378 652 qualem
1406 579 1511 634 babent
1541 578 1639 634 fratres
1662 579 1689 634 in
1712 579 1836 638 refectorio,

245 665 330 740 une
346 667 390 734 rel
403 683 490 732 urum
502 668 659 728 mulum...
1087 667 1341 740 quameunque
1351 669 1431 740 punis
1447 667 1476 722 tn
1491 667 1634 722 refectorio
1647 667 1775 724 saturn
1786 671 1839 726 nee

284 755 431 836 Pstitwttt
444 761 536 821 buu
549 756 707 816 terirentur
716 755 1047 828 qumquiduoeoeltem
1087 771 1246 830 mosynam,
1258 753 1326 814 tunc
1338 758 1398 830 ipse
1408 757 1640 830 eleemosynarius
1653 755 1680 812 in
1693 759 1839 833 sequentidla
1906 753 1907 768 ¹

245 843 385 916 numus,
409 845 544 912 numus,
562 846 607 904 rai
627 861 711 917 opaea
731 861 866 901 manuum
889 845 1045 912 metietur,
1086 843 1116 900 lu
1130 844 1317 906 infirmetiam
1337 846 1411 901 infru
1429 845 1550 918 priorem
1565 845 1674 900 missam
1686 838 1742 900 eum
1760 846 1840 916 tumulo

246 932 388 1006 mititte
406 935 444 998 tis
470 935 539 998 turb
562 935 605 994 rel
626 935 849 1007 possessionibus
867 935 973 990 nostris
996 935 1047 998 de·
1086 951 1140 990 aua
1153 935 1239 999 venit,
1254 940 1283 990 et
1304 935 1377 1007 quod
1397 935 1488 1006 pridie
1504 933 1622 988 infirmis
1635 933 1667 988 de
1679 949 1743 1005 pane
1754 939 1778 988 et
1789 939 1840 1006 potu

249 1019 349 1092 hilar,
367 1023 503 1096 quiquid
516 1023 614 1098 euritii
628 1023 665 1082 sd
680 1024 888 1088 mqueesionem
904 1024 1047 1079 uenientes
1086 1023 1236 1096 superfuit,
1246 1023 1281 1078 nd
1296 1039 1368 1096 opus
1377 1039 1532 1095 pauperum
1545 1021 1652 1095 accipit.

248 1111 406 1182 unicurt.
417 1112 456 1178 Ex
467 1112 571 1184 quibu·
584 1118 680 1172 umen
693 1112 778 1168 rubus
791 1113 827 1168 et
840 1113 917 1185 ipsos
931 1113 1050 1168 ucetien-
1123 1111 1264 1178 Quotidie,
1277 1111 1301 1168 si
1315 1117 1359 1167 est
1371 1112 1522 1178 littamtus,
1533 1111 1662 1167 lectorem
1670 1109 1709 1165 rel
1721 1113 1841 1166 armarium
1907 1130 1908 1140 ¹

249 1199 311 1268 dqq,
322 1200 347 1264 lli
366 1202 521 1264 monacum
531 1202 644 1258 iuturus
657 1208 701 1260 est
715 1204 837 1274 pretium
848 1203 966 1274 triginta
984 1203 1049 1258 soli-
1088 1201 1254 1272 interroget,
1264 1207 1332 1273 quot
1342 1201 1458 1256 nomina
1466 1201 1657 1256 defunctorum
1666 1199 1842 1254 fratrumestlla

248 1289 361 1358 lemn.
384 1289 463 1352 aide
487 1290 672 1350 antenoribus
694 1290 829 1347 fratribus
850 1291 964 1346 futurus
993 1298 1046 1358 set,
1088 1291 1271 1362 pronuntiata
1285 1290 1385 1345 sintin
1397 1290 1529 1360 capitulo,
1542 1295 1574 1344 ut
1587 1289 1843 1361 ipsequoqueprote

246 1378 372 1450 willifs
383 1378 467 1444 buius
485 1379 791 1447 [slantiaoamerario
805 1380 865 1435 sine
879 1381 987 1436 decima
1001 1397 1049 1437 en-
1088 1377 1204 1433 ritauda
1221 1381 1325 1434 erroris
1347 1383 1376 1434 et
1400 1378 1548 1434 oblivionis
1574 1377 1734 1452 negligentis
1754 1375 1844 1431 totidem

245 1467 379 1539 sipisim·
404 1467 444 1528 Es
457 1473 553 1528 temen
570 1473 683 1526 tentum
706 1485 762 1524 non
782 1454 970 1540 decimantur,
987 1487 1049 1542 ques
1089 1466 1254 1540 praebendas
1267 1468 1372 1524 scribet
1381 1469 1410 1523 in
1422 1465 1632 1539 tabulajuglter
1640 1465 1674 1521 ad
1682 1465 1730 1520 boe
1737 1465 1845 1549 pendente

248 1557 370 1628 pecunia
380 1557 424 1617 rei
437 1555 501 1618 aliis
515 1555 599 1622 rebus
614 1556 692 1628 priua
708 1557 861 1622 decimatis,
882 1563 1050 1613 coemuntur
1089 1561 1154 1612 ante
1168 1557 1329 1622 cellarium
1340 1559 1352 1596 t
1365 1561 1395 1612 et
1407 1556 1431 1611 si
1445 1557 1517 1612 forte
1531 1549 1688 1610 cellerarius
1700 1569 1743 1609 eas
1753 1553 1791 1608 die
1801 1555 1846 1644 ipsa

247 1643 551 1716 equitationum
566 1650 658 1716 potus,
674 1646 756 1712 lacte,
772 1646 871 1714 caseis,
887 1647 955 1708 ovis.
971 1647 1047 1715 lana,
1089 1663 1123 1702 ex
1141 1645 1252 1717 integro
1274 1646 1342 1701 dere
1368 1661 1424 1701 non
1446 1651 1547 1717 potest,
1564 1643 1661 1699 dalens
1680 1641 1731 1708 bis,
1744 1659 1795 1715 que
1803 1642 1846 1712 jan

248 1733 334 1800 mlle
350 1743 378 1788 et
402 1749 476 1798 aeta,
492 1735 536 1790 val
558 1735 667 1794 muris
687 1734 826 1790 similibus
840 1735 993 1807 percipitur
1014 1751 1047 1790 ex
1058 1709 1206 1807 Buccepit,
1223 1740 1324 1791 cetera
1339 1750 1401 1806 que
1415 1735 1472 1790 alia
1485 1735 1545 1789 vice
1558 1737 1717 1806 recepturus
1728 1735 1774 1794 est.
1792 1737 1847 1785 nare

196 1839 201 1848 '
246 1821 418 1890 enimtliltue
440 1821 519 1894 prius
541 1822 698 1896 decimatis,
723 1829 752 1878 et
774 1823 910 1896 quidquid
932 1823 987 1879 cibi
1005 1822 1047 1886 rel
1089 1817 1237 1898 permittit.

248 1915 332 1984 libius
345 1927 378 1975 us
393 1927 507 1974 sununs
521 1912 599 1984 prius
612 1911 753 1968 decimata
767 1912 922 1978 mnitibus.
1125 1915 1191 1972 llaso
1202 1919 1297 1969 autern
1309 1911 1549 1984 eleemosynarius
1558 1927 1592 1966 ex
1605 1909 1755 1966 obedientia
1762 1923 1804 1978 sua
1812 1907 1848 1963 ul·

284 2003 472 2075 Excipisutur
485 2004 571 2076 etiam
583 2021 659 2072 rasa,
668 2006 764 2078 pallia.
775 2011 876 2072 vestm,
888 2007 1047 2075 bera,tlrus,
1089 2003 1243 2059 ministrat.
1252 2004 1357 2058 Omnes
1364 2001 1562 2057 subterraneos
1569 2015 1649 2072 aque
1657 1999 1749 2054 duetus
1758 2003 1782 2053 et
1791 2013 1849 2052 muu-

246 2091 368 2161 papuulu
379 2109 491 2166 qupqua
504 2109 566 2165 quae
581 2110 616 2148 eu
631 2110 716 2149 censu
731 2093 766 2149 sd
781 2095 926 2152 eeclesiam
940 2096 1048 2166 specie·
1088 2091 1199 2158 elidam,
1209 2107 1273 2147 eum
1289 2107 1360 2164 opus
1373 2089 1468 2156 fuerit,
1482 2089 1548 2145 facit
1560 2083 1684 2161 purgari,
1698 2085 1785 2141 subtus
1794 2085 1849 2139 lara·

247 2177 315 2244 liter
325 2180 502 2250 percellitur,
513 2186 543 2238 nt
555 2197 729 2252 quecunque
742 2182 797 2238 alia
816 2183 846 2237 in
861 2183 1047 2238 ministerium
1088 2179 1153 2237 torii
1165 2181 1262 2236 sordes
1271 2179 1386 2247 auferri,
1396 2179 1496 2236 subtus
1506 2177 1698 2234 mortariolum
1709 2175 1849 2245 illud,super

247 2267 373 2332 meluis
394 2267 575 2340 deputantur.
599 2269 629 2324 Si
644 2269 710 2342 quid
731 2276 826 2326 tamen
846 2287 880 2326 ax
899 2271 943 2326 bis
958 2274 1001 2328 vel
1014 2289 1048 2328 ex
1087 2271 1163 2342 quod
1187 2269 1296 2325 humidi
1319 2267 1374 2324 cibi
1394 2269 1423 2324 iu
1443 2266 1590 2324 refectorio
1608 2265 1788 2328 refunduntur,
1804 2277 1850 2316 am·

247 2354 313 2420 aliia
336 2355 420 2418 esbus
443 2357 637 2428 ecelesiasticis
661 2358 692 2414 in
714 2375 783 2415 usus
797 2361 917 2415 fratrum
932 2378 1049 2418 seuum-
1089 2375 1155 2414 nam
1168 2363 1283 2431 propter
1299 2358 1416 2414 fetorem
1432 2357 1516 2422 mitti,
1532 2355 1640 2428 lapides
1653 2358 1682 2409 et
1693 2351 1811 2424 eiusmodi
1821 2351 1851 2403 in

246 2443 345 2510 defun
366 2445 430 2518 ipsa
450 2446 569 2516 peouma
588 2447 754 2511 decimatur.
778 2449 816 2504 Ea
839 2466 914 2516 uero,
930 2467 992 2522 quse
1013 2452 1048 2506 ad
1089 2435 1218 2505 utilia'de
1232 2449 1353 2504 elaustro
1368 2446 1477 2519 projici.
1492 2446 1556 2516 lpse
1570 2459 1681 2516 quoque
1694 2441 1768 2497 debet
1779 2455 1852 2511 procu·

250 2533 716 2601 nuueouemnturmmemum
729 2538 881 2609 velpotum
894 2539 1047 2610 pertinent,
1089 2554 1163 2604 rare,
1189 2553 1225 2592 ne
1249 2551 1323 2608 aqua
1352 2551 1403 2606 per
1429 2533 1603 2590 necessarias
1629 2521 1744 2586 bouum
1766 2525 1852 2582 tumus

246 2623 397 2689 misterio
415 2624 626 2696 consignantur,
642 2625 766 2698 exeeptis
776 2626 895 2698 panibus
904 2644 961 2682 non
975 2629 1048 2684 inte·
1089 2626 1240 2698 aliquando
1254 2625 1336 2692 desit,
1348 2628 1377 2680 et
1390 2624 1453 2680 ideo
1465 2623 1495 2678 in
1508 2627 1616 2688 astate,
1626 2637 1688 2676 cum
1701 2616 1854 2690 pmsiecitate
1911 2674 1912 2678 ,

246 2710 507 2783 mifl2uututsuprs
515 2713 622 2770 dictum
631 2719 684 2782 est,
696 2711 917 2786 eleemosynario
927 2716 1045 2777 deutur.
1088 2731 1163 2788 aque
1186 2713 1333 2779 minuitur,
1357 2712 1424 2768 facit
1449 2713 1560 2768 clausas
1578 2711 1641 2766 fleri
1665 2709 1817 2778 frequenter,
1831 2707 1854 2756 ut
1911 2725 1912 2728 ¹

248 2805 308 2872 tup-
325 2802 397 2869 vet-l
418 2800 509 2876 Stipes
522 2801 581 2858 bme
600 2803 696 2858 omnis
709 2802 744 2858 tle
763 2803 891 2876 reliquiis
909 2804 1047 2872 alborum,
1089 2804 1291 2876 aliquantisper
1305 2807 1416 2858 retente
1429 2799 1531 2872 majori
1542 2801 1652 2872 impetu
1662 2795 1756 2853 veniat.
1770 2792 1855 2849 fenum

248 2905 312 2962 Μ
322 2896 473 2966 summunt
482 2891 617 2958 fratribus
626 2893 660 2947 aul
672 2892 823 2965 prandium
836 2893 879 2948 rel
891 2893 927 2948 ad
939 2909 1048 2950 coenem
1089 2909 1201 2964 quoque
1215 2892 1299 2947 molle
1316 2877 1440 2946 secundo
1453 2889 1612 2945 abscissum
1626 2887 1662 2943 de
1674 2890 1758 2959 prato,
1767 2881 1797 2938 atl
1808 2896 1855 2935 eas·

247 2979 279 3044 lb
287 2979 435 3042 retroneis
444 2979 487 3038 ret
497 2979 526 3038 iu
538 2980 914 3038 infirmariecomedentibus
927 2971 1047 3055 {excepta
1056 3020 1081 3104 β
1090 2981 1154 3038 dam
1168 2981 1341 3038 necessarias
1350 2979 1563 3038 accommodare
1572 2977 1665 3044 debet,
1678 2979 1706 3031 et
1716 2974 1750 3030 ad
1758 2973 1803 3028 hoc
1814 2985 1856 3025 non

246 3083 343 3144 camp,
368 3067 567 3138 quantumuis
588 3075 639 3141 pub
659 3071 838 3142 reparatione
861 3065 1047 3142 ministretur)
1090 3063 1855 3141 modicum:habetetharbas,quaeinclaustrocresruut.
1912 3060 1913 3064 ’

249 3155 334 3213 datur
344 3157 470 3229 quotidie
481 3157 703 3230 eleemosynario
712 3158 830 3215 dimidie
839 3175 905 3232 pars
918 3162 1048 3232 pulmen·
1089 3160 1170 3226 Quod
1184 3159 1207 3215 sl
1223 3159 1316 3214 fenum
1330 3159 1434 3214 babere
1452 3173 1509 3213 nou
1522 3161 1626 3229 potest,
1641 3153 1737 3226 lignee
1753 3149 1858 3205 astules

247 3250 352 3312 terum,
367 3245 450 3317 (vor.)
467 3261 529 3317 quae
543 3253 639 3326 tumep
659 3252 832 3322 pmguststa
851 3248 998 3316 tolluntur,
1020 3251 1049 3304 et
1088 3248 1221 3306 fratribus
1230 3253 1389 3320 portentur.
1398 3247 1518 3303 Vaccula
1526 3245 1562 3300 ad
1572 3242 1758 3317 recipiendum
1766 3235 1857 3310 sangui·

249 3333 385 3406 quidquid
402 3334 482 3405 panis
502 3336 596 3390 miuus
610 3338 767 3410 quadrante
788 3337 941 3410 unicuique
953 3354 1048 3394 coma·
1088 3345 1154 3393 nem
1163 3337 1380 3393 minuendorum
1390 3336 1526 3409 providet,
1533 3339 1562 3390 et
1569 3351 1636 3390 cum
1646 3331 1743 3410 aliquis
1751 3321 1859 3383 minuerit

248 3421 326 3478 denti
341 3422 521 3495 superfuerit.
1088 3417 1177 3482 sltem
1191 3426 1236 3481 <lle
1250 3425 1324 3481 infr'e
1344 3424 1539 3481 matutinalem
1554 3423 1671 3478 missurn
1686 3421 1713 3476 i'n
1730 3419 1821 3474 iuream
1831 3411 1858 3467 ad

284 3511 317 3575 In
328 3509 458 3574 mnibus
468 3528 579 3582 qnoque
592 3512 670 3568 feriis
679 3513 765 3570 santis
774 3513 911 3570 adventus
924 3515 1046 3586 Domini,
1088 3516 1141 3570 hoc
1154 3517 1245 3571 solum
1257 3515 1360 3570 iactam
1374 3515 1494 3570 eundem
1508 3513 1677 3584 sanguinem
1690 3505 1789 3564 infundi
1799 3501 1857 3558 fucit.

246 3598 518 3672 atquadmgssiram
530 3607 559 3656 st
572 3601 601 3670 iq
614 3602 715 3673 uigiliis
727 3605 852 3676 quinquo
864 3605 1046 3662 festivitatum
1088 3593 1193 3660 iuncus
1208 3609 1237 3660 et
1256 3605 1286 3660 iu
1301 3603 1445 3658 ecclesiam
1461 3608 1491 3656 et
1507 3601 1537 3656 lu
1551 3603 1676 3657 claustro
1699 3614 1747 3670 per
1763 3609 1817 3650 eum
1828 3594 1860 3644 est

247 3687 518 3759 idaatbseensionia
525 3689 1047 3766 Domiul,l‘ontescostes,apostolorum
1089 3691 1285 3765 providendus.
1300 3693 1415 3764 Septem
1429 3690 1504 3746 enirn
1517 3689 1625 3745 vicibus
1640 3704 1690 3762 per
1707 3699 1801 3741 anuum
1813 3695 1859 3734 sco·

249 3777 328 3840 tetri
339 3783 368 3838 ai
379 3775 470 3844 naeu,
484 3779 692 3851 Assumptiouis
711 3779 741 3838 S.
753 3781 858 3848 lfarlae,
871 3789 901 3837 st
914 3782 1048 3838 Omnium
1089 3781 1150 3856 pari
1169 3782 1236 3838 facit
1250 3780 1406 3847 ecclesium,
1419 3785 1447 3835 et
1461 3777 1597 3851 capellam
1613 3777 1642 3835 S.
1659 3775 1750 3833 llariae
1763 3787 1818 3828 cum
1830 3783 1861 3820 re

249 3867 427 3930 mineum.
438 3866 672 3940 Reliquiaapenis
685 3885 719 3929 ss
734 3871 835 3929 totoin
849 3877 1050 3944 parascevem
1090 3857 1175 3943 liquis
1188 3870 1312 3942 capellis,
1328 3871 1494 3934 claustrum,
1506 3866 1607 3923 cellum
1622 3863 1791 3924 norinorum,
1803 3855 1862 3913 infit

247 3971 282 4019 au
293 3956 421 4028 elin'q'uo
435 3956 538 4028 aliquis
552 3968 714 4014 nostrorum
735 3958 855 4015 fratrum
879 3961 936 4032 iqui
953 3966 1049 4016 umen
1090 3959 1220 4025 mariam,
1231 3957 1419 4024 refectorium,
1430 3963 1578 4029 totumque
1586 3955 1675 4028 junco
1685 3945 1861 4018 recensioqu-

248 4045 405 4110 mostubus
415 4044 593 4118 fuerittaputl
606 4062 656 4102 noe
667 4048 810 4119 sepelitur,
821 4049 959 4121 quidquid
969 4049 1050 4121 penis
1090 4049 1145 4104 aito
1171 4047 1282 4119 contegi
1305 4047 1496 4119 pavimentum
1521 4063 1528 4099 :
1555 4044 1585 4100 id
1614 4049 1659 4100 est
1682 4043 1712 4098 in
1736 4035 1862 4096 Nativitalt

249 4139 278 4200 at
290 4135 509 4208 pulmentorum,
518 4140 548 4194 at
558 4135 594 4190 ad
604 4153 696 4191 aeram
707 4141 789 4208 potus
802 4137 1047 4200 residuumfuerit.
1090 4137 1255 4202 Dominiad
1266 4137 1383 4203 Pssche,
1396 4135 1431 4191 ed
1442 4135 1647 4198 Pentecosten.
1660 4131 1696 4209 ad
1707 4126 1862 4187 Nativitatem

249 4224 318 4290 Quia
332 4223 487 4293 sepultura,
503 4223 526 4278 sl
541 4222 612 4279 forte
626 4225 655 4279 ie
669 4225 763 4297 aliquo
777 4223 981 4298 predictorum
990 4227 1051 4282 die·
1091 4227 1120 4283 S.
1138 4225 1263 4294 loannis,
1272 4225 1544 4297 adllasumptlonem
1555 4221 1585 4279 S.
1603 4221 1707 4286 liaris,
1719 4225 1746 4274 et
1755 4211 1863 4272 Omnium

249 4329 313 4378 rum
328 4312 462 4376 creuerit,
474 4312 548 4384 quod
563 4329 614 4384 pro
621 4314 731 4385 jejunio
745 4314 869 4370 dandum
883 4316 984 4378 fuerat,
994 4316 1050 4371 alle
1059 4315 1270 4404 ubauctcrum.
1285 4314 1339 4370 Sed
1354 4317 1382 4392 et
1395 4314 1425 4368 in
1439 4311 1547 4368 cunctis
1560 4309 1767 4390 festivitatibus,
1776 4304 1802 4359 in
1816 4297 1865 4373 qui·

249 4401 296 4466 llis
318 4399 530 4464 bebumtiur.
552 4401 705 4472 Brabandq
728 4403 797 4472 (titt
813 4419 925 4476 quoque
940 4404 1051 4476 integra
1092 4401 1144 4458 bus
1157 4402 1214 4458 duo
1229 4401 1326 4458 etduo
1340 4405 1488 4457 cantemus
1502 4399 1785 4474 responsor-inlotam
1797 4389 1865 4446 eccle

250 4489 337 4552 duur
350 4506 400 4562 peu
413 4489 531 4560 triginta
553 4489 623 4558 tiles,
645 4492 703 4546 sies
717 4493 872 4548 monachus
886 4491 982 4561 fuerit,
993 4495 1051 4550 sire
1091 4489 1321 4572 siam,oapellam
1335 4489 1364 4546 S.
1380 4488 1486 4554 Mariae,
1502 4493 1531 4543 et
1544 4479 1638 4543 ictum
1653 4487 1799 4541 claustrum
1812 4489 1866 4531 uon·

249 4577 286 4641 tis
307 4579 491 4640 artemonibus
510 4580 655 4638 fratribus.
671 4580 705 4638 In
720 4581 912 4646 anniversario
926 4593 1048 4654 quoque,
1091 4580 1300 4652 spergitjunco.
1312 4580 1345 4635 ln
1360 4578 1438 4634 festis
1448 4593 1522 4643 vero,
1534 4593 1596 4650 qum
1610 4577 1640 4632 in
1653 4574 1745 4646 cappis
1760 4570 1798 4624 rel
1810 4564 1867 4642 albis

249 4665 300 4728 sbti
315 4669 444 4736 monaehi
459 4675 581 4725 tautum.
936 4665 939 4670 ’
996 4683 999 4690 ’
1091 4674 1224 4741 aguntur,
1248 4683 1298 4724 seu
1321 4683 1419 4723 omnes
1445 4667 1602 4722 llominioas
1623 4662 1809 4736 sexagesimo,
1827 4667 1867 4726 ptr

286 4755 339 4814 Tot
358 4773 469 4830 quoque
492 4760 522 4814 iu
540 4774 615 4815 anuo
633 4759 752 4831 triginta
774 4757 929 4831 prebende
947 4759 1053 4820 danim
1092 4758 1266 4828 ecclesias,at
1273 4749 1309 4812 eb
1316 4758 1389 4812 ostio
1397 4755 1513 4828 majoris
1522 4755 1646 4812 ecclosias
1654 4769 1741 4825 usque
1748 4749 1781 4804 erl
1788 4742 1869 4802 introi·

251 4842 475 4920 eleemosynario
489 4864 540 4918 pro
552 4848 738 4904 familiaribus
747 4848 895 4916 defunctis,
906 4849 1013 4904 scilicet
1021 4849 1051 4904 ln
1091 4851 1153 4902 tum
1168 4845 1293 4920 capituli,
1304 4851 1334 4901 et
1347 4845 1377 4900 in
1390 4845 1484 4900 medio
1495 4845 1556 4916 ejus
1567 4849 1596 4898 et
1606 4843 1762 4912 ubicunque
1773 4845 1868 4890 necent

250 4931 730 5008 ssmtmpaaiuspoettteuviutem
740 4937 931 5008 apostolorum
940 4933 1052 4992 Petrlet
1092 4942 1144 5004 est,
1160 4952 1217 4991 non
1231 4935 1349 5007 negligit
1359 4935 1476 5006 iuncum
1491 4949 1635 5005 spargere,
1652 4938 1680 4986 et
1696 4937 1745 4985 troc
1762 4927 1813 4982 sire
1825 4921 1868 4984 bis,

251 5023 449 5098 Baulimtpoat
456 5024 637 5082 festivitatem
645 5027 778 5090 Omnium
788 5027 965 5082 Sanctorum.
974 5022 1052 5088 Man·
1092 5025 1149 5082 sire
1163 5025 1249 5080 semel
1260 5023 1433 5086 comedetur,
1444 5021 1517 5077 lufra
1528 5021 1678 5093 prandium
1690 5018 1770 5074 debet
1779 5015 1868 5074 beers

250 5112 447 5188 flamminium
460 5116 701 5188 peupamm,stsl
716 5131 768 5187 per
778 5121 984 5171 totumannum
994 5129 1051 5170 non
1091 5113 1141 5170 esd
1153 5114 1223 5169 nibil
1237 5097 1352 5168 omnino
1370 5111 1399 5166 in
1419 5111 1541 5166 claustro
1555 5109 1693 5182 loquitur,
1708 5106 1773 5179 quin
1784 5103 1871 5174 juncus

249 5202 1051 5275 nauaturafratribus,tamoneleemesyneremonetnun-
1091 5204 1134 5258 rel
1148 5203 1224 5258 aliud
1248 5202 1317 5274 quid
1340 5202 1375 5256 ie
1399 5199 1559 5256 obedientia
1581 5215 1633 5255 sua
1657 5196 1721 5253 allis
1742 5189 1871 5249 silentibus

251 5291 488 5362 quamssfsmulus
502 5292 577 5348 enim
591 5292 816 5365 eleemosynarii,
829 5291 895 5347 licet
908 5292 993 5364 pedes
1007 5307 1052 5347 eo·
1092 5291 1316 5347 administmtur·

251 5393 316 5442 sam
330 5395 349 5438 a
364 5381 459 5453 vigilia
476 5382 605 5448 omnium
623 5385 786 5442 maurum
800 5394 891 5453 usquo
910 5380 946 5438 ad
966 5385 1052 5454 caput
1127 5381 1192 5437 tlon
1204 5379 1322 5466 negligit
1330 5378 1417 5435 etiam
1424 5374 1704 5458 mattasineecleaia,
1716 5372 1744 5428 in
1753 5371 1869 5428 demun

288 5517 520 5612 tutiorem
533 5521 589 5607 nti
604 5537 638 5606 n
652 5527 736 5605 run
749 5522 842 5608 rene
856 5522 1043 5614 temnens
1056 5523 1357 5607 assumetur
