3896 6170
87 243 144 303 int
551 326 552 330 ἵ
592 241 803 298 CONSTl'l'UT.
824 237 997 297 HIRSAUG.
1018 269 1051 280 -
1070 239 1140 296 LlB.
1160 239 1197 294 11.
1313 257 1314 260 ’
1638 235 1711 299 1130

85 366 190 442 capitulo
204 385 263 424 non
273 365 366 433 exivit,
385 371 523 422 conventu
538 367 568 422 in
586 368 721 442 capellam
732 369 866 432 intrante,
877 371 978 428 Anere
994 380 1142 437 quousque
1156 365 1310 418 conventus
1325 361 1394 418 illuc
1408 364 1506 420 tendat
1517 380 1581 421 curn
1595 382 1710 438 proces-

84 461 131 531 ipse
156 475 206 530 per
234 457 405 512 auditorium
421 456 450 510 in
473 455 659 511 infirmariam
675 458 775 512 tendit.
792 458 870 512 Tunc
911 455 999 510 sione.
1017 453 1141 518 Quorum
1151 457 1282 507 neutrum
1300 453 1712 513 tamenlmtribusadoleseen-

83 548 243 604 infirmarius
257 546 460 602 lectisternium
474 547 535 616 ejus
549 547 584 600 de
601 546 776 609 dormitorio,
789 547 871 616 justi·
911 544 1031 598 tionibus
1043 543 1214 598 conceditur.
1231 543 1289 596 Aut
1310 541 1332 596 si
1346 548 1389 596 est
1401 549 1521 616 tempus,
1539 563 1594 618 quo
1609 549 1711 607 tratres

85 638 216 694 tiamcum
242 636 381 691 cochleari
404 635 439 689 de
465 636 611 690 refectorio
637 636 703 689 lucit
728 636 869 707 apportari
911 627 1712 703 nonmeridianturll50)‚tuncsimiliter,simarult,vadit

84 725 870 798 quametiamposteacumipsoeochlearireportabit,cum
911 723 940 777 in
965 721 1118 793 capellam,
1136 721 1214 790 (cu.)
1240 721 1314 790 quod
1337 721 1422 776 ctiam
1449 725 1519 778 nulli
1533 725 1710 784 intirmorum

84 817 192 887 primum
203 816 250 870 ille
265 815 393 870 inllrmus
408 830 493 868 sanus
508 813 537 867 in
560 821 727 868 conventum
745 815 868 868 redierit.
912 811 1087 882 prohibetur.
1099 811 1110 834 *
1124 809 1224 864 Nullus
1238 815 1332 863 autem
1350 827 1447 866 eorum
1462 814 1584 884 aliquem
1606 817 1708 874 librum

111 905 226 960 Carnem
242 921 297 959 non
308 904 439 970 comedit,
454 903 517 968 nisi,
530 909 563 956 ut
576 903 737 958 aitsanctus
752 902 871 957 Benedi·
912 900 950 954 ibi
963 901 1005 954 vel
1019 900 1054 953 ad
1070 904 1244 953 momentum
1259 899 1381 970 inspicit,
1407 901 1461 957 nisi
1487 905 1524 958 ad
1538 907 1710 964 matutinum

84 999 139 1060 ctus,
156 995 271 1049 omnino
284 993 383 1047 debilis
398 997 427 1048 et
440 997 561 1062 aegrotus
576 992 630 1059 sit,
648 993 722 1063 quod
737 991 760 1046 si
776 992 870 1054 fucrit,
914 989 1007 1060 legere
1023 989 1181 1052 lectionem,
1196 989 1239 1042 rel
1259 991 1466 1060 responsorium
1483 1000 1596 1050 cantare
1611 998 1708 1069 possit.

83 1084 146 1154 prior
159 1084 196 1136 ad
211 1083 319 1138 horam'
326 1082 436 1154 prandii
448 1082 603 1135 infirmario
616 1082 794 1139 admonente,
805 1096 870 1135 eum
914 1077 966 1131 Sed
982 1077 1006 1130 si
1020 1075 1077 1130 rull
1090 1075 1194 1146 legere,
1214 1075 1309 1129 statim
1321 1076 1424 1132 dieitur
1448 1079 1483 1145 ei,
1508 1087 1540 1135 ut
1565 1085 1664 1138 redeat
1680 1085 1711 1140 in

84 1173 172 1237 inrisit,
190 1177 218 1226 et
233 1172 268 1227 ad
280 1173 371 1226 locum
390 1171 440 1226 tali
464 1172 577 1225 infirmo
602 1187 757 1241 congruum
769 1170 846 1225 ducit
861 1187 868 1236 ;
912 1170 1089 1220 conventum.
1105 1165 1212 1218 Rursus
1223 1170 1405 1235 postcoeuam
1420 1167 1458 1220 ibi
1470 1169 1557 1236 sedet,
1572 1179 1622 1228 aut
1636 1175 1712 1245 jacet

84 1263 137 1316 lacit
149 1262 235 1317 etiam
250 1277 362 1316 carnem
378 1260 532 1332 apportari,
550 1276 633 1331 quam
649 1265 678 1313 et
696 1276 746 1331 per
768 1276 870 1314 manus
912 1255 1023 1326 quando
1038 1253 1068 1307 in
1083 1253 1206 1308 claustro
1221 1253 1347 1309 sederint
1360 1255 1394 1309 ad
1408 1255 1565 1316 lectionem.

84 1352 158 1422 ipsius
172 1356 331 1422 porrectam
344 1349 523 1422 precipit,ut
530 1348 669 1406 comedat.
684 1351 753 1417 (uu.)
769 1348 869 1404 Sivero
1205 1341 1328 1398 CAPUT
1347 1344 1403 1398 LX.

84 1441 146 1512 prior
159 1440 230 1494 alias
245 1444 396 1511 occupatus
412 1439 478 1492 illuc
492 1454 548 1491 non
566 1441 657 1508 potest
673 1437 777 1500 venire,
793 1438 870 1492 infir·
911 1445 970 1512 Quo
984 1445 1037 1510 lepe
1049 1442 1242 1496 odaticrrtiurii
1256 1447 1417 1510 accolentes
1433 1447 1465 1499 in
1486 1446 1565 1502 donce
1580 1451 1710 1516 infirme-

84 1529 159 1584 mario
174 1534 269 1601 potest
284 1529 312 1583 in
332 1528 494 1599 hujusmodi
514 1526 601 1581 vicem
618 1543 699 1580 suam
714 1527 870 1582 committe·
1196 1538 1261 1575 rum
1275 1528 1428 1578 increatae.

85 1635 115 1672 re.
131 1618 172 1673 Ab
189 1635 223 1672 ea
237 1618 297 1672 ricc
315 1616 420 1688 absque
436 1616 543 1682 baculo,
560 1632 644 1687 quem
659 1616 782 1670 famulus
795 1616 871 1670 inter
946 1620 1088 1686 *Quando
1099 1620 1186 1692 prior,
1203 1622 1385 1684 camerarius,
1402 1623 1573 1694 cellerarius,
1581 1629 1708 1698 sacrista,

84 1708 273 1762 comedendum
285 1723 370 1779 prope
381 1723 445 1762 eum
465 1705 568 1778 posuit,
586 1706 655 1775 (uu.)
672 1721 811 1776 nusquam
825 1705 954 1771 in·}3vel
968 1709 1070 1780 reliqui
1084 1709 1171 1772 intus,
1192 1708 1235 1764 vel
1255 1709 1322 1764 loris
1337 1710 1504 1767 obedientiis
1518 1719 1645 1789 occupati
1657 1719 1710 1774 do·

84 1797 151 1861 cedit,
176 1797 289 1852 etiamsi
304 1813 349 1851 res
375 1797 477 1867 exigat,
497 1800 529 1850 ut
543 1793 637 1849 triduo
656 1795 700 1849 rel
720 1795 871 1866 ampliusa
912 1815 987 1854 mum
1004 1799 1181 1854 infirmorum
1198 1798 1333 1853 infirmati
1354 1800 1561 1873 ingrediuntur,
1588 1824 1651 1862 mox
1674 1808 1709 1864 de

83 1903 151 1941 carne
164 1887 316 1952 abstineat,
332 1892 361 1940 et
377 1885 501 1940 nonnisi
517 1885 623 1957 capello
636 1890 720 1956 caput
735 1885 870 1957 cooperit.
912 1888 989 1942 omni
1003 1887 1226 1942 obedientiarum
1251 1905 1367 1943 suarum
1391 1893 1554 1948 executione
1577 1902 1606 1949 et
1619 1899 1710 1968 prori-

83 1975 111 2028 a
121 1975 248 2030 baculum
264 1976 378 2048 quidem
397 1976 426 2030 in
452 1980 533 2030 nocte
548 1979 577 2028 et
592 1975 708 2028 meridie
721 1976 793 2029 lecto
807 1975 871 2029 inlr·
911 1977 990 2032 sione
1005 1977 1206 2048 egrediuntur;
1224 1983 1337 2049 excepto
1353 1981 1424 2050 quod
1441 1981 1542 2037 iratres
1565 1984 1618 2039 sub
1640 1987 1710 2059 ipsis

81 2064 122 2134 git,
136 2065 252 2136 reliquis
268 2065 344 2120 boris
355 2066 436 2137 juxta
451 2082 481 2119 sc
505 2063 620 2136 ponit*
644 2063 757 2134 Absque
779 2065 871 2118 frocco
912 2065 996 2138 positi
1011 2083 1108 2120 eorum
1125 2066 1241 2121 consilio
1256 2067 1284 2120 in
1301 2068 1418 2138 agendis
1441 2069 1594 2140 interdum,
1614 2074 1639 2128 si
1659 2091 1710 2130 ne-

82 2169 127 2207 non
140 2155 222 2209 debet
237 2171 381 2226 quoquam
401 2155 452 2219 ire,
471 2153 526 2208 nisi
553 2152 586 2206 ad
609 2154 780 2208 necessarias
796 2172 802 2209 :
823 2170 872 2207 ex·
912 2171 988 2210 cesse
999 2163 1050 2222 est,
1065 2155 1107 2209 uti
1121 2155 1336 2226 permittuntur.
1349 2157 1389 2210 De
1400 2157 1567 2216 obedientiis
1575 2164 1711 2236 suispraa·

81 2249 156 2313 cepto,
173 2243 198 2298 si
213 2249 274 2298 tam
289 2243 389 2298 debilis
403 2249 455 2310 est,
470 2248 504 2298 ut
524 2241 660 2311 indigeat,
686 2241 722 2296 ab
745 2243 799 2297 alio
822 2259 870 2297 su·
912 2249 992 2315 cepto
1015 2244 1142 2316 ipsorum
1157 2244 1226 2298 nihil
1246 2244 1286 2299 eis
1300 2246 1440 2315 delectur,
1457 2250 1505 2304 sed
1519 2251 1605 2322 prior,
1619 2253 1643 2308 si
1658 2253 1711 2309 sibi

82 2333 197 2387 stenuri.
912 2333 1031 2400 ridetur,
1042 2333 1219 2404 adjutoribus
1231 2351 1327 2390 eorum
1342 2337 1477 2408 precipit,
1486 2341 1569 2411 quod,
1586 2347 1615 2397 et
1624 2359 1711 2414 quan·

109 2421 145 2475 nd
155 2422 306 2477 infirmarii
318 2428 412 2477 autem
423 2439 519 2478 curam
532 2424 663 2496 pertinet,
672 2422 741 2478 utin
753 2421 870 2492 singulis
912 2428 973 2476 tum
984 2422 1037 2476 sibi
1051 2423 1199 2493 placuerit,
1212 2429 1247 2478 ut
1260 2441 1317 2479 non
1339 2425 1409 2496 ipsis
1423 2432 1545 2496 tantum,
1561 2431 1610 2485 sed
1625 2433 1710 2488 etiam

79 2509 229 2581 hujusmodi
240 2511 399 2567 relectionis
410 2512 597 2584 indigentiam
610 2513 761 2582 diligenter
774 2512 870 2582 exple·
912 2512 1021 2567 ceteris
1045 2511 1165 2567 infirmis
1181 2512 1209 2567 in
1228 2529 1376 2568 commune
1392 2523 1567 2587 apportetur.
1592 2521 1621 2576 Si
1637 2523 1711 2593 quod

80 2612 116 2653 ret
140 2601 284 2672 priorique
301 2606 438 2672 quantum
456 2602 484 2656 in
510 2601 571 2674 ipso
586 2608 638 2666 est,
659 2600 700 2655 rei
724 2600 870 2654 veritatem
912 2617 977 2655 vero
993 2601 1097 2655 eisdem
1114 2600 1350 2674 obedientiariisa
1365 2604 1445 2660 nobis
1460 2623 1557 2662 eorum
1572 2608 1711 2666 directum

79 2689 277 2760 denuntiet.(uu
292 2689 349 2758 ind
358 2691 628 2762 utramquemissam
639 2691 667 2745 id
680 2696 722 2746 est
734 2691 870 2761 majorem
911 2689 1005 2756 luerit,
1018 2705 1074 2744 non
1088 2689 1143 2744 illis
1158 2697 1353 2761 praesentatur,
1370 2694 1417 2747 sed
1431 2695 1602 2753 acellcrario
1613 2700 1712 2772 accipi·

79 2783 102 2831 et
114 2779 307 2834 matutinalem
326 2780 402 2835 verrit
426 2781 461 2834 ad
486 2781 643 2846 ecclesiam,
658 2795 819 2851 quanquam
835 2779 871 2833 ad
912 2784 967 2843 tur,
981 2783 1010 2832 et
1022 2778 1050 2832 in
1068 2795 1216 2833 commune
1235 2781 1422 2850 dispensatur,
1439 2790 1468 2838 et
1481 2793 1588 2856 postea,
1601 2789 1624 2843 si
1638 2789 1711 2843 ride·

23 2865 24 2870 ’
78 2869 205 2936 majorem
215 2884 272 2923 uon
292 2867 448 2940 ipsiusque
464 2876 528 2940 post
542 2869 728 2940 evangelium,
745 2871 817 2923 sicut
831 2868 872 2922 di·
912 2873 969 2932 tur,
985 2867 1091 2922 eisdem
1104 2869 1156 2922 hoc
1170 2867 1292 2922 breviter
1306 2871 1461 2926 intinrutur.

77 2962 144 3010 ctum
156 2963 210 3024 est,
227 2956 349 3011 intersit.
376 2958 434 3012 Etsi
448 2958 603 3029 capitulum
629 2975 686 3013 non
710 2957 805 3021 intret,
829 2961 871 3010 ta-
948 2955 1182 3028 tun.)Gircotores
1191 2963 1285 3012 autem
1295 2959 1457 3030 frequenter
1468 2962 1581 3019 visitant
1596 2966 1712 3023 domum

79 3061 143 3110 men,
160 3063 226 3117 quae
237 3046 267 3100 in
279 3046 402 3118 capitulo
421 3047 565 3117 leguntur,
582 3045 732 3111 auscultat,
754 3046 870 3111 scilicet,
883 3036 1101 3114 Cinllrmorum,
1127 3050 1156 3100 et
1167 3046 1317 3117 diligenter
1336 3050 1483 3119 explorant
1507 3055 1646 3124 quomodo
1659 3056 1713 3129 ipsi

79 3137 242 3191 sententiam
256 3135 360 3205 regulae
372 3135 415 3189 vel
431 3135 465 3189 de
480 3135 634 3206 evangelio,
646 3135 872 3206 etrursus,quod
914 3152 944 3190 se
956 3135 1079 3190 habeant
1092 3135 1206 3201 inlirrni,
1224 3137 1331 3191 etitem
1347 3138 1528 3209 infirmarius,
1541 3142 1565 3197 si
1578 3160 1664 3214 quam
1676 3147 1714 3201 vi-

77 3223 171 3294 legitur
186 3226 226 3279 ad
244 3224 440 3292 collationem,
458 3224 507 3279 sed
529 3241 593 3280 cum
614 3225 650 3279 ad
678 3226 730 3281 hoc
757 3229 872 3278 rentum
914 3224 985 3279 derit
998 3241 1096 3279 eorum
1109 3224 1320 3295 negligentiam,
1335 3227 1416 3295 sicut,
1429 3229 1453 3283 si
1471 3229 1502 3284 in
1515 3230 1656 3290 dominica
1666 3235 1712 3292 dic

77 3313 162 3380 luerit,
176 3320 211 3370 ut
236 3320 342 3384 agatur
359 3313 394 3368 de
422 3314 602 3385 negligentiis
615 3314 745 3382 fratrum,
763 3315 798 3368 ad
821 3315 874 3368 lroc
915 3314 950 3368 ad
964 3313 1154 3385 aspersionem
1169 3329 1249 3384 aquae
1264 3313 1454 3371 benedictaein
1468 3317 1540 3374 lecto
1560 3338 1616 3376 non
1631 3324 1713 3379 sede·

77 3403 245 3459 audiendum
257 3420 314 3458 non
330 3401 412 3458 debet
424 3419 484 3458 esse
505 3403 631 3458 curiosus
649 3423 655 3457 :
672 3421 736 3458 mox
750 3403 824 3458 enim
840 3403 874 3457 de
916 3403 984 3471 rint,
1000 3403 1024 3457 si
1039 3403 1203 3473 frequenter
1216 3404 1296 3457 tarde
1316 3404 1352 3458 ad
1364 3420 1491 3462 mensam
1504 3411 1633 3468 venerint
1655 3415 1714 3482 (sed

78 3493 142 3546 ostio
165 3492 286 3559 recedit,
310 3491 358 3546 ubi
373 3491 510 3548 accubans
527 3493 703 3560 auscultavit,
715 3493 778 3547 etsi
792 3492 877 3548 luerit
917 3491 1040 3546 maxime
1050 3492 1080 3546 in
1094 3492 1254 3562 loquendo),
1274 3497 1303 3547 et
1317 3493 1340 3547 si
1355 3494 1477 3564 primum
1489 3497 1533 3552 bis
1547 3501 1590 3554 rel
1604 3506 1650 3556 ter
1663 3503 1715 3558 ad·

79 3580 103 3636 in
116 3582 196 3651 lecto,
213 3599 246 3638 se
261 3581 416 3648 collocabit,
429 3581 583 3647 sinautem,
596 3581 685 3636 autin
698 3581 813 3653 capella,
827 3585 877 3636 aut
918 3581 1027 3647 moniti,
1044 3581 1187 3636 noluerint
1212 3597 1276 3636 eum
1292 3583 1401 3649 audire,
1430 3585 1483 3641 hoc
1509 3587 1592 3645 debet
1610 3591 1715 3663 ipsein

78 3669 103 3723 ia
115 3672 241 3726 claustro
253 3671 338 3743 juxta
351 3687 413 3724 eam
428 3671 482 3726 sito
505 3671 649 3742 quiescere
675 3670 788 3741 poterit.
808 3669 877 3725 Silet
918 3671 1040 3742 capitulo
1055 3671 1216 3726 reclamare.
1238 3671 1424 3728 Priorautcm
1439 3693 1512 3744 mox,
1524 3683 1555 3734 ut
1571 3679 1716 3738 inclamati

80 3775 108 3811 er
119 3777 207 3826 more,
220 3759 390 3832 usquedum
410 3764 474 3830 post
494 3759 648 3831 capitulum
664 3759 760 3814 tabula
775 3775 876 3831 percu·
918 3760 1033 3818 scierint.
1049 3760 1137 3814 mittit
1147 3760 1237 3814 adeos
1247 3761 1425 3817 claustralem
1438 3764 1571 3836 priorem,
1585 3775 1615 3824 et
1629 3771 1716 3827 circa·

76 3848 789 3922 tinturadloquendum.Sialicujustalismedicina
802 3849 876 3902 indi·
918 3855 1003 3916 tores,
1028 3849 1240 3920 convocatisque
1260 3851 1390 3906 omnibus
1418 3855 1572 3925 capitulum
1595 3861 1715 3916 cumeis

72 3943 121 4005 get,
133 3939 245 4011 absque
261 3938 375 3993 licentia
393 3938 494 4010 prioris
511 3955 562 4010 per
588 3937 774 3992 infirmarium
802 3939 875 3992 hanc
918 3939 1022 4010 agitur,
1033 3945 1062 3991 et
1075 3937 1099 3991 si
1113 3937 1177 4008 quis
1191 3937 1265 3991 inter
1276 3954 1324 3992 cos
1340 3941 1541 3998 admonitionis
1556 3951 1716 4020 transgres-

71 4026 168 4082 habere
184 4028 304 4100 poterit.
317 4027 422 4082 Sirero
438 4043 508 4098 opus
522 4025 758 4081 habetcocturam
773 4027 876 4082 facien·
917 4045 964 4082 sor
977 4027 1107 4081 inventus
1132 4026 1226 4091 luerit,
1245 4027 1351 4097 virgam
1368 4030 1519 4102 aliquando
1544 4037 1713 4106 experietur.

73 4113 106 4182 di,
121 4123 171 4171 aut
181 4115 428 4189 phlebotomandi,
445 4133 495 4188 per
508 4115 696 4170 infirmarium
710 4132 726 4169 a
738 4116 831 4187 priore
844 4115 875 4169 li·
916 4117 1017 4171 Adbuc
1029 4115 1125 4182 etiarn,
1136 4115 1161 4169 si
1169 4115 1297 4169 eamdem
1313 4133 1371 4171 cern
1381 4119 1485 4174 iterare
1494 4127 1714 4197 presumpserit,

72 4207 189 4262 centiam
206 4205 342 4277 acquirit.
918 4205 947 4260 in
961 4205 1115 4277 capitulum
1131 4210 1252 4269 vocatus,
1267 4205 1406 4276 judicium
1419 4207 1525 4280 ubsque
1550 4213 1635 4269 dubio
1650 4217 1716 4278 sub·

102 4293 381 4350 ilocautemordine
397 4294 610 4365 haecsanguinis
625 4292 875 4364 minutioaquoris
917 4295 977 4361 ibit,
995 4299 1022 4349 et
1035 4293 1135 4349 situlis
1149 4299 1200 4360 est,
1212 4293 1260 4365 qui
1273 4296 1365 4350 carnis
1381 4297 1558 4356 relectionem
1567 4303 1661 4373 habet,
1678 4308 1714 4362 il-

69 4380 179 4439 lnlirrno
195 4389 244 4440 est
260 4384 379 4454 agenda.
396 4383 514 4448 Quando
525 4385 654 4454 regulare
666 4383 807 4454 jeiunium
819 4381 962 4452 agi-niue
975 4383 1067 4438 eundo
1082 4381 1212 4462 baculum
1225 4383 1254 4436 in
1269 4383 1409 4439 auditorio
1425 4387 1572 4461 relinquet,
1582 4391 1593 4416 *
1603 4394 1651 4464 qui
1666 4412 1715 4451 au·

67 4479 120 4537 tur,
137 4475 225 4528 linita
252 4477 365 4528 tantum
387 4473 510 4544 regulari
535 4473 614 4538 hora,
631 4489 692 4543 quae
708 4472 743 4525 ab
757 4470 877 4525 intirmis
918 4478 975 4527 tem
991 4473 1077 4526 tcrlem
1092 4471 1390 4536 habetinlirmitatem.
1404 4479 1434 4529 ut
1444 4475 1541 4534 baculo
1552 4497 1647 4538 ‹carere
1659 4501 1716 4540 non

65 4568 127 4617 ante
141 4562 303 4634 prandium
317 4562 444 4634 ipsorum
458 4566 598 4626 cantatur,
616 4561 645 4614 in
661 4559 877 4632 quadragesima
918 4563 1018 4628 valeat,
1042 4577 1107 4616 eum
1126 4576 1219 4614 secum
1235 4561 1265 4615 in
1280 4562 1434 4633 capitulum
1460 4573 1562 4637 portat,
1592 4572 1716 4630 seniores

64 4669 126 4707 rere
140 4659 213 4726 post
235 4667 480 4724 vesperoseorum
504 4651 587 4718 dicto,
614 4651 877 4705 Berrediccmurlio·
915 4651 1021 4723 jugiter
1042 4649 1112 4703 inibi
1133 4656 1341 4706 commorantes
1365 4653 1435 4708 etin
1451 4655 1716 4728 aliquotalidelin-

67 4745 151 4809 arina,
170 4741 340 4799 inchoanda
354 4746 405 4796 est.
418 4743 489 4796 Cum
500 4746 595 4796 autem
606 4737 647 4794 bis
660 4741 827 4804 comeditur,
841 4739 878 4793 ad
919 4745 1036 4811 quentcs
1048 4755 1105 4793 non
1119 4737 1185 4803 illic,
1202 4739 1252 4793 scd
1267 4740 1296 4794 in
1311 4741 1434 4812 capitulo
1455 4753 1522 4800 sunt
1534 4750 1714 4822 corripiendi,

61 4829 176 4888 initium
190 4831 314 4902 majoris
325 4830 567 4902 missaeincipitur.
581 4831 659 4885 lnter
673 4829 875 4885 comedendum
918 4828 1021 4900 quippe
1035 4828 1109 4882 rnale
1123 4827 1232 4898 agendo
1248 4829 1318 4884 alios
1335 4831 1604 4907 scandalizaverunt,
1617 4841 1718 4911 quibus
1776 4911 1778 4916 Ι

62 4919 176 4978 infirmo
191 4921 281 4977 alteri
290 4922 371 4992 juxta
392 4937 422 4975 se
443 4920 552 4975 sedenti
565 4920 600 4974 de
619 4919 679 4974 cibo
692 4936 743 4974 suo
767 4925 795 4974 ct
810 4924 878 4990 potu
918 4918 989 4972 bene
1003 4917 1104 4989 agendi
1117 4917 1275 4989 exemplum
1289 4935 1349 4974 esse
1365 4920 1524 4979 debuerint.

62 5011 184 5067 licenter
194 5015 295 5085 potest
305 5010 415 5082 partiri.
435 5011 503 5080 luo.)
520 5009 587 5064 Post
602 5009 751 5081 prandium
766 5025 878 5079 quoque
1211 5024 1328 5081 cngT
1346 5028 1420 5086 LX]⁸

62 5115 115 5154 11⁰⁰
129 5101 204 5155 licet
215 5100 247 5154 εἰ
262 5115 362 5153 vacare
378 5098 560 5169 ¹0flu³⁰ll⁸lli
582 5097 633 5152 ild
647 5098 781 5153 ⁰⁰ssll¹¹¹¹⁰
792 5113 821 5151 ⁵⁰
832 5113 879 5168 P0·
922 5113 1035 5182 Orrorrdo
1058 5115 1170 5182 infirmi
1188 5129 1239 5168 suo
1257 5121 1359 5183 sponte,
1385 5119 1426 5172 uel
1449 5125 1537 5175 cocoti
1554 5125 1667 5178 reiciant
1680 5125 1719 5180 od

62 5190 100 5244 nit
115 5191 145 5245 in
162 5189 312 5245 lectulum
331 5205 424 5252 suum,
437 5187 481 5242 rel
495 5193 638 5258 exspectat
653 5187 687 5241 ad
704 5187 733 5241 S.
747 5185 877 5252 Mariam,
1239 5189 1403 5254 capitulum.

62 5294 150 5352 usque
166 5279 248 5334 dum
264 5278 363 5333 tratres
379 5277 413 5332 de
424 5275 570 5332 refectorio
586 5275 703 5331 redeant
717 5295 723 5343 ;
745 5276 767 5330 si
783 5281 878 5331 tamen
954 5281 966 5304 ¹
981 5274 1131 5330 Sciendum
1140 5281 1235 5330 autem
1245 5276 1280 5330 de
1291 5276 1419 5343 inllrmis,
1429 5280 1494 5349 quia
1502 5285 1530 5334 et
1539 5281 1562 5335 si
1573 5299 1718 5358 nunquam

60 5374 146 5426 tantae
175 5367 338 5441 grauitatis
352 5384 413 5422 esse
437 5365 620 5438 dignoscitur.
640 5364 737 5421 *Item
754 5365 784 5420 in
799 5371 880 5420 nocte
921 5364 1091 5435 processioni
1102 5365 1343 5430 alicuiintersunt,
1352 5371 1447 5422 tamm
1458 5375 1574 5440 propter
1583 5376 1720 5445 quosdam

60 5458 251 5530 percantatis
265 5456 412 5512 matutinis
425 5455 602 5512 intirmorum
622 5459 715 5527 potest
733 5453 773 5509 ibi
788 5471 881 5510 rema·
922 5469 1031 5524 magne
1052 5453 1247 5509 aestimationis
1265 5453 1390 5526 hospites
1404 5456 1440 5511 ad
1452 5457 1607 5530 capitulum
1621 5481 1721 5523 vocan-

96 5566 173 5641 (150)
191 5565 233 5624 ld
249 5569 292 5620 est
305 5565 452 5620 damiani
468 5567 586 5632 ternpore
601 5563 771 5619 meridiano.

193 5664 341 5730 Parnon.
366 5661 427 5727 GL.
1568 5666 1609 5730 35
