3970 6172
146 276 217 337 rasa
433 329 438 334 .
505 359 508 364 4
769 291 795 345 J.
816 288 994 346 comonis
1012 290 1160 348 masma.
1713 299 1782 360 iata

177 405 225 462 VI.
254 405 382 471 Qualiter
407 412 630 469 mensurandum
652 415 689 470 sit
707 399 973 477 monochordum.A
1015 413 1116 470 XVIII.
1132 415 1275 488 Praecpta
1286 420 1322 476 de
1336 429 1421 478 cantu
1433 426 1639 496 componenda

176 493 240 550 VII.
255 494 337 551 Unde
354 494 466 552 dicatur
479 503 710 572 monochordum,
727 509 756 558 et
769 504 804 559 ad
819 505 887 577 quid
906 505 943 560 sit
1017 504 1090 558 XIII.
1107 504 1174 569 Quae
1188 505 1225 560 sit
1239 507 1345 578 optima
1357 509 1520 566 modulandi
1534 513 1634 568 torma.

139 583 225 642 utile.
1017 593 1076 648 XX.
1100 595 1227 659 Qualiter
1249 613 1300 668 per
1321 598 1429 654 vocales
1454 607 1553 657 cantus
1567 609 1685 674 possunt
1699 620 1778 661 oom-

174 673 252 729 v111.
268 673 343 738 Quot
356 674 432 729 modi
455 676 522 744 sint,
547 679 649 749 quibus
673 681 795 738 melodia
812 685 942 738 contexi·
982 681 1058 751 poni.

138 768 195 819 tur,
1016 770 1088 826 XXI.
1106 771 1178 835 Quid
1199 772 1330 829 utilitatis
1349 776 1469 831 afferent
1486 793 1596 833 neuma
1616 779 1778 838 aGuidone

174 853 224 909 III.
240 852 320 918 Quod
336 852 395 908 sint
408 869 507 908 vocum
523 855 727 928 discrepantia,
748 865 776 915 et
789 861 824 916 de
840 862 939 935 diepa·
979 857 1108 917 inventae.

137 958 201 998 son.
1014 947 1102 1004 XXII.
1118 950 1159 1004 De
1175 967 1259 1022 pravo
1273 968 1325 1007 usu
1336 953 1503 1024 abjiciendo,
1514 959 1544 1009 et
1555 958 1778 1032 superfluisquo-

173 1032 210 1086 X.
225 1031 267 1086 Ile
281 1031 381 1093 modis,
399 1048 470 1103 quos
479 1032 593 1089 abusive
607 1039 690 1091 tonos
700 1037 882 1108 appellamus.
979 1037 1110 1091 rumdam
1125 1039 1272 1094 modorum
1287 1039 1461 1096 differentiis.

172 1121 223 1176 XI.
244 1119 285 1175 Ile
305 1120 451 1176 tenoribus
465 1122 623 1190 modorum,
640 1130 668 1179 et
681 1127 813 1181 finalibus
826 1145 933 1183 eorum.
1012 1126 1112 1181 XXIII·
1128 1127 1168 1181 De
1182 1128 1342 1199 diaphonia,
1355 1129 1384 1184 id
1399 1135 1442 1184 est
1454 1147 1569 1202 organo.

170 1207 236 1265 IIII.
259 1210 300 1265 De
324 1210 448 1281 regulari
467 1226 552 1264 cursu
573 1213 731 1282 modorum,
748 1221 833 1288 atque
848 1217 935 1272 licen-
1013 1214 1115 1272 XXIV.
1138 1215 1178 1270 De
1201 1218 1292 1288 primo
1315 1219 1407 1286 modo,
1433 1225 1461 1274 et
1481 1222 1542 1291 ejus
1561 1221 1698 1296 discipulo
1712 1242 1777 1283 eum

134 1299 185 1354 tia.
976 1301 1150 1358 differentiis.

169 1385 250 1441 XIII.
274 1387 365 1457 Super
383 1403 475 1456 greca
491 1393 624 1444 notarum
637 1391 772 1447 vocabula
786 1394 932 1464 expositio.
1009 1392 1091 1446 XXV.
1107 1394 1147 1448 De
1160 1393 1245 1448 tertio
1259 1397 1325 1449 tono
1346 1402 1375 1450 et
1393 1401 1504 1467 quarto,
1530 1403 1559 1454 at
1577 1415 1675 1457 eorum
1690 1403 1771 1459 diffe-

167 1475 242 1530 XIV.
260 1474 331 1539 Quid
346 1475 504 1531 iaciendum
518 1478 554 1532 sit
567 1479 602 1533 de
618 1486 712 1548 cantu,
729 1482 776 1552 qui
795 1482 825 1537 in
837 1501 934 1556 perpe·
973 1483 1080 1537 rentiis.

130 1571 182 1620 tuo
196 1579 281 1620 cursu
295 1563 398 1620 deficit.
1008 1571 1105 1626 XXVI.
1121 1572 1161 1628 De
1182 1573 1280 1646 quinto
1301 1579 1330 1628 et
1357 1580 1444 1644 sexto,
1471 1582 1500 1632 et
1522 1594 1621 1635 eorum
1644 1581 1774 1638 differen-

165 1653 226 1709 XV.
243 1653 323 1719 Quod
332 1653 484 1709 stultorum
498 1654 660 1728 ignorantia
673 1676 746 1731 sape
761 1666 875 1716 cantum
885 1662 932 1717 de·
972 1659 1028 1715 tiis.

50 1787 55 1798 .
125 1748 237 1814 pravet.
1007 1749 1119 1806 XXVIl.
1137 1751 1177 1806 lle
1191 1753 1310 1824 septimo
1325 1759 1354 1808 et
1366 1760 1474 1821 octavo,
1490 1761 1518 1812 et
1529 1773 1626 1813 eorum
1637 1759 1770 1817 differen-

160 1829 238 1887 XVI.
253 1830 333 1896 Quod
345 1829 448 1884 diversi
458 1831 574 1888 diversis
589 1834 764 1892 delectentur
772 1839 873 1894 modis.
971 1839 1027 1895 tiis.

159 1919 252 1975 XVlI.
262 1919 304 1974 Ile
318 1918 444 1990 potentia
458 1921 582 1992 musica,
600 1929 629 1980 et
643 1926 692 1998 qui
705 1927 837 1998 primitus
852 1945 886 1984 aa
898 1928 929 1984 iu
1216 1950 1377 2020 &pyropum
1390 1953 1523 2021 capitula,

125 2007 258 2064 Romana
270 2008 394 2064 Ecclesia
408 2007 453 2063 usi
466 2008 532 2066 sint.

290 2305 527 2404 INCIPIT
563 2309 907 2408 tancradus
941 2312 972 2409 J
974 2311 1202 2410 OANNIS
1231 2315 1312 2408 DE
1348 2312 1598 2464 MUSISA.

157 2515 288 2584 Qualiter
301 2517 364 2584 quis
377 2517 415 2570 ad
428 2520 540 2571 musica
558 2519 737 2587 disciplinam
750 2533 776 2572 se
793 2524 888 2587 aptore
965 2518 1075 2574 Musica
1088 2535 1145 2574 una
1160 2526 1203 2574 est
1226 2538 1258 2576 ex
1280 2527 1389 2594 septem
1408 2523 1525 2591 artibus,
1549 2541 1620 2596 quaa
1633 2525 1766 2589 liberales

469 2589 570 2643 debem-
964 2608 1116 2679 appellant,
1125 2609 1262 2664 naturalis
1273 2611 1386 2680 quidem
1396 2613 1634 2682 quamadmodum
1649 2620 1679 2670 et
1687 2617 1763 2687 alire3

154 2692 283 2749 Primum
300 2694 353 2748 hoc
373 2693 424 2760 illi,
445 2696 493 2764 qui
508 2712 538 2750 se
560 2695 596 2750 ad
619 2698 732 2752 musicae
746 2695 922 2767 disciplinam
963 2696 1038 2750 unde
1053 2703 1081 2750 et
1092 2698 1263 2767 joculatores
1275 2703 1313 2752 -et
1327 2699 1489 2766 histriones,
1506 2701 1554 2770 qui
1566 2718 1682 2772 prorsus
1696 2713 1765 2762 aunt

117 2787 220 2854 aptare
246 2781 397 2847 desiderat,
421 2781 605 2852 injungImus,
628 2785 670 2838 uti
694 2785 802 2840 litteras
822 2801 921 2841 mono·
962 2784 1110 2852 illitterati,
1123 2786 1283 2841 dulcisonas
1301 2787 1453 2858 aliquando
1471 2788 1598 2843 videmus
1615 2796 1763 2850 contexere

117 2871 218 2926 chordi
233 2887 297 2926 cum
318 2869 433 2943 syllabis
456 2873 653 2945 suprascriptis
667 2875 781 2928 firmare
796 2875 917 2940 studeat,
961 2874 1126 2928 cantilenas.
1154 2875 1219 2939 Sed,
1246 2875 1319 2930 sicut
1339 2877 1534 2954 grammatica,
1563 2877 1710 2936 dialectiea
1733 2887 1762 2938 et

115 2977 167 3015 nec
187 2966 341 3032 antequam
354 2977 401 3015 eas
416 2960 579 3016 memoriter
591 2968 695 3030 teneat,
712 2963 748 3017 ab
761 2964 815 3018 hoc
833 2979 917 3034 opere
960 2967 1066 3017 caeteras
1081 2967 1166 3027 artes,
1180 2963 1203 3017 si
1215 2979 1272 3018 non
1287 2969 1379 3018 assent
1395 2963 1569 3035 conscriptae,
1585 2981 1679 3038 acper
1692 2985 1762 3039 praa·

113 3049 238 3104 desistat
250 3067 257 3103 :
270 3049 320 3104 sed
329 3048 364 3103 de
379 3049 481 3104 litteris
495 3065 570 3104 nunc
589 3050 681 3106 dicere
699 3052 864 3116 differimus,
886 3058 918 3107 ut
958 3057 1040 3122 cepta
1054 3051 1208 3118 elucidata,
1222 3054 1336 3108 incertae
1346 3052 1517 3107 haberentur
1530 3058 1558 3108 et
1572 3053 1703 3122 contusae,
1719 3057 1762 3117 ita

112 3143 180 3210 post
198 3138 254 3192 hoc
268 3137 450 3194 commodius.
469 3144 554 3210 atque
576 3139 689 3196 uberius
707 3133 803 3196 de'eis
818 3147 918 3198 tracte·
959 3146 988 3195 et
998 3142 1066 3197 haec.
1079 3141 1229 3196 Sciendum
1240 3148 1345 3208 autem,
1362 3143 1429 3213 quia
1442 3158 1489 3196 ars
1500 3142 1553 3196 ista
1568 3143 1645 3198 haud
1660 3144 1760 3201 infima

111 3243 195 3295 mus;
212 3243 289 3282 nunc
303 3232 398 3282 autem
413 3227 448 3281 de
458 3227 573 3298 syllabis
587 3229 694 3299 aliquid
706 3230 840 3285 dicamus.
862 3233 917 3286 Sex
960 3229 1034 3284 inter
1056 3235 1132 3284 artes
1153 3235 1196 3283 est
1219 3230 1385 3301 reputanda,
1401 3231 1557 3301 praesertIm
1572 3248 1636 3285 cum
1650 3234 1759 3292 clericis

111 3321 182 3371 sunt
198 3315 323 3388 syllabae,
338 3331 408 3386 quas
427 3314 462 3370 ad
477 3332 548 3387 opus
563 3317 675 3373 musice
690 3319 916 3396 assumimusdi-
960 3318 1081 3372 maxime
1095 3317 1132 3371 sit
1145 3318 1312 3372 necessaria.
1324 3323 1352 3372 et
1365 3316 1537 3387 quibuslibet
1550 3335 1612 3374 eam
1623 3337 1758 3377 exercen-

111 3421 202 3460 rersae
215 3405 328 3476 quidem
341 3404 416 3476 apud
426 3404 549 3460 diversos
561 3424 568 3474 ;
581 3423 677 3462 verum
690 3408 784 3477 Angli,
800 3408 915 3462 Franci·
956 3404 1030 3459 tibus
1041 3405 1118 3459 utilis
1133 3410 1161 3458 et
1172 3405 1303 3475 jocunda.
1322 3405 1454 3476 Quisquis
1475 3421 1596 3476 namque
1615 3406 1757 3464 incessan-

107 3511 205 3565 genae,
216 3493 367 3548 Alemanni
380 3497 500 3548 utuntur
514 3494 558 3548 his
574 3500 615 3559 ut,
632 3511 670 3558 re,
690 3500 739 3561 ini,
755 3497 795 3564 sa,
810 3499 859 3563 sol,
874 3501 912 3552 la.
954 3499 999 3548 ter
1012 3495 1038 3549 ei
1052 3510 1165 3565 operam
1182 3492 1353 3556 adhibuerit,
1369 3499 1398 3547 et
1411 3493 1472 3547 sine
1488 3494 1696 3551 intermissione
1710 3497 1756 3553 in-

106 3582 174 3638 itali
187 3587 286 3638 autem
297 3581 368 3637 alias
381 3580 579 3653 habent,quas,
588 3583 636 3655 qui
647 3600 729 3638 nosse
740 3585 911 3652 desiderant,
948 3583 1079 3646 ,defessus
1108 3582 1252 3649 Institerit,
1281 3583 1367 3637 talem
1394 3582 1460 3636 inde
1493 3583 1625 3656 consequi
1651 3586 1757 3656 poterit

106 3673 286 3744 stipulentur
299 3671 335 3726 ab
349 3671 427 3743 ipsis.
451 3672 504 3726 Eas
520 3688 594 3738 vcro,
617 3673 718 3744 quibus
739 3691 790 3728 nos
805 3675 913 3730 utimur
953 3671 1086 3736 fructum,
1098 3677 1130 3726 ut
1144 3672 1179 3725 de
1194 3677 1294 3726 cantus
1308 3671 1443 3743 qualitate
1457 3688 1494 3726 an
1510 3671 1548 3726 sit
1562 3672 1697 3742 urbanus,
1713 3690 1752 3732 au

105 3760 247 3834 syllabas,
262 3777 294 3814 ex
307 3761 413 3833 hymno
430 3759 478 3814 illo
492 3770 620 3833 sumptas
631 3763 720 3830 aiunt,
742 3763 912 3834 cujusprin-
953 3761 991 3816 sit
1000 3761 1132 3831 vulgaris,
1148 3777 1230 3815 verus
1251 3777 1288 3815 an
1308 3760 1403 3826 falsus,
1416 3761 1544 3830 judicare
1558 3762 1637 3828 sciat,
1658 3767 1687 3818 at
1700 3763 1754 3820 fal·

103 3851 215 3922 cipium
232 3855 276 3904 cat
288 3867 295 3901 ι
308 3851 340 3904 Iit
353 3855 455 3919 queant
466 3851 537 3904 tam‘s
546 3866 674 3906 resonare
682 3852 761 3918 fibris
772 3856 847 3906 mira
855 3869 911 3920 qes-
952 3866 1014 3904 sum
1029 3849 1178 3920 corrigere,
1200 3854 1227 3902 et
1247 3865 1351 3904 novum
1374 3865 1552 3919 componere.
1575 3851 1638 3904 Non
1653 3857 1696 3908 est
1710 3854 1754 3908 vel

104 3943 213 4004 torurn,
231 3937 372 4008 quomodo
382 3937 435 3990 hoc
449 3936 529 3992 tacite
537 3938 741 3999 consideratur,
754 3939 775 3994 Il
779 3941 800 3994 Τ
809 3947 910 4008 queant
950 3937 1038 4008 igitur
1047 3955 1133 4009 parva
1144 3939 1215 4004 laus,
1229 3953 1286 3991 non
1306 3937 1416 3992 modica
1428 3937 1545 4002 utilitas,
1562 3954 1619 3993 non
1634 3939 1754 4012 vilipen-

102 4028 191 4088 lueis,
209 4041 276 4080 ecce
291 4024 427 4080 habemus
450 4031 482 4079 ut
490 4045 498 4088 ;
522 4027 663 4082 Itdsouura
679 4030 765 4094 fibris,
783 4045 845 4082 ecce
860 4044 888 4083 rc
896 4049 906 4094 ,·
950 4027 1058 4082 dendus
1073 4026 1152 4081 labor
1166 4025 1279 4080 musicae
1298 4026 1424 4085 scientia,
1442 4042 1503 4096 quae
1518 4027 1562 4080 sui
1577 4028 1752 4098 cognitorem

101 4119 179 4171 Μῖνα
200 4120 353 4184 pastorum,
375 4113 416 4169 ibi
432 4117 473 4168 mi
483 4133 491 4176 ,·
511 4117 629 4170 thuti
647 4123 770 4183 tuorum,
786 4117 843 4172 illic
856 4120 886 4186 fo
896 4138 906 4182 ;
948 4115 1093 4186 compositi
1111 4121 1210 4170 cautus
1235 4113 1321 4168 eflicit
1341 4113 1476 4184 judicem,
1497 4113 1560 4167 falsi
1584 4115 1749 4171 emendato·

97 4206 195 4261 SOIre
203 4206 318 4272 polluti,
332 4217 395 4257 eece
410 4202 455 4257 hic
467 4206 529 4270 rot;
544 4205 626 4258 tabit
640 4211 760 4271 reatum,
778 4222 841 4260 ecce
854 4207 906 4260 ha·
947 4220 1016 4268 rem,
1039 4209 1067 4258 et
1088 4204 1151 4258 novi
1176 4204 1358 4258 inventorem.
1382 4203 1439 4257 Nec
1454 4203 1683 4272 praetereundum
1706 4205 1749 4259 vi-

98 4293 203 4349 bemus
217 4295 257 4346 ta.
272 4292 327 4346 Per
340 4292 391 4346 has
403 4291 499 4363 itaque
515 4293 636 4364 syllabas
650 4294 675 4348 is
690 4293 738 4365 qui
748 4294 783 4348 de
800 4295 906 4350 musica
946 4293 1038 4360 detur,
1053 4293 1127 4364 quod
1142 4291 1265 4346 musicus
1279 4296 1307 4345 et
1322 4295 1420 4345 cantor
1433 4307 1491 4345 non
1504 4306 1605 4362 parum
1620 4307 1637 4344 a
1652 4307 1683 4346 se
1700 4292 1746 4347 in-

95 4384 172 4439 scire
188 4381 466 4447 effecteteanuones
477 4382 586 4453 aliquas
601 4388 714 4438 cantare
728 4384 827 4446 discat,
839 4399 906 4455 quo·
945 4381 1033 4436 vicem
1052 4382 1227 4452 discrepant;
1244 4397 1310 4434 nam
1332 4396 1395 4434 cum
1415 4379 1541 4434 musicus
1568 4396 1680 4452 semper
1697 4397 1748 4453 per

94 4489 191 4543 usque
202 4469 394 4534 ascensiones,
409 4475 438 4525 et
446 4470 651 4539 descensiones,
669 4471 905 4544 multimodasque
945 4476 1034 4524 artem
1051 4476 1126 4524 recte
1141 4469 1262 4534 incedat,
1279 4473 1377 4522 cantor
1389 4472 1494 4522 rectam
1507 4468 1657 4540 aliquoties
1670 4468 1745 4524 viam

92 4577 199 4616 earum
218 4557 392 4614 variationes
414 4560 497 4631 plene
520 4576 552 4614 ac
574 4561 666 4616 lucide
686 4567 846 4632 pernoscat.
871 4559 1119 4656 Innaolummodo
1139 4575 1189 4629 per
1212 4575 1295 4613 usum
1316 4563 1403 4612 tenet.
1430 4556 1483 4612 Oui
1506 4573 1573 4628 ergo
1600 4562 1746 4614 cautorem

89 4665 201 4705 manus
217 4647 304 4703 ctiam
319 4649 445 4703 articulis
468 4648 607 4704 modulari
623 4650 737 4704 sedulus
750 4659 900 4718 assuescat,
945 4648 1046 4702 melius
1060 4647 1282 4719 comparaverim
1297 4662 1382 4718 quam
1393 4645 1479 4710 ebrio,
1493 4645 1541 4716 qui
1554 4645 1671 4701 domum
1685 4646 1747 4720 qui·

88 4747 119 4795 ut
136 4757 173 4794 ea
190 4743 261 4810 post
273 4737 383 4809 quoties
394 4737 514 4794 volucrit
525 4755 575 4810 pro
592 4739 779 4794 monochordo
795 4745 901 4808 utatur,
944 4737 1008 4791 dem
1021 4737 1133 4809 repetit,
1150 4737 1199 4790 sed
1210 4753 1264 4807 quo
1279 4735 1350 4789 calle
1359 4739 1526 4798 revertatur,
1543 4735 1657 4805 penitus
1667 4735 1746 4806 iguo-

86 4836 116 4884 et
131 4831 164 4884 in
181 4843 221 4882 ea
233 4831 349 4881 cantum
364 4826 473 4898 probet,
485 4827 618 4898 corrigat,
634 4832 663 4882 et
676 4829 903 4899 componatflaec
942 4832 1001 4894 rat,
1015 4827 1064 4881 sed
1078 4832 1107 4880 et
1122 4825 1235 4880 molaris
1250 4831 1312 4880 rota
1331 4824 1484 4878 discretum
1508 4823 1660 4895 aliquando
1679 4825 1745 4880 red-

86 4918 137 4973 ubi
161 4915 336 4988 aliquandiu
347 4917 428 4986 juxta
442 4916 517 4988 quod
536 4915 656 4972 diximus
670 4917 898 4988 frequentaverit,
941 4915 984 4969 dit
997 4914 1157 4978 stridorem,
1174 4913 1237 4985 ipsa
1247 4919 1343 4966 tamen
1353 4912 1402 4983 qui
1416 4917 1482 4983 agat
1496 4912 1745 4984 nesciens,quippa

85 5014 114 5063 et
137 5008 212 5062 altae
238 5004 382 5059 memorie
405 5005 653 5073 commendaverit,
676 5006 784 5062 facilius
803 5009 900 5079 procul
942 5003 1008 5075 quia
1021 5020 1065 5057 res
1080 5008 1124 5058 est
1137 5003 1301 5057 inanimata.
1315 5002 1396 5057 Unde
1411 5000 1632 5078 Guidopulchre
1645 5000 1676 5055 in
1690 5001 1743 5054 lli·
1793 5059 1794 5066 ,

84 5097 178 5152 dubio
194 5093 235 5148 ad
250 5093 386 5149 musicam
400 5094 455 5150 iter
468 5093 595 5154 habebit,
943 5093 1054 5162 orologo
1064 5108 1115 5146 suo
1125 5091 1165 5145 sic
1179 5090 1221 5145 ait
1235 5109 1241 5145 ι

85 5187 125 5242 ΙΙ.
144 5185 219 5252 Quae
241 5183 351 5236 atitiios
374 5184 411 5235 rit
430 5184 499 5236 seire
520 5186 664 5246 masidam,
688 5189 713 5240 at
735 5185 802 5254 qnid
821 5187 902 5240 distet

286 5255 362 5306 inter
377 5255 516 5306 musicum
529 5260 554 5308 ct
568 5261 718 5309 salitorem.
943 5252 1113 5308 Musicarum
1125 5256 1154 5306 et
1163 5255 1311 5304 cantorum
1326 5264 1428 5319 magna
1443 5252 1486 5302 est
1497 5245 1643 5312 distantia,

123 5345 254 5401 Videtur
267 5347 363 5396 autem
378 5359 452 5398 nuno
462 5359 628 5414 congruum.
645 5351 678 5398 ut
692 5345 759 5416 quid
772 5346 903 5401 utilitatis
943 5342 986 5397 Illi
1002 5341 1108 5406 dicunt,
1121 5339 1167 5393 isti
1182 5339 1274 5392 sciunt
1286 5353 1347 5408 quae
1359 5333 1517 5405 composuit
1526 5333 1651 5400 musica;

85 5435 230 5492 conferat
244 5431 357 5485 musicae
373 5431 475 5486 notitia
493 5431 568 5488 brevi
588 5433 760 5504 attingamus
773 5434 901 5503 ratione,
944 5433 1015 5490 Nam
1032 5431 1079 5504 qui
1098 5430 1165 5484 facit
1185 5429 1258 5500 quod
1278 5443 1334 5482 non
1349 5424 1432 5496 sapit,
1448 5421 1586 5476 dillinitur
1600 5419 1698 5486 bestia,
1715 5425 1745 5476 et

86 5529 206 5598 quanto
222 5535 345 5592 namque
361 5520 390 5574 iu
406 5521 513 5575 nausica
523 5522 641 5594 quisque
655 5539 685 5577 se
696 5523 787 5577 reddit
799 5523 904 5578 studio·
1120 5505 1204 5614 n
1584 5509 1705 5582 [⁰aeteffl·

86 5615 217 5676 morem,
240 5611 319 5662 tauto
334 5615 364 5664 et
375 5607 466 5680 ipsam
480 5615 572 5666 artem
587 5610 664 5666 novit
678 5627 739 5666 csse
750 5610 901 5666 utiliorem.
