<?xml version="1.0" encoding="UTF-8"?>
<!DOCTYPE html PUBLIC "-//W3C//DTD XHTML 1.0 Transitional//EN"
    "http://www.w3.org/TR/xhtml1/DTD/xhtml1-transitional.dtd">
<html xmlns="http://www.w3.org/1999/xhtml" xml:lang="en" lang="en">
 <head>
  <title>
</title>
<meta http-equiv="Content-Type" content="text/html;charset=utf-8" />
  <meta name='ocr-system' content='tesseract 3.04.00' />
  <meta name='ocr-capabilities' content='ocr_page ocr_carea ocr_par ocr_line ocrx_word'/>
</head>
<body>
  <div class='ocr_page' id='page_1' title='image "./patrologiaecurs92unkngoog_0528.png"; bbox 0 0 3872 6162; ppageno 0'>
   <div class='ocr_carea' id='block_1_1' title="bbox 15 305 1757 376">
    <p class='ocr_par' dir='ltr' id='par_1_1' title="bbox 15 305 1757 376">
     <span class='ocr_line' id='line_1_1' title="bbox 15 305 1757 376; baseline -0.005 0"><span class='ocrx_word' id='word_1_1' title='bbox 15 357 16 376; x_wconf 52' lang='lat' dir='ltr'><strong>i</strong></span> <span class='ocrx_word' id='word_1_2' title='bbox 109 305 177 365; x_wconf 75' lang='lat' dir='ltr'><strong>tote</strong></span> <span class='ocrx_word' id='word_1_3' title='bbox 635 311 845 371; x_wconf 70' lang='lat' dir='ltr'><strong>consister.</strong></span> <span class='ocrx_word' id='word_1_4' title='bbox 866 311 1036 373; x_wconf 72' lang='lat' dir='ltr'><strong>massua.</strong></span> <span class='ocrx_word' id='word_1_5' title='bbox 1060 347 1092 358; x_wconf 95' lang='lat'><em>-</em></span> <span class='ocrx_word' id='word_1_6' title='bbox 1111 311 1180 372; x_wconf 82' lang='lat' dir='ltr'><strong>tm.</strong></span> <span class='ocrx_word' id='word_1_7' title='bbox 1199 311 1237 371; x_wconf 92' lang='lat' dir='ltr'><strong>ll.</strong></span> <span class='ocrx_word' id='word_1_8' title='bbox 1686 305 1757 368; x_wconf 72' lang='lat'>10⁴6</span> 
     </span>
    </p>
   </div>
   <div class='ocr_carea' id='block_1_2' title="bbox 107 433 1757 5244">
    <p class='ocr_par' dir='ltr' id='par_1_2' title="bbox 108 433 1757 964">
     <span class='ocr_line' id='line_1_2' title="bbox 142 433 1757 513; baseline 0.004 -25"><span class='ocrx_word' id='word_1_9' title='bbox 142 433 215 490; x_wconf 90' lang='lat' dir='ltr'><strong>Post</strong></span> <span class='ocrx_word' id='word_1_10' title='bbox 227 434 354 508; x_wconf 83' lang='lat' dir='ltr'><strong>singulas</strong></span> <span class='ocrx_word' id='word_1_11' title='bbox 378 436 463 490; x_wconf 86' lang='lat' dir='ltr'><strong>horas</strong></span> <span class='ocrx_word' id='word_1_12' title='bbox 486 437 595 492; x_wconf 85' lang='lat' dir='ltr'><strong>veniam</strong></span> <span class='ocrx_word' id='word_1_13' title='bbox 618 455 703 511; x_wconf 88' lang='lat' dir='ltr'><strong>super</strong></span> <span class='ocrx_word' id='word_1_14' title='bbox 725 457 817 512; x_wconf 87' lang='lat' dir='ltr'><strong>genua</strong></span> <span class='ocrx_word' id='word_1_15' title='bbox 835 441 948 513; x_wconf 83' lang='lat' dir='ltr'><strong>petit,A</strong></span> <span class='ocrx_word' id='word_1_16' title='bbox 994 441 1048 508; x_wconf 84' lang='lat' dir='ltr'><strong>Qui</strong></span> <span class='ocrx_word' id='word_1_17' title='bbox 1074 439 1297 512; x_wconf 85' lang='lat' dir='ltr'><strong>vercillolonge</strong></span> <span class='ocrx_word' id='word_1_18' title='bbox 1317 443 1426 496; x_wconf 86' lang='lat' dir='ltr'><strong>remoto</strong></span> <span class='ocrx_word' id='word_1_19' title='bbox 1445 437 1549 496; x_wconf 87' lang='lat' dir='ltr'><strong>detali</strong></span> <span class='ocrx_word' id='word_1_20' title='bbox 1572 439 1654 512; x_wconf 87' lang='lat' dir='ltr'><strong>culpa</strong></span> <span class='ocrx_word' id='word_1_21' title='bbox 1680 437 1757 494; x_wconf 90' lang='lat' dir='ltr'><strong>inter</strong></span> 
     </span>
     <span class='ocr_line' id='line_1_3' title="bbox 108 525 1753 606; baseline 0.005 -28"><span class='ocrx_word' id='word_1_22' title='bbox 108 529 267 581; x_wconf 86' lang='lat' dir='ltr'><strong>nectamen</strong></span> <span class='ocrx_word' id='word_1_23' title='bbox 277 525 453 598; x_wconf 86' lang='lat' dir='ltr'><strong>propterhoc</strong></span> <span class='ocrx_word' id='word_1_24' title='bbox 471 543 501 582; x_wconf 89' lang='lat' dir='ltr'><strong>se</strong></span> <span class='ocrx_word' id='word_1_25' title='bbox 513 525 549 580; x_wconf 88' lang='lat' dir='ltr'><strong>ad</strong></span> <span class='ocrx_word' id='word_1_26' title='bbox 558 527 647 582; x_wconf 88' lang='lat' dir='ltr'><strong>altare</strong></span> <span class='ocrx_word' id='word_1_27' title='bbox 658 528 750 584; x_wconf 84' lang='lat' dir='ltr'><strong>vertit.</strong></span> <span class='ocrx_word' id='word_1_28' title='bbox 762 531 913 604; x_wconf 83' lang='lat' dir='ltr'><strong>Nunquam</strong></span> <span class='ocrx_word' id='word_1_29' title='bbox 954 533 1056 588; x_wconf 84' lang='lat' dir='ltr'><strong>iratres</strong></span> <span class='ocrx_word' id='word_1_30' title='bbox 1064 531 1221 606; x_wconf 86' lang='lat' dir='ltr'><strong>publicatus</strong></span> <span class='ocrx_word' id='word_1_31' title='bbox 1243 530 1337 596; x_wconf 84' lang='lat' dir='ltr'><strong>suerit,</strong></span> <span class='ocrx_word' id='word_1_32' title='bbox 1350 529 1374 584; x_wconf 90' lang='lat' dir='ltr'><strong>si</strong></span> <span class='ocrx_word' id='word_1_33' title='bbox 1384 528 1513 586; x_wconf 77' lang='lat' dir='ltr'><strong>sacerdos</strong></span> <span class='ocrx_word' id='word_1_34' title='bbox 1530 532 1581 602; x_wconf 84' lang='lat' dir='ltr'><strong>esi,</strong></span> <span class='ocrx_word' id='word_1_35' title='bbox 1596 527 1674 602; x_wconf 88' lang='lat' dir='ltr'><strong>prior</strong></span> <span class='ocrx_word' id='word_1_36' title='bbox 1688 543 1753 587; x_wconf 81' lang='lat' dir='ltr'><strong>aum</strong></span> 
     </span>
     <span class='ocr_line' id='line_1_4' title="bbox 109 611 1754 696; baseline 0.004 -28"><span class='ocrx_word' id='word_1_37' title='bbox 109 611 204 668; x_wconf 86' lang='lat' dir='ltr'><strong>albam</strong></span> <span class='ocrx_word' id='word_1_38' title='bbox 218 613 321 680; x_wconf 89' lang='lat' dir='ltr'><strong>induit,</strong></span> <span class='ocrx_word' id='word_1_39' title='bbox 341 613 396 669; x_wconf 89' lang='lat' dir='ltr'><strong>nisi</strong></span> <span class='ocrx_word' id='word_1_40' title='bbox 420 615 560 688; x_wconf 82' lang='lat' dir='ltr'><strong>processio</strong></span> <span class='ocrx_word' id='word_1_41' title='bbox 583 616 612 671; x_wconf 90' lang='lat' dir='ltr'><strong>in</strong></span> <span class='ocrx_word' id='word_1_42' title='bbox 640 617 710 672; x_wconf 90' lang='lat' dir='ltr'><strong>albis</strong></span> <span class='ocrx_word' id='word_1_43' title='bbox 734 618 844 690; x_wconf 83' lang='lat' dir='ltr'><strong>agenda</strong></span> <span class='ocrx_word' id='word_1_44' title='bbox 866 621 910 675; x_wconf 91' lang='lat' dir='ltr'><strong>sit.</strong></span> <span class='ocrx_word' id='word_1_45' title='bbox 955 623 1101 696; x_wconf 80' lang='lat' dir='ltr'><strong>suspendit</strong></span> <span class='ocrx_word' id='word_1_46' title='bbox 1121 621 1156 678; x_wconf 87' lang='lat' dir='ltr'><strong>ab</strong></span> <span class='ocrx_word' id='word_1_47' title='bbox 1179 619 1281 690; x_wconf 83' lang='lat' dir='ltr'><strong>officio,</strong></span> <span class='ocrx_word' id='word_1_48' title='bbox 1300 619 1335 674; x_wconf 86' lang='lat' dir='ltr'><strong>ab</strong></span> <span class='ocrx_word' id='word_1_49' title='bbox 1358 617 1527 684; x_wconf 77' lang='lat' dir='ltr'><strong>obedientia,</strong></span> <span class='ocrx_word' id='word_1_50' title='bbox 1547 633 1754 692; x_wconf 80' lang='lat' dir='ltr'><strong>quamcumque</strong></span> 
     </span>
     <span class='ocr_line' id='line_1_5' title="bbox 109 699 1755 782; baseline 0.005 -26"><span class='ocrx_word' id='word_1_51' title='bbox 109 699 231 768; x_wconf 84' lang='lat' dir='ltr'><strong>Quando</strong></span> <span class='ocrx_word' id='word_1_52' title='bbox 244 708 340 758; x_wconf 86' lang='lat' dir='ltr'><strong>autem</strong></span> <span class='ocrx_word' id='word_1_53' title='bbox 354 703 472 759; x_wconf 88' lang='lat' dir='ltr'><strong>estsine</strong></span> <span class='ocrx_word' id='word_1_54' title='bbox 485 704 591 760; x_wconf 88' lang='lat' dir='ltr'><strong>albaiu</strong></span> <span class='ocrx_word' id='word_1_55' title='bbox 605 705 723 772; x_wconf 89' lang='lat' dir='ltr'><strong>choro,a</strong></span> <span class='ocrx_word' id='word_1_56' title='bbox 736 707 853 780; x_wconf 88' lang='lat' dir='ltr'><strong>pariete,</strong></span> <span class='ocrx_word' id='word_1_57' title='bbox 862 726 914 782; x_wconf 89' lang='lat' dir='ltr'><strong>pro</strong></span> <span class='ocrx_word' id='word_1_58' title='bbox 955 717 1022 770; x_wconf 89' lang='lat' dir='ltr'><strong>tuno</strong></span> <span class='ocrx_word' id='word_1_59' title='bbox 1039 712 1133 778; x_wconf 90' lang='lat' dir='ltr'><strong>babet,</strong></span> <span class='ocrx_word' id='word_1_60' title='bbox 1155 728 1171 768; x_wconf 89' lang='lat' dir='ltr'><strong>a</strong></span> <span class='ocrx_word' id='word_1_61' title='bbox 1193 727 1310 782; x_wconf 90' lang='lat' dir='ltr'><strong>corpore</strong></span> <span class='ocrx_word' id='word_1_62' title='bbox 1323 707 1446 776; x_wconf 84' lang='lat' dir='ltr'><strong>Domini,</strong></span> <span class='ocrx_word' id='word_1_63' title='bbox 1462 714 1491 766; x_wconf 89' lang='lat' dir='ltr'><strong>ct</strong></span> <span class='ocrx_word' id='word_1_64' title='bbox 1505 725 1522 764; x_wconf 89' lang='lat' dir='ltr'><strong>a</strong></span> <span class='ocrx_word' id='word_1_65' title='bbox 1536 707 1644 764; x_wconf 67' lang='lat' dir='ltr'><strong>ceteris</strong></span> <span class='ocrx_word' id='word_1_66' title='bbox 1656 709 1755 782; x_wconf 77' lang='lat' dir='ltr'><strong>hujus·</strong></span> 
     </span>
     <span class='ocr_line' id='line_1_6' title="bbox 111 791 1754 874; baseline 0.009 -29"><span class='ocrx_word' id='word_1_67' title='bbox 111 791 189 846; x_wconf 91' lang='lat' dir='ltr'><strong>nullo</strong></span> <span class='ocrx_word' id='word_1_68' title='bbox 200 791 266 848; x_wconf 83' lang='lat' dir='ltr'><strong>alba</strong></span> <span class='ocrx_word' id='word_1_69' title='bbox 280 792 324 846; x_wconf 84' lang='lat' dir='ltr'><strong>vel</strong></span> <span class='ocrx_word' id='word_1_70' title='bbox 338 809 427 868; x_wconf 88' lang='lat' dir='ltr'><strong>cappa</strong></span> <span class='ocrx_word' id='word_1_71' title='bbox 438 791 548 861; x_wconf 89' lang='lat' dir='ltr'><strong>induto,</strong></span> <span class='ocrx_word' id='word_1_72' title='bbox 562 793 679 850; x_wconf 87' lang='lat' dir='ltr'><strong>ultimus</strong></span> <span class='ocrx_word' id='word_1_73' title='bbox 692 797 806 852; x_wconf 89' lang='lat' dir='ltr'><strong>interim</strong></span> <span class='ocrx_word' id='word_1_74' title='bbox 821 797 914 874; x_wconf 82' lang='lat' dir='ltr'><strong>dimo·</strong></span> <span class='ocrx_word' id='word_1_75' title='bbox 954 801 1030 856; x_wconf 87' lang='lat' dir='ltr'><strong>modi</strong></span> <span class='ocrx_word' id='word_1_76' title='bbox 1042 821 1049 870; x_wconf 88' lang='lat'>;</span> <span class='ocrx_word' id='word_1_77' title='bbox 1059 801 1168 872; x_wconf 90' lang='lat' dir='ltr'><strong>reliqua</strong></span> <span class='ocrx_word' id='word_1_78' title='bbox 1177 800 1280 865; x_wconf 85' lang='lat' dir='ltr'><strong>differt,</strong></span> <span class='ocrx_word' id='word_1_79' title='bbox 1291 816 1381 871; x_wconf 90' lang='lat' dir='ltr'><strong>usque</strong></span> <span class='ocrx_word' id='word_1_80' title='bbox 1395 799 1431 854; x_wconf 83' lang='lat' dir='ltr'><strong>ad</strong></span> <span class='ocrx_word' id='word_1_81' title='bbox 1444 797 1553 856; x_wconf 79' lang='lat' dir='ltr'><strong>abbatis</strong></span> <span class='ocrx_word' id='word_1_82' title='bbox 1564 798 1754 870; x_wconf 74' lang='lat' dir='ltr'><strong>presentiam.</strong></span> 
     </span>
     <span class='ocr_line' id='line_1_7' title="bbox 111 886 1753 964; baseline -0.002 -16"><span class='ocrx_word' id='word_1_83' title='bbox 111 887 204 936; x_wconf 67' lang='lat' dir='ltr'><strong>vetur·</strong></span> <span class='ocrx_word' id='word_1_84' title='bbox 953 891 1078 964; x_wconf 87' lang='lat' dir='ltr'><strong>Idipsum</strong></span> <span class='ocrx_word' id='word_1_85' title='bbox 1094 891 1223 948; x_wconf 87' lang='lat' dir='ltr'><strong>observet</strong></span> <span class='ocrx_word' id='word_1_86' title='bbox 1232 890 1311 962; x_wconf 87' lang='lat' dir='ltr'><strong>prior</strong></span> <span class='ocrx_word' id='word_1_87' title='bbox 1320 889 1356 944; x_wconf 91' lang='lat' dir='ltr'><strong>ad</strong></span> <span class='ocrx_word' id='word_1_88' title='bbox 1371 887 1525 962; x_wconf 88' lang='lat' dir='ltr'><strong>quamlibet</strong></span> <span class='ocrx_word' id='word_1_89' title='bbox 1533 888 1643 956; x_wconf 82' lang='lat' dir='ltr'><strong>cellam,</strong></span> <span class='ocrx_word' id='word_1_90' title='bbox 1658 886 1682 944; x_wconf 93' lang='lat' dir='ltr'><strong>si</strong></span> <span class='ocrx_word' id='word_1_91' title='bbox 1696 887 1753 946; x_wconf 91' lang='lat' dir='ltr'><strong>tale</strong></span> 
     </span>
    </p>

    <p class='ocr_par' dir='ltr' id='par_1_3' title="bbox 107 968 1754 5244">
     <span class='ocr_line' id='line_1_8' title="bbox 147 968 1753 1054; baseline 0.006 -30"><span class='ocrx_word' id='word_1_92' title='bbox 147 968 419 1042; x_wconf 82' lang='lat' dir='ltr'><strong>(on.)llaecsingula</strong></span> <span class='ocrx_word' id='word_1_93' title='bbox 436 970 551 1026; x_wconf 85' lang='lat' dir='ltr'><strong>cuilibet</strong></span> <span class='ocrx_word' id='word_1_94' title='bbox 563 989 728 1044; x_wconf 88' lang='lat' dir='ltr'><strong>quacunque</strong></span> <span class='ocrx_word' id='word_1_95' title='bbox 743 991 870 1030; x_wconf 84' lang='lat' dir='ltr'><strong>excausa</strong></span> <span class='ocrx_word' id='word_1_96' title='bbox 882 973 912 1030; x_wconf 93' lang='lat' dir='ltr'><strong>in</strong></span> <span class='ocrx_word' id='word_1_97' title='bbox 954 981 1022 1054; x_wconf 83' lang='lat' dir='ltr'><strong>quid</strong></span> <span class='ocrx_word' id='word_1_98' title='bbox 1045 981 1084 1038; x_wconf 84' lang='lat' dir='ltr'><strong>ibi</strong></span> <span class='ocrx_word' id='word_1_99' title='bbox 1109 980 1243 1047; x_wconf 77' lang='lat' dir='ltr'><strong>evenerit,</strong></span> <span class='ocrx_word' id='word_1_100' title='bbox 1264 985 1293 1036; x_wconf 89' lang='lat' dir='ltr'><strong>et</strong></span> <span class='ocrx_word' id='word_1_101' title='bbox 1313 977 1435 1050; x_wconf 87' lang='lat' dir='ltr'><strong>insuper·</strong></span> <span class='ocrx_word' id='word_1_102' title='bbox 1455 978 1548 1052; x_wconf 88' lang='lat' dir='ltr'><strong>ipsum</strong></span> <span class='ocrx_word' id='word_1_103' title='bbox 1576 977 1693 1038; x_wconf 82' lang='lat' dir='ltr'><strong>fratrem</strong></span> <span class='ocrx_word' id='word_1_104' title='bbox 1717 977 1753 1048; x_wconf 83' lang='lat' dir='ltr'><strong>ad</strong></span> 
     </span>
     <span class='ocr_line' id='line_1_9' title="bbox 114 1059 1753 1144; baseline 0.009 -31"><span class='ocrx_word' id='word_1_105' title='bbox 114 1059 223 1114; x_wconf 80' lang='lat' dir='ltr'><strong>ultimis</strong></span> <span class='ocrx_word' id='word_1_106' title='bbox 239 1060 331 1131; x_wconf 88' lang='lat' dir='ltr'><strong>posito</strong></span> <span class='ocrx_word' id='word_1_107' title='bbox 348 1065 415 1115; x_wconf 90' lang='lat' dir='ltr'><strong>sunt</strong></span> <span class='ocrx_word' id='word_1_108' title='bbox 434 1061 617 1128; x_wconf 86' lang='lat' dir='ltr'><strong>observanda,</strong></span> <span class='ocrx_word' id='word_1_109' title='bbox 636 1068 750 1136; x_wconf 86' lang='lat' dir='ltr'><strong>excepto</strong></span> <span class='ocrx_word' id='word_1_110' title='bbox 779 1065 864 1136; x_wconf 89' lang='lat' dir='ltr'><strong>quod,</strong></span> <span class='ocrx_word' id='word_1_111' title='bbox 880 1069 913 1120; x_wconf 89' lang='lat' dir='ltr'><strong>ut</strong></span> <span class='ocrx_word' id='word_1_112' title='bbox 953 1070 1135 1144; x_wconf 81' lang='lat' dir='ltr'><strong>principalem</strong></span> <span class='ocrx_word' id='word_1_113' title='bbox 1150 1071 1252 1134; x_wconf 92' lang='lat' dir='ltr'><strong>locum,</strong></span> <span class='ocrx_word' id='word_1_114' title='bbox 1267 1069 1311 1124; x_wconf 89' lang='lat' dir='ltr'><strong>vel</strong></span> <span class='ocrx_word' id='word_1_115' title='bbox 1324 1084 1374 1138; x_wconf 90' lang='lat' dir='ltr'><strong>per</strong></span> <span class='ocrx_word' id='word_1_116' title='bbox 1387 1085 1427 1131; x_wconf 91' lang='lat' dir='ltr'><strong>se,</strong></span> <span class='ocrx_word' id='word_1_117' title='bbox 1446 1068 1550 1140; x_wconf 79' lang='lat' dir='ltr'><strong>velper</strong></span> <span class='ocrx_word' id='word_1_118' title='bbox 1564 1065 1651 1126; x_wconf 81' lang='lat' dir='ltr'><strong>alium</strong></span> <span class='ocrx_word' id='word_1_119' title='bbox 1665 1067 1753 1128; x_wconf 76' lang='lat' dir='ltr'><strong>addu-</strong></span> 
     </span>
     <span class='ocr_line' id='line_1_10' title="bbox 112 1153 1752 1232; baseline 0.002 -22"><span class='ocrx_word' id='word_1_120' title='bbox 112 1153 304 1226; x_wconf 86' lang='lat' dir='ltr'><strong>praediximus,</strong></span> <span class='ocrx_word' id='word_1_121' title='bbox 320 1154 401 1210; x_wconf 80' lang='lat' dir='ltr'><strong>venia</strong></span> <span class='ocrx_word' id='word_1_122' title='bbox 413 1162 478 1228; x_wconf 91' lang='lat' dir='ltr'><strong>post</strong></span> <span class='ocrx_word' id='word_1_123' title='bbox 487 1153 570 1210; x_wconf 89' lang='lat' dir='ltr'><strong>boras</strong></span> <span class='ocrx_word' id='word_1_124' title='bbox 585 1157 716 1226; x_wconf 89' lang='lat' dir='ltr'><strong>petenda,</strong></span> <span class='ocrx_word' id='word_1_125' title='bbox 727 1175 788 1228; x_wconf 87' lang='lat' dir='ltr'><strong>quae</strong></span> <span class='ocrx_word' id='word_1_126' title='bbox 801 1160 913 1232; x_wconf 87' lang='lat' dir='ltr'><strong>proprie</strong></span> <span class='ocrx_word' id='word_1_127' title='bbox 954 1159 1000 1219; x_wconf 79' lang='lat' dir='ltr'><strong>cit.</strong></span> <span class='ocrx_word' id='word_1_128' title='bbox 1012 1164 1085 1216; x_wconf 89' lang='lat' dir='ltr'><strong>sicut</strong></span> <span class='ocrx_word' id='word_1_129' title='bbox 1097 1167 1125 1214; x_wconf 90' lang='lat' dir='ltr'><strong>et</strong></span> <span class='ocrx_word' id='word_1_130' title='bbox 1139 1157 1231 1230; x_wconf 90' lang='lat' dir='ltr'><strong>illum,</strong></span> <span class='ocrx_word' id='word_1_131' title='bbox 1246 1156 1294 1232; x_wconf 91' lang='lat' dir='ltr'><strong>qui</strong></span> <span class='ocrx_word' id='word_1_132' title='bbox 1304 1157 1338 1212; x_wconf 92' lang='lat' dir='ltr'><strong>de</strong></span> <span class='ocrx_word' id='word_1_133' title='bbox 1347 1158 1414 1228; x_wconf 83' lang='lat' dir='ltr'><strong>iuga</strong></span> <span class='ocrx_word' id='word_1_134' title='bbox 1427 1156 1515 1225; x_wconf 83' lang='lat' dir='ltr'><strong>rodit3</strong></span> <span class='ocrx_word' id='word_1_135' title='bbox 1526 1155 1601 1214; x_wconf 87' lang='lat' dir='ltr'><strong>hunc</strong></span> <span class='ocrx_word' id='word_1_136' title='bbox 1616 1157 1691 1214; x_wconf 87' lang='lat' dir='ltr'><strong>enim</strong></span> <span class='ocrx_word' id='word_1_137' title='bbox 1700 1173 1752 1214; x_wconf 87' lang='lat' dir='ltr'><strong>neo</strong></span> 
     </span>
     <span class='ocr_line' id='line_1_11' title="bbox 112 1243 1754 1321; baseline 0.002 -23"><span class='ocrx_word' id='word_1_138' title='bbox 112 1243 186 1308; x_wconf 92' lang='lat' dir='ltr'><strong>huic,</strong></span> <span class='ocrx_word' id='word_1_139' title='bbox 203 1243 238 1298; x_wconf 91' lang='lat' dir='ltr'><strong>de</strong></span> <span class='ocrx_word' id='word_1_140' title='bbox 254 1261 310 1315; x_wconf 92' lang='lat' dir='ltr'><strong>quo</strong></span> <span class='ocrx_word' id='word_1_141' title='bbox 325 1244 445 1316; x_wconf 77' lang='lat' dir='ltr'><strong>agimus,</strong></span> <span class='ocrx_word' id='word_1_142' title='bbox 456 1251 498 1298; x_wconf 91' lang='lat' dir='ltr'><strong>est</strong></span> <span class='ocrx_word' id='word_1_143' title='bbox 512 1245 643 1317; x_wconf 88' lang='lat' dir='ltr'><strong>ascripta.</strong></span> <span class='ocrx_word' id='word_1_144' title='bbox 659 1243 693 1300; x_wconf 94' lang='lat' dir='ltr'><strong>In</strong></span> <span class='ocrx_word' id='word_1_145' title='bbox 706 1263 838 1319; x_wconf 87' lang='lat' dir='ltr'><strong>processu</strong></span> <span class='ocrx_word' id='word_1_146' title='bbox 848 1265 913 1304; x_wconf 81' lang='lat' dir='ltr'><strong>vero</strong></span> <span class='ocrx_word' id='word_1_147' title='bbox 953 1249 983 1304; x_wconf 92' lang='lat' dir='ltr'><strong>in</strong></span> <span class='ocrx_word' id='word_1_148' title='bbox 998 1247 1152 1304; x_wconf 87' lang='lat' dir='ltr'><strong>claustrum</strong></span> <span class='ocrx_word' id='word_1_149' title='bbox 1166 1248 1268 1304; x_wconf 88' lang='lat' dir='ltr'><strong>ibidem</strong></span> <span class='ocrx_word' id='word_1_150' title='bbox 1284 1246 1419 1304; x_wconf 78' lang='lat' dir='ltr'><strong>admittit.</strong></span> <span class='ocrx_word' id='word_1_151' title='bbox 1437 1245 1466 1304; x_wconf 91' lang='lat' dir='ltr'><strong>Si</strong></span> <span class='ocrx_word' id='word_1_152' title='bbox 1486 1245 1549 1321; x_wconf 88' lang='lat' dir='ltr'><strong>quis</strong></span> <span class='ocrx_word' id='word_1_153' title='bbox 1567 1262 1633 1302; x_wconf 81' lang='lat' dir='ltr'><strong>vero</strong></span> <span class='ocrx_word' id='word_1_154' title='bbox 1655 1251 1754 1302; x_wconf 89' lang='lat' dir='ltr'><strong>noster</strong></span> 
     </span>
     <span class='ocr_line' id='line_1_12' title="bbox 113 1331 1753 1408; baseline 0.005 -22"><span class='ocrx_word' id='word_1_155' title='bbox 113 1333 251 1404; x_wconf 85' lang='lat' dir='ltr'><strong>temporis</strong></span> <span class='ocrx_word' id='word_1_156' title='bbox 267 1333 377 1405; x_wconf 87' lang='lat' dir='ltr'><strong>aliquos</strong></span> <span class='ocrx_word' id='word_1_157' title='bbox 390 1331 514 1388; x_wconf 86' lang='lat' dir='ltr'><strong>seniores</strong></span> <span class='ocrx_word' id='word_1_158' title='bbox 528 1333 676 1390; x_wconf 87' lang='lat' dir='ltr'><strong>humiliter</strong></span> <span class='ocrx_word' id='word_1_159' title='bbox 687 1343 788 1406; x_wconf 68' lang='lat' dir='ltr'><strong>rogatq</strong></span> <span class='ocrx_word' id='word_1_160' title='bbox 803 1336 853 1392; x_wconf 92' lang='lat' dir='ltr'><strong>sed</strong></span> <span class='ocrx_word' id='word_1_161' title='bbox 867 1343 914 1392; x_wconf 89' lang='lat' dir='ltr'><strong>ta·</strong></span> <span class='ocrx_word' id='word_1_162' title='bbox 953 1339 1095 1408; x_wconf 84' lang='lat' dir='ltr'><strong>protessus</strong></span> <span class='ocrx_word' id='word_1_163' title='bbox 1110 1337 1336 1392; x_wconf 86' lang='lat' dir='ltr'><strong>accommodatus</strong></span> <span class='ocrx_word' id='word_1_164' title='bbox 1355 1335 1460 1401; x_wconf 84' lang='lat' dir='ltr'><strong>abbati,</strong></span> <span class='ocrx_word' id='word_1_165' title='bbox 1485 1335 1533 1407; x_wconf 90' lang='lat' dir='ltr'><strong>qui</strong></span> <span class='ocrx_word' id='word_1_166' title='bbox 1554 1351 1588 1389; x_wconf 86' lang='lat' dir='ltr'><strong>ex</strong></span> <span class='ocrx_word' id='word_1_167' title='bbox 1603 1335 1708 1392; x_wconf 83' lang='lat' dir='ltr'><strong>nostris</strong></span> <span class='ocrx_word' id='word_1_168' title='bbox 1723 1336 1753 1394; x_wconf 85' lang='lat' dir='ltr'><strong>in</strong></span> 
     </span>
     <span class='ocr_line' id='line_1_13' title="bbox 114 1422 1753 1500; baseline 0.002 -24"><span class='ocrx_word' id='word_1_169' title='bbox 114 1439 176 1476; x_wconf 88' lang='lat' dir='ltr'><strong>men</strong></span> <span class='ocrx_word' id='word_1_170' title='bbox 191 1422 300 1494; x_wconf 86' lang='lat' dir='ltr'><strong>absque</strong></span> <span class='ocrx_word' id='word_1_171' title='bbox 312 1422 688 1496; x_wconf 87' lang='lat' dir='ltr'><strong>venia,utintercedantpro</strong></span> <span class='ocrx_word' id='word_1_172' title='bbox 703 1441 745 1479; x_wconf 92' lang='lat' dir='ltr'><strong>eo.</strong></span> <span class='ocrx_word' id='word_1_173' title='bbox 761 1427 913 1498; x_wconf 86' lang='lat' dir='ltr'><strong>Nunquam</strong></span> <span class='ocrx_word' id='word_1_174' title='bbox 953 1426 1046 1482; x_wconf 85' lang='lat' dir='ltr'><strong>alieno</strong></span> <span class='ocrx_word' id='word_1_175' title='bbox 1061 1426 1233 1484; x_wconf 88' lang='lat' dir='ltr'><strong>monasterio</strong></span> <span class='ocrx_word' id='word_1_176' title='bbox 1248 1431 1291 1482; x_wconf 89' lang='lat' dir='ltr'><strong>est</strong></span> <span class='ocrx_word' id='word_1_177' title='bbox 1305 1425 1461 1498; x_wconf 83' lang='lat' dir='ltr'><strong>praeleetus,</strong></span> <span class='ocrx_word' id='word_1_178' title='bbox 1477 1424 1535 1481; x_wconf 82' lang='lat' dir='ltr'><strong>talc</strong></span> <span class='ocrx_word' id='word_1_179' title='bbox 1550 1423 1618 1500; x_wconf 89' lang='lat' dir='ltr'><strong>quid</strong></span> <span class='ocrx_word' id='word_1_180' title='bbox 1633 1423 1753 1482; x_wconf 87' lang='lat' dir='ltr'><strong>commi·</strong></span> 
     </span>
     <span class='ocr_line' id='line_1_14' title="bbox 115 1511 1753 1587; baseline 0.005 -22"><span class='ocrx_word' id='word_1_181' title='bbox 115 1511 187 1566; x_wconf 89' lang='lat' dir='ltr'><strong>enim</strong></span> <span class='ocrx_word' id='word_1_182' title='bbox 210 1511 316 1582; x_wconf 86' lang='lat' dir='ltr'><strong>aliquis</strong></span> <span class='ocrx_word' id='word_1_183' title='bbox 337 1511 367 1566; x_wconf 92' lang='lat' dir='ltr'><strong>in</strong></span> <span class='ocrx_word' id='word_1_184' title='bbox 389 1517 536 1579; x_wconf 87' lang='lat' dir='ltr'><strong>conventu,</strong></span> <span class='ocrx_word' id='word_1_185' title='bbox 558 1529 649 1584; x_wconf 87' lang='lat' dir='ltr'><strong>neque</strong></span> <span class='ocrx_word' id='word_1_186' title='bbox 667 1514 697 1568; x_wconf 90' lang='lat' dir='ltr'><strong>in</strong></span> <span class='ocrx_word' id='word_1_187' title='bbox 715 1514 777 1585; x_wconf 89' lang='lat' dir='ltr'><strong>ipso</strong></span> <span class='ocrx_word' id='word_1_188' title='bbox 791 1515 913 1587; x_wconf 89' lang='lat' dir='ltr'><strong>capitulo</strong></span> <span class='ocrx_word' id='word_1_189' title='bbox 954 1516 1032 1584; x_wconf 88' lang='lat' dir='ltr'><strong>serit,</strong></span> <span class='ocrx_word' id='word_1_190' title='bbox 1047 1515 1208 1574; x_wconf 87' lang='lat' dir='ltr'><strong>huncidem</strong></span> <span class='ocrx_word' id='word_1_191' title='bbox 1223 1514 1563 1578; x_wconf 78' lang='lat' dir='ltr'><strong>abbasexconsoetudinc</strong></span> <span class='ocrx_word' id='word_1_192' title='bbox 1583 1513 1709 1584; x_wconf 77' lang='lat' dir='ltr'><strong>corrigit,</strong></span> <span class='ocrx_word' id='word_1_193' title='bbox 1724 1519 1753 1574; x_wconf 79' lang='lat' dir='ltr'><strong>et</strong></span> 
     </span>
     <span class='ocr_line' id='line_1_15' title="bbox 113 1599 1752 1678; baseline 0.002 -20"><span class='ocrx_word' id='word_1_194' title='bbox 113 1601 275 1672; x_wconf 84' lang='lat' dir='ltr'><strong>hujusmodi</strong></span> <span class='ocrx_word' id='word_1_195' title='bbox 288 1599 518 1656; x_wconf 81' lang='lat' dir='ltr'><strong>intercessionem</strong></span> <span class='ocrx_word' id='word_1_196' title='bbox 528 1618 593 1656; x_wconf 87' lang='lat' dir='ltr'><strong>curn</strong></span> <span class='ocrx_word' id='word_1_197' title='bbox 607 1602 689 1657; x_wconf 87' lang='lat' dir='ltr'><strong>venia</strong></span> <span class='ocrx_word' id='word_1_198' title='bbox 702 1603 810 1674; x_wconf 73' lang='lat' dir='ltr'><strong>quaerit.</strong></span> <span class='ocrx_word' id='word_1_199' title='bbox 824 1605 913 1661; x_wconf 91' lang='lat' dir='ltr'><strong>Iidem</strong></span> <span class='ocrx_word' id='word_1_200' title='bbox 953 1609 1049 1660; x_wconf 83' lang='lat' dir='ltr'><strong>tamen</strong></span> <span class='ocrx_word' id='word_1_201' title='bbox 1062 1605 1085 1660; x_wconf 91' lang='lat' dir='ltr'><strong>si</strong></span> <span class='ocrx_word' id='word_1_202' title='bbox 1100 1611 1143 1660; x_wconf 91' lang='lat' dir='ltr'><strong>est</strong></span> <span class='ocrx_word' id='word_1_203' title='bbox 1156 1605 1191 1662; x_wconf 90' lang='lat' dir='ltr'><strong>de</strong></span> <span class='ocrx_word' id='word_1_204' title='bbox 1205 1604 1272 1676; x_wconf 82' lang='lat' dir='ltr'><strong>fuga</strong></span> <span class='ocrx_word' id='word_1_205' title='bbox 1284 1619 1422 1670; x_wconf 84' lang='lat' dir='ltr'><strong>reversus,</strong></span> <span class='ocrx_word' id='word_1_206' title='bbox 1437 1619 1502 1660; x_wconf 87' lang='lat' dir='ltr'><strong>oum</strong></span> <span class='ocrx_word' id='word_1_207' title='bbox 1515 1603 1638 1678; x_wconf 81' lang='lat' dir='ltr'><strong>primum</strong></span> <span class='ocrx_word' id='word_1_208' title='bbox 1650 1603 1687 1660; x_wconf 83' lang='lat' dir='ltr'><strong>ad</strong></span> <span class='ocrx_word' id='word_1_209' title='bbox 1699 1619 1752 1664; x_wconf 81' lang='lat' dir='ltr'><strong>nos</strong></span> 
     </span>
     <span class='ocr_line' id='line_1_16' title="bbox 114 1689 1751 1768; baseline 0.004 -24"><span class='ocrx_word' id='word_1_210' title='bbox 114 1695 206 1744; x_wconf 86' lang='lat' dir='ltr'><strong>autem</strong></span> <span class='ocrx_word' id='word_1_211' title='bbox 221 1689 356 1756; x_wconf 87' lang='lat' dir='ltr'><strong>seniores,</strong></span> <span class='ocrx_word' id='word_1_212' title='bbox 381 1707 446 1746; x_wconf 90' lang='lat' dir='ltr'><strong>cum</strong></span> <span class='ocrx_word' id='word_1_213' title='bbox 468 1690 590 1764; x_wconf 84' lang='lat' dir='ltr'><strong>primurn</strong></span> <span class='ocrx_word' id='word_1_214' title='bbox 611 1693 764 1764; x_wconf 90' lang='lat' dir='ltr'><strong>potuerint,</strong></span> <span class='ocrx_word' id='word_1_215' title='bbox 786 1709 837 1764; x_wconf 84' lang='lat' dir='ltr'><strong>pro</strong></span> <span class='ocrx_word' id='word_1_216' title='bbox 851 1695 913 1768; x_wconf 90' lang='lat' dir='ltr'><strong>ejus</strong></span> <span class='ocrx_word' id='word_1_217' title='bbox 953 1695 1070 1758; x_wconf 84' lang='lat' dir='ltr'><strong>venerit,</strong></span> <span class='ocrx_word' id='word_1_218' title='bbox 1084 1710 1263 1768; x_wconf 85' lang='lat' dir='ltr'><strong>nequaquam</strong></span> <span class='ocrx_word' id='word_1_219' title='bbox 1277 1693 1307 1748; x_wconf 89' lang='lat' dir='ltr'><strong>in</strong></span> <span class='ocrx_word' id='word_1_220' title='bbox 1318 1694 1482 1757; x_wconf 83' lang='lat' dir='ltr'><strong>claustrum,</strong></span> <span class='ocrx_word' id='word_1_221' title='bbox 1499 1690 1555 1750; x_wconf 82' lang='lat' dir='ltr'><strong>nisi</strong></span> <span class='ocrx_word' id='word_1_222' title='bbox 1569 1692 1653 1750; x_wconf 81' lang='lat' dir='ltr'><strong>solita</strong></span> <span class='ocrx_word' id='word_1_223' title='bbox 1666 1692 1751 1752; x_wconf 82' lang='lat' dir='ltr'><strong>satis·</strong></span> 
     </span>
     <span class='ocr_line' id='line_1_17' title="bbox 115 1779 1751 1858; baseline 0.002 -23"><span class='ocrx_word' id='word_1_224' title='bbox 115 1781 276 1839; x_wconf 89' lang='lat' dir='ltr'><strong>omnimoda</strong></span> <span class='ocrx_word' id='word_1_225' title='bbox 299 1782 438 1838; x_wconf 85' lang='lat' dir='ltr'><strong>solutione</strong></span> <span class='ocrx_word' id='word_1_226' title='bbox 461 1782 606 1854; x_wconf 87' lang='lat' dir='ltr'><strong>deprecari</strong></span> <span class='ocrx_word' id='word_1_227' title='bbox 629 1800 686 1838; x_wconf 88' lang='lat' dir='ltr'><strong>nou</strong></span> <span class='ocrx_word' id='word_1_228' title='bbox 709 1784 861 1856; x_wconf 73' lang='lat' dir='ltr'><strong>differunt,</strong></span> <span class='ocrx_word' id='word_1_229' title='bbox 888 1783 1073 1858; x_wconf 78' lang='lat' dir='ltr'><strong>sissfaetione</strong></span> <span class='ocrx_word' id='word_1_230' title='bbox 1095 1782 1238 1858; x_wconf 85' lang='lat' dir='ltr'><strong>recipitur,</strong></span> <span class='ocrx_word' id='word_1_231' title='bbox 1264 1782 1375 1840; x_wconf 83' lang='lat' dir='ltr'><strong>etiamsi</strong></span> <span class='ocrx_word' id='word_1_232' title='bbox 1400 1781 1521 1838; x_wconf 86' lang='lat' dir='ltr'><strong>domnus</strong></span> <span class='ocrx_word' id='word_1_233' title='bbox 1541 1779 1627 1838; x_wconf 81' lang='lat' dir='ltr'><strong>abbas</strong></span> <span class='ocrx_word' id='word_1_234' title='bbox 1647 1781 1678 1839; x_wconf 87' lang='lat' dir='ltr'><strong>in</strong></span> <span class='ocrx_word' id='word_1_235' title='bbox 1700 1781 1751 1842; x_wconf 81' lang='lat' dir='ltr'><strong>ills</strong></span> 
     </span>
     <span class='ocr_line' id='line_1_18' title="bbox 114 1869 1751 1946; baseline 0.002 -21"><span class='ocrx_word' id='word_1_236' title='bbox 114 1873 277 1942; x_wconf 87' lang='lat' dir='ltr'><strong>temenejus</strong></span> <span class='ocrx_word' id='word_1_237' title='bbox 287 1871 417 1925; x_wconf 88' lang='lat' dir='ltr'><strong>intimam</strong></span> <span class='ocrx_word' id='word_1_238' title='bbox 428 1871 624 1943; x_wconf 75' lang='lat' dir='ltr'><strong>penitentiam</strong></span> <span class='ocrx_word' id='word_1_239' title='bbox 634 1874 910 1944; x_wconf 80' lang='lat' dir='ltr'><strong>perspexerintNam</strong></span> <span class='ocrx_word' id='word_1_240' title='bbox 951 1872 1045 1944; x_wconf 90' lang='lat' dir='ltr'><strong>priore</strong></span> <span class='ocrx_word' id='word_1_241' title='bbox 1057 1871 1247 1928; x_wconf 81' lang='lat' dir='ltr'><strong>satisfactione</strong></span> <span class='ocrx_word' id='word_1_242' title='bbox 1262 1870 1362 1938; x_wconf 82' lang='lat' dir='ltr'><strong>adfuit,</strong></span> <span class='ocrx_word' id='word_1_243' title='bbox 1381 1869 1436 1926; x_wconf 91' lang='lat' dir='ltr'><strong>nisi</strong></span> <span class='ocrx_word' id='word_1_244' title='bbox 1451 1870 1523 1926; x_wconf 85' lang='lat' dir='ltr'><strong>sorte</strong></span> <span class='ocrx_word' id='word_1_245' title='bbox 1543 1869 1603 1946; x_wconf 86' lang='lat' dir='ltr'><strong>ipse</strong></span> <span class='ocrx_word' id='word_1_246' title='bbox 1618 1869 1751 1928; x_wconf 80' lang='lat' dir='ltr'><strong>eumdem</strong></span> 
     </span>
     <span class='ocr_line' id='line_1_19' title="bbox 115 1958 1748 2034; baseline 0.001 -21"><span class='ocrx_word' id='word_1_247' title='bbox 115 1977 161 2032; x_wconf 92' lang='lat' dir='ltr'><strong>pro</strong></span> <span class='ocrx_word' id='word_1_248' title='bbox 174 1959 265 2016; x_wconf 86' lang='lat' dir='ltr'><strong>tratre</strong></span> <span class='ocrx_word' id='word_1_249' title='bbox 276 1961 347 2016; x_wconf 84' lang='lat' dir='ltr'><strong>tales</strong></span> <span class='ocrx_word' id='word_1_250' title='bbox 362 1976 490 2016; x_wconf 84' lang='lat' dir='ltr'><strong>excessus</strong></span> <span class='ocrx_word' id='word_1_251' title='bbox 513 1961 542 2016; x_wconf 91' lang='lat' dir='ltr'><strong>in</strong></span> <span class='ocrx_word' id='word_1_252' title='bbox 561 1978 616 2017; x_wconf 86' lang='lat' dir='ltr'><strong>usu</strong></span> <span class='ocrx_word' id='word_1_253' title='bbox 635 1961 765 2028; x_wconf 86' lang='lat' dir='ltr'><strong>habente,</strong></span> <span class='ocrx_word' id='word_1_254' title='bbox 782 1979 839 2020; x_wconf 89' lang='lat' dir='ltr'><strong>non</strong></span> <span class='ocrx_word' id='word_1_255' title='bbox 852 1969 910 2020; x_wconf 84' lang='lat' dir='ltr'><strong>tam</strong></span> <span class='ocrx_word' id='word_1_256' title='bbox 951 1961 1082 2018; x_wconf 88' lang='lat' dir='ltr'><strong>vestitum</strong></span> <span class='ocrx_word' id='word_1_257' title='bbox 1104 1961 1192 2034; x_wconf 87' lang='lat' dir='ltr'><strong>recipi</strong></span> <span class='ocrx_word' id='word_1_258' title='bbox 1221 1959 1250 2018; x_wconf 93' lang='lat' dir='ltr'><strong>in</strong></span> <span class='ocrx_word' id='word_1_259' title='bbox 1276 1959 1421 2018; x_wconf 86' lang='lat' dir='ltr'><strong>audientia</strong></span> <span class='ocrx_word' id='word_1_260' title='bbox 1441 1959 1561 2016; x_wconf 82' lang='lat' dir='ltr'><strong>fratrum</strong></span> <span class='ocrx_word' id='word_1_261' title='bbox 1583 1958 1748 2020; x_wconf 84' lang='lat' dir='ltr'><strong>decreverit.</strong></span> 
     </span>
     <span class='ocr_line' id='line_1_20' title="bbox 114 2046 1751 2124; baseline 0.001 -22"><span class='ocrx_word' id='word_1_262' title='bbox 114 2049 165 2103; x_wconf 88' lang='lat' dir='ltr'><strong>cito</strong></span> <span class='ocrx_word' id='word_1_263' title='bbox 188 2055 222 2104; x_wconf 90' lang='lat' dir='ltr'><strong>ut</strong></span> <span class='ocrx_word' id='word_1_264' title='bbox 243 2050 376 2115; x_wconf 80' lang='lat' dir='ltr'><strong>soluatur,</strong></span> <span class='ocrx_word' id='word_1_265' title='bbox 397 2049 500 2104; x_wconf 86' lang='lat' dir='ltr'><strong>domno</strong></span> <span class='ocrx_word' id='word_1_266' title='bbox 520 2049 614 2106; x_wconf 86' lang='lat' dir='ltr'><strong>abbati</strong></span> <span class='ocrx_word' id='word_1_267' title='bbox 637 2052 788 2122; x_wconf 89' lang='lat' dir='ltr'><strong>aliquando</strong></span> <span class='ocrx_word' id='word_1_268' title='bbox 807 2069 910 2124; x_wconf 79' lang='lat' dir='ltr'><strong>sugge-</strong></span> <span class='ocrx_word' id='word_1_269' title='bbox 950 2051 1096 2108; x_wconf 79' lang='lat' dir='ltr'><strong>Adductus</strong></span> <span class='ocrx_word' id='word_1_270' title='bbox 1109 2055 1204 2106; x_wconf 88' lang='lat' dir='ltr'><strong>autem</strong></span> <span class='ocrx_word' id='word_1_271' title='bbox 1220 2048 1321 2106; x_wconf 84' lang='lat' dir='ltr'><strong>ednas</strong></span> <span class='ocrx_word' id='word_1_272' title='bbox 1340 2049 1397 2113; x_wconf 88' lang='lat' dir='ltr'><strong>ille,</strong></span> <span class='ocrx_word' id='word_1_273' title='bbox 1413 2048 1539 2122; x_wconf 84' lang='lat' dir='ltr'><strong>inquam,</strong></span> <span class='ocrx_word' id='word_1_274' title='bbox 1556 2046 1751 2122; x_wconf 85' lang='lat' dir='ltr'><strong>quislibicri·</strong></span> 
     </span>
     <span class='ocr_line' id='line_1_21' title="bbox 113 2135 1749 2213; baseline 0.001 -21"><span class='ocrx_word' id='word_1_275' title='bbox 113 2139 190 2194; x_wconf 85' lang='lat' dir='ltr'><strong>ritor.</strong></span> <span class='ocrx_word' id='word_1_276' title='bbox 215 2138 262 2194; x_wconf 87' lang='lat' dir='ltr'><strong>Ad</strong></span> <span class='ocrx_word' id='word_1_277' title='bbox 277 2155 397 2210; x_wconf 88' lang='lat' dir='ltr'><strong>quorum</strong></span> <span class='ocrx_word' id='word_1_278' title='bbox 419 2139 637 2210; x_wconf 84' lang='lat' dir='ltr'><strong>postulationem</strong></span> <span class='ocrx_word' id='word_1_279' title='bbox 656 2141 806 2213; x_wconf 80' lang='lat' dir='ltr'><strong>predictos</strong></span> <span class='ocrx_word' id='word_1_280' title='bbox 827 2142 911 2198; x_wconf 90' lang='lat' dir='ltr'><strong>Pater</strong></span> <span class='ocrx_word' id='word_1_281' title='bbox 951 2157 1016 2197; x_wconf 91' lang='lat' dir='ltr'><strong>men</strong></span> <span class='ocrx_word' id='word_1_282' title='bbox 1031 2139 1149 2211; x_wconf 86' lang='lat' dir='ltr'><strong>capitale</strong></span> <span class='ocrx_word' id='word_1_283' title='bbox 1164 2138 1314 2204; x_wconf 87' lang='lat' dir='ltr'><strong>commisit,</strong></span> <span class='ocrx_word' id='word_1_284' title='bbox 1328 2138 1401 2194; x_wconf 89' lang='lat' dir='ltr'><strong>sicut</strong></span> <span class='ocrx_word' id='word_1_285' title='bbox 1423 2152 1485 2193; x_wconf 88' lang='lat' dir='ltr'><strong>mos</strong></span> <span class='ocrx_word' id='word_1_286' title='bbox 1508 2141 1561 2204; x_wconf 87' lang='lat' dir='ltr'><strong>est,</strong></span> <span class='ocrx_word' id='word_1_287' title='bbox 1575 2135 1749 2194; x_wconf 86' lang='lat' dir='ltr'><strong>benedictio-</strong></span> 
     </span>
     <span class='ocr_line' id='line_1_22' title="bbox 114 2223 1750 2300; baseline 0.001 -18"><span class='ocrx_word' id='word_1_288' title='bbox 114 2229 182 2282; x_wconf 84' lang='lat' dir='ltr'><strong>solet</strong></span> <span class='ocrx_word' id='word_1_289' title='bbox 195 2228 378 2299; x_wconf 85' lang='lat' dir='ltr'><strong>respondere,</strong></span> <span class='ocrx_word' id='word_1_290' title='bbox 387 2233 470 2296; x_wconf 88' lang='lat' dir='ltr'><strong>prout</strong></span> <span class='ocrx_word' id='word_1_291' title='bbox 484 2229 646 2298; x_wconf 86' lang='lat' dir='ltr'><strong>poenitentis</strong></span> <span class='ocrx_word' id='word_1_292' title='bbox 656 2231 819 2300; x_wconf 83' lang='lat' dir='ltr'><strong>qualitatem</strong></span> <span class='ocrx_word' id='word_1_293' title='bbox 834 2233 911 2288; x_wconf 83' lang='lat' dir='ltr'><strong>novit</strong></span> <span class='ocrx_word' id='word_1_294' title='bbox 951 2246 1014 2288; x_wconf 82' lang='lat' dir='ltr'><strong>nem</strong></span> <span class='ocrx_word' id='word_1_295' title='bbox 1028 2235 1203 2300; x_wconf 88' lang='lat' dir='ltr'><strong>accepturus,</strong></span> <span class='ocrx_word' id='word_1_296' title='bbox 1218 2227 1275 2284; x_wconf 85' lang='lat' dir='ltr'><strong>sive</strong></span> <span class='ocrx_word' id='word_1_297' title='bbox 1297 2227 1417 2284; x_wconf 86' lang='lat' dir='ltr'><strong>domnus</strong></span> <span class='ocrx_word' id='word_1_298' title='bbox 1437 2223 1510 2281; x_wconf 85' lang='lat' dir='ltr'><strong>abba</strong></span> <span class='ocrx_word' id='word_1_299' title='bbox 1530 2225 1607 2284; x_wconf 84' lang='lat' dir='ltr'><strong>domi</strong></span> <span class='ocrx_word' id='word_1_300' title='bbox 1628 2225 1675 2292; x_wconf 85' lang='lat' dir='ltr'><strong>sit,</strong></span> <span class='ocrx_word' id='word_1_301' title='bbox 1692 2225 1750 2286; x_wconf 83' lang='lat' dir='ltr'><strong>siva</strong></span> 
     </span>
     <span class='ocr_line' id='line_1_23' title="bbox 115 2311 1749 2389; baseline 0.001 -19"><span class='ocrx_word' id='word_1_302' title='bbox 115 2316 234 2387; x_wconf 76' lang='lat' dir='ltr'><strong>exigere.</strong></span> <span class='ocrx_word' id='word_1_303' title='bbox 247 2316 320 2372; x_wconf 87' lang='lat' dir='ltr'><strong>Nam</strong></span> <span class='ocrx_word' id='word_1_304' title='bbox 335 2316 401 2370; x_wconf 80' lang='lat' dir='ltr'><strong>talis</strong></span> <span class='ocrx_word' id='word_1_305' title='bbox 416 2321 509 2387; x_wconf 86' lang='lat' dir='ltr'><strong>potest</strong></span> <span class='ocrx_word' id='word_1_306' title='bbox 524 2333 687 2387; x_wconf 85' lang='lat' dir='ltr'><strong>esse,quem</strong></span> <span class='ocrx_word' id='word_1_307' title='bbox 702 2319 738 2372; x_wconf 89' lang='lat' dir='ltr'><strong>ad</strong></span> <span class='ocrx_word' id='word_1_308' title='bbox 752 2319 910 2389; x_wconf 86' lang='lat' dir='ltr'><strong>proximum</strong></span> <span class='ocrx_word' id='word_1_309' title='bbox 950 2334 1016 2384; x_wconf 90' lang='lat' dir='ltr'><strong>non,</strong></span> <span class='ocrx_word' id='word_1_310' title='bbox 1034 2317 1189 2373; x_wconf 85' lang='lat' dir='ltr'><strong>claustrum</strong></span> <span class='ocrx_word' id='word_1_311' title='bbox 1213 2331 1278 2370; x_wconf 83' lang='lat' dir='ltr'><strong>mox</strong></span> <span class='ocrx_word' id='word_1_312' title='bbox 1299 2314 1464 2386; x_wconf 82' lang='lat' dir='ltr'><strong>ingreditur.</strong></span> <span class='ocrx_word' id='word_1_313' title='bbox 1481 2313 1511 2368; x_wconf 92' lang='lat' dir='ltr'><strong>Si</strong></span> <span class='ocrx_word' id='word_1_314' title='bbox 1524 2329 1589 2370; x_wconf 82' lang='lat' dir='ltr'><strong>vero</strong></span> <span class='ocrx_word' id='word_1_315' title='bbox 1603 2311 1679 2370; x_wconf 89' lang='lat' dir='ltr'><strong>domi</strong></span> <span class='ocrx_word' id='word_1_316' title='bbox 1692 2329 1749 2372; x_wconf 86' lang='lat' dir='ltr'><strong>noo</strong></span> 
     </span>
     <span class='ocr_line' id='line_1_24' title="bbox 114 2403 1751 2480; baseline 0 -20"><span class='ocrx_word' id='word_1_317' title='bbox 114 2405 266 2476; x_wconf 81' lang='lat' dir='ltr'><strong>capitulum</strong></span> <span class='ocrx_word' id='word_1_318' title='bbox 289 2405 422 2460; x_wconf 82' lang='lat' dir='ltr'><strong>restituat</strong></span> <span class='ocrx_word' id='word_1_319' title='bbox 445 2405 475 2460; x_wconf 90' lang='lat' dir='ltr'><strong>in</strong></span> <span class='ocrx_word' id='word_1_320' title='bbox 500 2406 651 2476; x_wconf 89' lang='lat' dir='ltr'><strong>pristinum</strong></span> <span class='ocrx_word' id='word_1_321' title='bbox 672 2407 775 2472; x_wconf 85' lang='lat' dir='ltr'><strong>locum,</strong></span> <span class='ocrx_word' id='word_1_322' title='bbox 790 2415 819 2466; x_wconf 89' lang='lat' dir='ltr'><strong>et</strong></span> <span class='ocrx_word' id='word_1_323' title='bbox 832 2409 908 2475; x_wconf 86' lang='lat' dir='ltr'><strong>talis,</strong></span> <span class='ocrx_word' id='word_1_324' title='bbox 951 2412 1003 2474; x_wconf 88' lang='lat' dir='ltr'><strong>est,</strong></span> <span class='ocrx_word' id='word_1_325' title='bbox 1020 2407 1185 2480; x_wconf 87' lang='lat' dir='ltr'><strong>priusquam</strong></span> <span class='ocrx_word' id='word_1_326' title='bbox 1201 2421 1329 2461; x_wconf 86' lang='lat' dir='ltr'><strong>reversus</strong></span> <span class='ocrx_word' id='word_1_327' title='bbox 1344 2403 1438 2469; x_wconf 82' lang='lat' dir='ltr'><strong>tuerit,</strong></span> <span class='ocrx_word' id='word_1_328' title='bbox 1455 2403 1530 2460; x_wconf 84' lang='lat' dir='ltr'><strong>idem</strong></span> <span class='ocrx_word' id='word_1_329' title='bbox 1543 2403 1632 2462; x_wconf 70' lang='lat' dir='ltr'><strong>asar</strong></span> <span class='ocrx_word' id='word_1_330' title='bbox 1645 2417 1751 2478; x_wconf 82' lang='lat' dir='ltr'><strong>nequa·</strong></span> 
     </span>
     <span class='ocr_line' id='line_1_25' title="bbox 113 2491 1750 2568; baseline 0.001 -20"><span class='ocrx_word' id='word_1_331' title='bbox 113 2494 154 2548; x_wconf 87' lang='lat' dir='ltr'><strong>oui</strong></span> <span class='ocrx_word' id='word_1_332' title='bbox 175 2494 204 2551; x_wconf 90' lang='lat' dir='ltr'><strong>id</strong></span> <span class='ocrx_word' id='word_1_333' title='bbox 229 2494 291 2549; x_wconf 86' lang='lat' dir='ltr'><strong>ficri</strong></span> <span class='ocrx_word' id='word_1_334' title='bbox 313 2495 438 2553; x_wconf 89' lang='lat' dir='ltr'><strong>nondum</strong></span> <span class='ocrx_word' id='word_1_335' title='bbox 461 2494 574 2550; x_wconf 85' lang='lat' dir='ltr'><strong>salubre</strong></span> <span class='ocrx_word' id='word_1_336' title='bbox 595 2511 655 2550; x_wconf 88' lang='lat' dir='ltr'><strong>esse</strong></span> <span class='ocrx_word' id='word_1_337' title='bbox 677 2495 817 2552; x_wconf 87' lang='lat' dir='ltr'><strong>decernat.</strong></span> <span class='ocrx_word' id='word_1_338' title='bbox 845 2499 909 2556; x_wconf 79' lang='lat' dir='ltr'><strong>llaec</strong></span> <span class='ocrx_word' id='word_1_339' title='bbox 950 2513 1034 2568; x_wconf 90' lang='lat' dir='ltr'><strong>quam</strong></span> <span class='ocrx_word' id='word_1_340' title='bbox 1049 2496 1078 2550; x_wconf 91' lang='lat' dir='ltr'><strong>in</strong></span> <span class='ocrx_word' id='word_1_341' title='bbox 1094 2495 1272 2567; x_wconf 79' lang='lat' dir='ltr'><strong>presentiam</strong></span> <span class='ocrx_word' id='word_1_342' title='bbox 1297 2493 1372 2549; x_wconf 90' lang='lat' dir='ltr'><strong>illius</strong></span> <span class='ocrx_word' id='word_1_343' title='bbox 1396 2491 1472 2549; x_wconf 83' lang='lat' dir='ltr'><strong>venit</strong></span> <span class='ocrx_word' id='word_1_344' title='bbox 1487 2510 1494 2546; x_wconf 89' lang='lat'>:</span> <span class='ocrx_word' id='word_1_345' title='bbox 1510 2491 1560 2548; x_wconf 84' lang='lat' dir='ltr'><strong>sed</strong></span> <span class='ocrx_word' id='word_1_346' title='bbox 1581 2491 1696 2548; x_wconf 84' lang='lat' dir='ltr'><strong>interim</strong></span> <span class='ocrx_word' id='word_1_347' title='bbox 1718 2491 1750 2550; x_wconf 85' lang='lat' dir='ltr'><strong>in</strong></span> 
     </span>
     <span class='ocr_line' id='line_1_26' title="bbox 113 2577 1749 2655; baseline -0.001 -19"><span class='ocrx_word' id='word_1_348' title='bbox 113 2589 203 2638; x_wconf 83' lang='lat' dir='ltr'><strong>sutem</strong></span> <span class='ocrx_word' id='word_1_349' title='bbox 221 2583 386 2640; x_wconf 84' lang='lat' dir='ltr'><strong>intercessio</strong></span> <span class='ocrx_word' id='word_1_350' title='bbox 408 2588 529 2655; x_wconf 87' lang='lat' dir='ltr'><strong>quatuor</strong></span> <span class='ocrx_word' id='word_1_351' title='bbox 549 2584 640 2642; x_wconf 87' lang='lat' dir='ltr'><strong>modis</strong></span> <span class='ocrx_word' id='word_1_352' title='bbox 659 2585 720 2641; x_wconf 87' lang='lat' dir='ltr'><strong>lieri</strong></span> <span class='ocrx_word' id='word_1_353' title='bbox 738 2587 820 2646; x_wconf 89' lang='lat' dir='ltr'><strong>solet.</strong></span> <span class='ocrx_word' id='word_1_354' title='bbox 835 2587 908 2644; x_wconf 85' lang='lat' dir='ltr'><strong>Nam</strong></span> <span class='ocrx_word' id='word_1_355' title='bbox 948 2577 1104 2640; x_wconf 77' lang='lat' dir='ltr'><strong>infirmaria</strong></span> <span class='ocrx_word' id='word_1_356' title='bbox 1131 2588 1332 2648; x_wconf 87' lang='lat' dir='ltr'><strong>commoratur,</strong></span> <span class='ocrx_word' id='word_1_357' title='bbox 1358 2583 1446 2640; x_wconf 87' lang='lat' dir='ltr'><strong>donec</strong></span> <span class='ocrx_word' id='word_1_358' title='bbox 1470 2582 1531 2654; x_wconf 89' lang='lat' dir='ltr'><strong>ipso</strong></span> <span class='ocrx_word' id='word_1_359' title='bbox 1553 2580 1671 2653; x_wconf 85' lang='lat' dir='ltr'><strong>jubente</strong></span> <span class='ocrx_word' id='word_1_360' title='bbox 1697 2596 1749 2652; x_wconf 89' lang='lat' dir='ltr'><strong>per</strong></span> 
     </span>
     <span class='ocr_line' id='line_1_27' title="bbox 113 2669 1747 2746; baseline 0.002 -24"><span class='ocrx_word' id='word_1_361' title='bbox 113 2670 261 2742; x_wconf 76' lang='lat' dir='ltr'><strong>aliquando</strong></span> <span class='ocrx_word' id='word_1_362' title='bbox 288 2673 423 2738; x_wconf 82' lang='lat' dir='ltr'><strong>seniores,</strong></span> <span class='ocrx_word' id='word_1_363' title='bbox 447 2673 495 2744; x_wconf 89' lang='lat' dir='ltr'><strong>qui</strong></span> <span class='ocrx_word' id='word_1_364' title='bbox 523 2673 600 2745; x_wconf 87' lang='lat' dir='ltr'><strong>prius</strong></span> <span class='ocrx_word' id='word_1_365' title='bbox 623 2689 674 2745; x_wconf 94' lang='lat' dir='ltr'><strong>pro</strong></span> <span class='ocrx_word' id='word_1_366' title='bbox 689 2690 722 2730; x_wconf 90' lang='lat' dir='ltr'><strong>eo</strong></span> <span class='ocrx_word' id='word_1_367' title='bbox 744 2677 907 2732; x_wconf 84' lang='lat' dir='ltr'><strong>intercesse·</strong></span> <span class='ocrx_word' id='word_1_368' title='bbox 947 2674 1070 2746; x_wconf 83' lang='lat' dir='ltr'><strong>priorem</strong></span> <span class='ocrx_word' id='word_1_369' title='bbox 1093 2678 1123 2728; x_wconf 90' lang='lat' dir='ltr'><strong>et</strong></span> <span class='ocrx_word' id='word_1_370' title='bbox 1143 2673 1328 2730; x_wconf 88' lang='lat' dir='ltr'><strong>camerarium</strong></span> <span class='ocrx_word' id='word_1_371' title='bbox 1346 2676 1446 2728; x_wconf 86' lang='lat' dir='ltr'><strong>exutus</strong></span> <span class='ocrx_word' id='word_1_372' title='bbox 1460 2670 1490 2725; x_wconf 95' lang='lat' dir='ltr'><strong>in</strong></span> <span class='ocrx_word' id='word_1_373' title='bbox 1502 2669 1642 2728; x_wconf 87' lang='lat' dir='ltr'><strong>auditorio</strong></span> <span class='ocrx_word' id='word_1_374' title='bbox 1654 2670 1747 2726; x_wconf 86' lang='lat' dir='ltr'><strong>nudus</strong></span> 
     </span>
     <span class='ocr_line' id='line_1_28' title="bbox 113 2757 1747 2838; baseline 0.002 -26"><span class='ocrx_word' id='word_1_375' title='bbox 113 2767 185 2828; x_wconf 90' lang='lat' dir='ltr'><strong>runt,</strong></span> <span class='ocrx_word' id='word_1_376' title='bbox 209 2762 315 2816; x_wconf 89' lang='lat' dir='ltr'><strong>domno</strong></span> <span class='ocrx_word' id='word_1_377' title='bbox 338 2761 443 2829; x_wconf 85' lang='lat' dir='ltr'><strong>abbati,</strong></span> <span class='ocrx_word' id='word_1_378' title='bbox 469 2779 505 2818; x_wconf 91' lang='lat' dir='ltr'><strong>ne</strong></span> <span class='ocrx_word' id='word_1_379' title='bbox 533 2761 714 2820; x_wconf 74' lang='lat' dir='ltr'><strong>oblitiscatur</strong></span> <span class='ocrx_word' id='word_1_380' title='bbox 735 2764 763 2822; x_wconf 86' lang='lat' dir='ltr'><strong>in</strong></span> <span class='ocrx_word' id='word_1_381' title='bbox 783 2767 906 2838; x_wconf 82' lang='lat' dir='ltr'><strong>capitulo</strong></span> <span class='ocrx_word' id='word_1_382' title='bbox 946 2763 976 2822; x_wconf 92' lang='lat' dir='ltr'><strong>in</strong></span> <span class='ocrx_word' id='word_1_383' title='bbox 989 2763 1143 2837; x_wconf 86' lang='lat' dir='ltr'><strong>capitulum</strong></span> <span class='ocrx_word' id='word_1_384' title='bbox 1157 2765 1384 2835; x_wconf 88' lang='lat' dir='ltr'><strong>repraesentetur.</strong></span> <span class='ocrx_word' id='word_1_385' title='bbox 1392 2759 1473 2824; x_wconf 83' lang='lat' dir='ltr'><strong>Quod</strong></span> <span class='ocrx_word' id='word_1_386' title='bbox 1485 2759 1510 2816; x_wconf 91' lang='lat' dir='ltr'><strong>si</strong></span> <span class='ocrx_word' id='word_1_387' title='bbox 1523 2759 1644 2816; x_wconf 89' lang='lat' dir='ltr'><strong>domnus</strong></span> <span class='ocrx_word' id='word_1_388' title='bbox 1660 2757 1747 2816; x_wconf 83' lang='lat' dir='ltr'><strong>abbas</strong></span> 
     </span>
     <span class='ocr_line' id='line_1_29' title="bbox 112 2847 1746 2922; baseline 0.003 -21"><span class='ocrx_word' id='word_1_389' title='bbox 112 2849 144 2902; x_wconf 85' lang='lat' dir='ltr'><strong>ad</strong></span> <span class='ocrx_word' id='word_1_390' title='bbox 165 2851 332 2906; x_wconf 86' lang='lat' dir='ltr'><strong>memoriam</strong></span> <span class='ocrx_word' id='word_1_391' title='bbox 354 2851 502 2906; x_wconf 86' lang='lat' dir='ltr'><strong>reducunt.</strong></span> <span class='ocrx_word' id='word_1_392' title='bbox 527 2851 687 2922; x_wconf 83' lang='lat' dir='ltr'><strong>Aliquando</strong></span> <span class='ocrx_word' id='word_1_393' title='bbox 706 2869 771 2908; x_wconf 88' lang='lat' dir='ltr'><strong>vero</strong></span> <span class='ocrx_word' id='word_1_394' title='bbox 795 2856 906 2912; x_wconf 85' lang='lat' dir='ltr'><strong>contin·</strong></span> <span class='ocrx_word' id='word_1_395' title='bbox 947 2852 977 2908; x_wconf 92' lang='lat' dir='ltr'><strong>in</strong></span> <span class='ocrx_word' id='word_1_396' title='bbox 993 2851 1164 2910; x_wconf 83' lang='lat' dir='ltr'><strong>monasterio</strong></span> <span class='ocrx_word' id='word_1_397' title='bbox 1179 2857 1223 2906; x_wconf 90' lang='lat' dir='ltr'><strong>est</strong></span> <span class='ocrx_word' id='word_1_398' title='bbox 1241 2850 1290 2906; x_wconf 91' lang='lat' dir='ltr'><strong>illo</strong></span> <span class='ocrx_word' id='word_1_399' title='bbox 1305 2849 1482 2916; x_wconf 83' lang='lat' dir='ltr'><strong>adveniente,</strong></span> <span class='ocrx_word' id='word_1_400' title='bbox 1496 2848 1562 2904; x_wconf 90' lang='lat' dir='ltr'><strong>licet</strong></span> <span class='ocrx_word' id='word_1_401' title='bbox 1575 2847 1691 2904; x_wconf 86' lang='lat' dir='ltr'><strong>iuterim</strong></span> <span class='ocrx_word' id='word_1_402' title='bbox 1715 2848 1746 2906; x_wconf 88' lang='lat' dir='ltr'><strong>in</strong></span> 
     </span>
     <span class='ocr_line' id='line_1_30' title="bbox 111 2936 1746 3017; baseline 0.001 -25"><span class='ocrx_word' id='word_1_403' title='bbox 111 2936 159 3006; x_wconf 86' lang='lat' dir='ltr'><strong>git,</strong></span> <span class='ocrx_word' id='word_1_404' title='bbox 185 2945 219 2994; x_wconf 88' lang='lat' dir='ltr'><strong>ut</strong></span> <span class='ocrx_word' id='word_1_405' title='bbox 242 2939 391 3010; x_wconf 78' lang='lat' dir='ltr'><strong>praedictus</strong></span> <span class='ocrx_word' id='word_1_406' title='bbox 413 2939 501 2994; x_wconf 83' lang='lat' dir='ltr'><strong>irater</strong></span> <span class='ocrx_word' id='word_1_407' title='bbox 521 2941 556 2996; x_wconf 86' lang='lat' dir='ltr'><strong>de</strong></span> <span class='ocrx_word' id='word_1_408' title='bbox 583 2939 678 3014; x_wconf 88' lang='lat' dir='ltr'><strong>aliqua</strong></span> <span class='ocrx_word' id='word_1_409' title='bbox 703 2959 789 3013; x_wconf 80' lang='lat' dir='ltr'><strong>parva</strong></span> <span class='ocrx_word' id='word_1_410' title='bbox 815 2947 905 3017; x_wconf 80' lang='lat' dir='ltr'><strong>negli—</strong></span> <span class='ocrx_word' id='word_1_411' title='bbox 946 2941 1201 3010; x_wconf 86' lang='lat' dir='ltr'><strong>conventusit,non</strong></span> <span class='ocrx_word' id='word_1_412' title='bbox 1214 2939 1551 3011; x_wconf 82' lang='lat' dir='ltr'><strong>tamenpriusonteeum</strong></span> <span class='ocrx_word' id='word_1_413' title='bbox 1566 2936 1746 3012; x_wconf 84' lang='lat' dir='ltr'><strong>venit,quam</strong></span> 
     </span>
     <span class='ocr_line' id='line_1_31' title="bbox 112 3025 1745 3104; baseline 0.001 -24"><span class='ocrx_word' id='word_1_414' title='bbox 112 3027 202 3094; x_wconf 63' lang='lat' dir='ltr'><strong>anm</strong></span> <span class='ocrx_word' id='word_1_415' title='bbox 220 3029 403 3096; x_wconf 86' lang='lat' dir='ltr'><strong>reclametur,</strong></span> <span class='ocrx_word' id='word_1_416' title='bbox 418 3030 514 3100; x_wconf 87' lang='lat' dir='ltr'><strong>sicque</strong></span> <span class='ocrx_word' id='word_1_417' title='bbox 535 3029 601 3084; x_wconf 77' lang='lat' dir='ltr'><strong>data</strong></span> <span class='ocrx_word' id='word_1_418' title='bbox 624 3031 771 3087; x_wconf 89' lang='lat' dir='ltr'><strong>occasione</strong></span> <span class='ocrx_word' id='word_1_419' title='bbox 790 3037 849 3090; x_wconf 84' lang='lat' dir='ltr'><strong>tam</strong></span> <span class='ocrx_word' id='word_1_420' title='bbox 870 3036 905 3092; x_wconf 83' lang='lat' dir='ltr'><strong>ab</strong></span> <span class='ocrx_word' id='word_1_421' title='bbox 946 3031 982 3084; x_wconf 86' lang='lat' dir='ltr'><strong>ad</strong></span> <span class='ocrx_word' id='word_1_422' title='bbox 997 3031 1151 3104; x_wconf 87' lang='lat' dir='ltr'><strong>capitulum</strong></span> <span class='ocrx_word' id='word_1_423' title='bbox 1161 3029 1236 3086; x_wconf 88' lang='lat' dir='ltr'><strong>abeo</strong></span> <span class='ocrx_word' id='word_1_424' title='bbox 1246 3028 1444 3102; x_wconf 87' lang='lat' dir='ltr'><strong>proclametur,</strong></span> <span class='ocrx_word' id='word_1_425' title='bbox 1453 3027 1549 3100; x_wconf 83' lang='lat' dir='ltr'><strong>sicque</strong></span> <span class='ocrx_word' id='word_1_426' title='bbox 1559 3025 1745 3100; x_wconf 84' lang='lat' dir='ltr'><strong>petitavenia,</strong></span> 
     </span>
     <span class='ocr_line' id='line_1_32' title="bbox 112 3113 1744 3196; baseline 0.003 -28"><span class='ocrx_word' id='word_1_427' title='bbox 112 3115 211 3172; x_wconf 85' lang='lat' dir='ltr'><strong>eisdem</strong></span> <span class='ocrx_word' id='word_1_428' title='bbox 236 3119 404 3184; x_wconf 87' lang='lat' dir='ltr'><strong>senioribus,</strong></span> <span class='ocrx_word' id='word_1_429' title='bbox 431 3135 517 3190; x_wconf 87' lang='lat' dir='ltr'><strong>quam</strong></span> <span class='ocrx_word' id='word_1_430' title='bbox 535 3136 553 3173; x_wconf 89' lang='lat' dir='ltr'><strong>a</strong></span> <span class='ocrx_word' id='word_1_431' title='bbox 570 3119 678 3174; x_wconf 77' lang='lat' dir='ltr'><strong>ceteris</strong></span> <span class='ocrx_word' id='word_1_432' title='bbox 699 3121 831 3178; x_wconf 84' lang='lat' dir='ltr'><strong>tratribus</strong></span> <span class='ocrx_word' id='word_1_433' title='bbox 854 3141 905 3196; x_wconf 90' lang='lat' dir='ltr'><strong>pro</strong></span> <span class='ocrx_word' id='word_1_434' title='bbox 946 3120 1137 3192; x_wconf 75' lang='lat' dir='ltr'><strong>prescriptam</strong></span> <span class='ocrx_word' id='word_1_435' title='bbox 1150 3135 1201 3192; x_wconf 90' lang='lat' dir='ltr'><strong>per</strong></span> <span class='ocrx_word' id='word_1_436' title='bbox 1214 3118 1309 3176; x_wconf 89' lang='lat' dir='ltr'><strong>omnia</strong></span> <span class='ocrx_word' id='word_1_437' title='bbox 1328 3118 1363 3173; x_wconf 89' lang='lat' dir='ltr'><strong>de</strong></span> <span class='ocrx_word' id='word_1_438' title='bbox 1383 3116 1508 3190; x_wconf 78' lang='lat' dir='ltr'><strong>graviori</strong></span> <span class='ocrx_word' id='word_1_439' title='bbox 1522 3115 1605 3190; x_wconf 85' lang='lat' dir='ltr'><strong>culpo</strong></span> <span class='ocrx_word' id='word_1_440' title='bbox 1618 3113 1744 3190; x_wconf 88' lang='lat' dir='ltr'><strong>discipli·</strong></span> 
     </span>
     <span class='ocr_line' id='line_1_33' title="bbox 111 3203 1177 3282; baseline 0.014 -25"><span class='ocrx_word' id='word_1_441' title='bbox 111 3203 155 3258; x_wconf 92' lang='lat' dir='ltr'><strong>illo</strong></span> <span class='ocrx_word' id='word_1_442' title='bbox 168 3207 353 3278; x_wconf 87' lang='lat' dir='ltr'><strong>supplicatur,</strong></span> <span class='ocrx_word' id='word_1_443' title='bbox 373 3207 523 3280; x_wconf 80' lang='lat' dir='ltr'><strong>aliquando</strong></span> <span class='ocrx_word' id='word_1_444' title='bbox 538 3213 633 3264; x_wconf 85' lang='lat' dir='ltr'><strong>autem</strong></span> <span class='ocrx_word' id='word_1_445' title='bbox 652 3216 788 3282; x_wconf 80' lang='lat' dir='ltr'><strong>praesente</strong></span> <span class='ocrx_word' id='word_1_446' title='bbox 803 3213 905 3272; x_wconf 86' lang='lat' dir='ltr'><strong>abbate</strong></span> <span class='ocrx_word' id='word_1_447' title='bbox 944 3225 1009 3266; x_wconf 72' lang='lat' dir='ltr'><strong>nam</strong></span> <span class='ocrx_word' id='word_1_448' title='bbox 1025 3210 1177 3282; x_wconf 75' lang='lat' dir='ltr'><strong>experitur·</strong></span> 
     </span>
     <span class='ocr_line' id='line_1_34' title="bbox 112 3295 1746 3372; baseline 0.005 -26"><span class='ocrx_word' id='word_1_449' title='bbox 112 3295 176 3362; x_wconf 87' lang='lat' dir='ltr'><strong>petit</strong></span> <span class='ocrx_word' id='word_1_450' title='bbox 195 3296 317 3362; x_wconf 83' lang='lat' dir='ltr'><strong>reniam,</strong></span> <span class='ocrx_word' id='word_1_451' title='bbox 331 3301 495 3370; x_wconf 88' lang='lat' dir='ltr'><strong>spontanee,</strong></span> <span class='ocrx_word' id='word_1_452' title='bbox 511 3301 589 3372; x_wconf 78' lang='lat' dir='ltr'><strong>uteo</strong></span> <span class='ocrx_word' id='word_1_453' title='bbox 602 3300 788 3370; x_wconf 88' lang='lat' dir='ltr'><strong>opportunius</strong></span> <span class='ocrx_word' id='word_1_454' title='bbox 802 3301 904 3358; x_wconf 82' lang='lat' dir='ltr'><strong>fratros</strong></span> <span class='ocrx_word' id='word_1_455' title='bbox 981 3299 1046 3354; x_wconf 89' lang='lat' dir='ltr'><strong>Haec</strong></span> <span class='ocrx_word' id='word_1_456' title='bbox 1064 3297 1269 3354; x_wconf 88' lang='lat' dir='ltr'><strong>emendationis</strong></span> <span class='ocrx_word' id='word_1_457' title='bbox 1291 3296 1345 3364; x_wconf 84' lang='lat' dir='ltr'><strong>lex,</strong></span> <span class='ocrx_word' id='word_1_458' title='bbox 1371 3311 1455 3368; x_wconf 89' lang='lat' dir='ltr'><strong>quam</strong></span> <span class='ocrx_word' id='word_1_459' title='bbox 1477 3295 1610 3363; x_wconf 77' lang='lat' dir='ltr'><strong>diximus,</strong></span> <span class='ocrx_word' id='word_1_460' title='bbox 1632 3312 1746 3370; x_wconf 88' lang='lat' dir='ltr'><strong>semper</strong></span> 
     </span>
     <span class='ocr_line' id='line_1_35' title="bbox 111 3384 1744 3461; baseline 0.004 -26"><span class='ocrx_word' id='word_1_461' title='bbox 111 3399 157 3453; x_wconf 92' lang='lat' dir='ltr'><strong>pro</strong></span> <span class='ocrx_word' id='word_1_462' title='bbox 170 3401 203 3440; x_wconf 88' lang='lat' dir='ltr'><strong>ao</strong></span> <span class='ocrx_word' id='word_1_463' title='bbox 215 3386 325 3458; x_wconf 80' lang='lat' dir='ltr'><strong>possint</strong></span> <span class='ocrx_word' id='word_1_464' title='bbox 339 3386 527 3454; x_wconf 86' lang='lat' dir='ltr'><strong>intercedere;</strong></span> <span class='ocrx_word' id='word_1_465' title='bbox 546 3387 698 3458; x_wconf 87' lang='lat' dir='ltr'><strong>aliquando</strong></span> <span class='ocrx_word' id='word_1_466' title='bbox 717 3406 782 3446; x_wconf 79' lang='lat' dir='ltr'><strong>vero</strong></span> <span class='ocrx_word' id='word_1_467' title='bbox 801 3393 902 3461; x_wconf 89' lang='lat' dir='ltr'><strong>evenit,</strong></span> <span class='ocrx_word' id='word_1_468' title='bbox 945 3387 1118 3444; x_wconf 83' lang='lat' dir='ltr'><strong>obseruanda</strong></span> <span class='ocrx_word' id='word_1_469' title='bbox 1135 3391 1188 3454; x_wconf 88' lang='lat' dir='ltr'><strong>est,</strong></span> <span class='ocrx_word' id='word_1_470' title='bbox 1212 3387 1242 3442; x_wconf 88' lang='lat' dir='ltr'><strong>io</strong></span> <span class='ocrx_word' id='word_1_471' title='bbox 1265 3386 1427 3458; x_wconf 69' lang='lat' dir='ltr'><strong>huiusmodi</strong></span> <span class='ocrx_word' id='word_1_472' title='bbox 1442 3384 1574 3458; x_wconf 78' lang='lat' dir='ltr'><strong>lapsibus,</strong></span> <span class='ocrx_word' id='word_1_473' title='bbox 1598 3385 1654 3442; x_wconf 87' lang='lat' dir='ltr'><strong>nisi</strong></span> <span class='ocrx_word' id='word_1_474' title='bbox 1668 3385 1744 3458; x_wconf 91' lang='lat' dir='ltr'><strong>quod</strong></span> 
     </span>
     <span class='ocr_line' id='line_1_36' title="bbox 112 3473 1743 3552; baseline 0.001 -24"><span class='ocrx_word' id='word_1_475' title='bbox 112 3479 139 3528; x_wconf 89' lang='lat' dir='ltr'><strong>ut</strong></span> <span class='ocrx_word' id='word_1_476' title='bbox 147 3473 205 3545; x_wconf 88' lang='lat' dir='ltr'><strong>ipse</strong></span> <span class='ocrx_word' id='word_1_477' title='bbox 217 3475 339 3533; x_wconf 82' lang='lat' dir='ltr'><strong>domnus</strong></span> <span class='ocrx_word' id='word_1_478' title='bbox 351 3476 437 3532; x_wconf 85' lang='lat' dir='ltr'><strong>abbas</strong></span> <span class='ocrx_word' id='word_1_479' title='bbox 452 3481 531 3532; x_wconf 88' lang='lat' dir='ltr'><strong>vocet</strong></span> <span class='ocrx_word' id='word_1_480' title='bbox 541 3483 654 3542; x_wconf 89' lang='lat' dir='ltr'><strong>eum,ut</strong></span> <span class='ocrx_word' id='word_1_481' title='bbox 667 3481 833 3552; x_wconf 78' lang='lat' dir='ltr'><strong>surgatetin</strong></span> <span class='ocrx_word' id='word_1_482' title='bbox 844 3499 904 3538; x_wconf 87' lang='lat' dir='ltr'><strong>me-</strong></span> <span class='ocrx_word' id='word_1_483' title='bbox 944 3477 1047 3532; x_wconf 92' lang='lat' dir='ltr'><strong>domno</strong></span> <span class='ocrx_word' id='word_1_484' title='bbox 1058 3477 1152 3532; x_wconf 87' lang='lat' dir='ltr'><strong>abbati</strong></span> <span class='ocrx_word' id='word_1_485' title='bbox 1172 3478 1244 3532; x_wconf 85' lang='lat' dir='ltr'><strong>clam</strong></span> <span class='ocrx_word' id='word_1_486' title='bbox 1256 3477 1373 3532; x_wconf 85' lang='lat' dir='ltr'><strong>allatum</strong></span> <span class='ocrx_word' id='word_1_487' title='bbox 1388 3475 1481 3542; x_wconf 86' lang='lat' dir='ltr'><strong>tuerit,</strong></span> <span class='ocrx_word' id='word_1_488' title='bbox 1493 3475 1554 3548; x_wconf 86' lang='lat' dir='ltr'><strong>ipse</strong></span> <span class='ocrx_word' id='word_1_489' title='bbox 1568 3475 1654 3530; x_wconf 84' lang='lat' dir='ltr'><strong>etiam</strong></span> <span class='ocrx_word' id='word_1_490' title='bbox 1669 3473 1743 3532; x_wconf 75' lang='lat' dir='ltr'><strong>clam</strong></span> 
     </span>
     <span class='ocr_line' id='line_1_37' title="bbox 112 3561 1744 3640; baseline 0.004 -26"><span class='ocrx_word' id='word_1_491' title='bbox 112 3561 183 3618; x_wconf 76' lang='lat' dir='ltr'><strong>dum</strong></span> <span class='ocrx_word' id='word_1_492' title='bbox 197 3565 303 3632; x_wconf 80' lang='lat' dir='ltr'><strong>veniat,</strong></span> <span class='ocrx_word' id='word_1_493' title='bbox 315 3565 392 3620; x_wconf 92' lang='lat' dir='ltr'><strong>nullo</strong></span> <span class='ocrx_word' id='word_1_494' title='bbox 402 3565 581 3631; x_wconf 84' lang='lat' dir='ltr'><strong>admonente.</strong></span> <span class='ocrx_word' id='word_1_495' title='bbox 591 3565 768 3632; x_wconf 78' lang='lat' dir='ltr'><strong>Quorenianr</strong></span> <span class='ocrx_word' id='word_1_496' title='bbox 777 3573 901 3640; x_wconf 80' lang='lat' dir='ltr'><strong>petente,</strong></span> <span class='ocrx_word' id='word_1_497' title='bbox 943 3567 1150 3634; x_wconf 75' lang='lat' dir='ltr'><strong>tractarevclit3</strong></span> <span class='ocrx_word' id='word_1_498' title='bbox 1166 3565 1232 3638; x_wconf 87' lang='lat' dir='ltr'><strong>quia</strong></span> <span class='ocrx_word' id='word_1_499' title='bbox 1241 3565 1402 3621; x_wconf 82' lang='lat' dir='ltr'><strong>talisoausae</strong></span> <span class='ocrx_word' id='word_1_500' title='bbox 1408 3564 1538 3620; x_wconf 71' lang='lat' dir='ltr'><strong>mactatio</strong></span> <span class='ocrx_word' id='word_1_501' title='bbox 1548 3564 1577 3620; x_wconf 81' lang='lat' dir='ltr'><strong>tn</strong></span> <span class='ocrx_word' id='word_1_502' title='bbox 1588 3563 1744 3636; x_wconf 78' lang='lat' dir='ltr'><strong>ejussoliua</strong></span> 
     </span>
     <span class='ocr_line' id='line_1_38' title="bbox 112 3648 1744 3728; baseline 0.002 -22"><span class='ocrx_word' id='word_1_503' title='bbox 112 3648 425 3722; x_wconf 82' lang='lat' dir='ltr'><strong>loquiturconsentanea</strong></span> <span class='ocrx_word' id='word_1_504' title='bbox 442 3661 471 3708; x_wconf 86' lang='lat' dir='ltr'><strong>et</strong></span> <span class='ocrx_word' id='word_1_505' title='bbox 486 3671 576 3710; x_wconf 83' lang='lat' dir='ltr'><strong>causae</strong></span> <span class='ocrx_word' id='word_1_506' title='bbox 586 3659 615 3710; x_wconf 91' lang='lat' dir='ltr'><strong>et</strong></span> <span class='ocrx_word' id='word_1_507' title='bbox 624 3671 760 3726; x_wconf 76' lang='lat' dir='ltr'><strong>persona,</strong></span> <span class='ocrx_word' id='word_1_508' title='bbox 772 3663 801 3713; x_wconf 86' lang='lat' dir='ltr'><strong>et</strong></span> <span class='ocrx_word' id='word_1_509' title='bbox 811 3659 904 3716; x_wconf 82' lang='lat' dir='ltr'><strong>reddit</strong></span> <span class='ocrx_word' id='word_1_510' title='bbox 943 3655 1047 3726; x_wconf 86' lang='lat' dir='ltr'><strong>pendet</strong></span> <span class='ocrx_word' id='word_1_511' title='bbox 1056 3655 1184 3710; x_wconf 85' lang='lat' dir='ltr'><strong>arbitrio.</strong></span> <span class='ocrx_word' id='word_1_512' title='bbox 1201 3655 1230 3710; x_wconf 90' lang='lat' dir='ltr'><strong>si</strong></span> <span class='ocrx_word' id='word_1_513' title='bbox 1244 3653 1307 3726; x_wconf 86' lang='lat' dir='ltr'><strong>quis</strong></span> <span class='ocrx_word' id='word_1_514' title='bbox 1318 3659 1415 3710; x_wconf 86' lang='lat' dir='ltr'><strong>autem</strong></span> <span class='ocrx_word' id='word_1_515' title='bbox 1428 3653 1464 3708; x_wconf 84' lang='lat' dir='ltr'><strong>ds</strong></span> <span class='ocrx_word' id='word_1_516' title='bbox 1472 3653 1551 3725; x_wconf 77' lang='lat' dir='ltr'><strong>gravi</strong></span> <span class='ocrx_word' id='word_1_517' title='bbox 1562 3653 1645 3728; x_wconf 90' lang='lat' dir='ltr'><strong>culpa</strong></span> <span class='ocrx_word' id='word_1_518' title='bbox 1656 3653 1744 3710; x_wconf 83' lang='lat' dir='ltr'><strong>incia·</strong></span> 
     </span>
     <span class='ocr_line' id='line_1_39' title="bbox 111 3739 1740 3816; baseline 0.004 -24"><span class='ocrx_word' id='word_1_519' title='bbox 111 3739 134 3792; x_wconf 86' lang='lat' dir='ltr'><strong>ei</strong></span> <span class='ocrx_word' id='word_1_520' title='bbox 144 3742 302 3810; x_wconf 80' lang='lat' dir='ltr'><strong>pristinum,</strong></span> <span class='ocrx_word' id='word_1_521' title='bbox 314 3743 357 3798; x_wconf 85' lang='lat' dir='ltr'><strong>vel</strong></span> <span class='ocrx_word' id='word_1_522' title='bbox 372 3743 396 3798; x_wconf 85' lang='lat' dir='ltr'><strong>si</strong></span> <span class='ocrx_word' id='word_1_523' title='bbox 407 3744 506 3814; x_wconf 86' lang='lat' dir='ltr'><strong>placet,</strong></span> <span class='ocrx_word' id='word_1_524' title='bbox 522 3741 684 3798; x_wconf 80' lang='lat' dir='ltr'><strong>inferiorem</strong></span> <span class='ocrx_word' id='word_1_525' title='bbox 698 3745 803 3803; x_wconf 90' lang='lat' dir='ltr'><strong>locum.</strong></span> <span class='ocrx_word' id='word_1_526' title='bbox 820 3748 904 3805; x_wconf 81' lang='lat' dir='ltr'><strong>Cedit</strong></span> <span class='ocrx_word' id='word_1_527' title='bbox 943 3749 1038 3800; x_wconf 85' lang='lat' dir='ltr'><strong>matus</strong></span> <span class='ocrx_word' id='word_1_528' title='bbox 1063 3743 1218 3816; x_wconf 83' lang='lat' dir='ltr'><strong>negaverit,</strong></span> <span class='ocrx_word' id='word_1_529' title='bbox 1235 3743 1330 3815; x_wconf 85' lang='lat' dir='ltr'><strong>sicque</strong></span> <span class='ocrx_word' id='word_1_530' title='bbox 1354 3758 1400 3798; x_wconf 87' lang='lat' dir='ltr'><strong>ree</strong></span> <span class='ocrx_word' id='word_1_531' title='bbox 1424 3742 1455 3800; x_wconf 89' lang='lat' dir='ltr'><strong>in</strong></span> <span class='ocrx_word' id='word_1_532' title='bbox 1481 3741 1599 3798; x_wconf 84' lang='lat' dir='ltr'><strong>dubium</strong></span> <span class='ocrx_word' id='word_1_533' title='bbox 1623 3743 1740 3810; x_wconf 79' lang='lat' dir='ltr'><strong>renent,</strong></span> 
     </span>
     <span class='ocr_line' id='line_1_40' title="bbox 111 3829 1741 3906; baseline 0.004 -23"><span class='ocrx_word' id='word_1_534' title='bbox 111 3829 239 3901; x_wconf 73' lang='lat' dir='ltr'><strong>adpetes</strong></span> <span class='ocrx_word' id='word_1_535' title='bbox 252 3833 322 3902; x_wconf 85' lang='lat' dir='ltr'><strong>ejus,</strong></span> <span class='ocrx_word' id='word_1_536' title='bbox 334 3833 409 3888; x_wconf 88' lang='lat' dir='ltr'><strong>sicut</strong></span> <span class='ocrx_word' id='word_1_537' title='bbox 421 3833 507 3888; x_wconf 88' lang='lat' dir='ltr'><strong>etiam</strong></span> <span class='ocrx_word' id='word_1_538' title='bbox 522 3833 641 3904; x_wconf 87' lang='lat' dir='ltr'><strong>quilibet</strong></span> <span class='ocrx_word' id='word_1_539' title='bbox 655 3841 713 3890; x_wconf 88' lang='lat' dir='ltr'><strong>tom</strong></span> <span class='ocrx_word' id='word_1_540' title='bbox 735 3835 764 3890; x_wconf 90' lang='lat' dir='ltr'><strong>in</strong></span> <span class='ocrx_word' id='word_1_541' title='bbox 785 3838 903 3894; x_wconf 81' lang='lat' dir='ltr'><strong>ecclesia</strong></span> <span class='ocrx_word' id='word_1_542' title='bbox 943 3831 1166 3889; x_wconf 88' lang='lat' dir='ltr'><strong>consuetudinali</strong></span> <span class='ocrx_word' id='word_1_543' title='bbox 1178 3832 1284 3905; x_wconf 90' lang='lat' dir='ltr'><strong>judicio</strong></span> <span class='ocrx_word' id='word_1_544' title='bbox 1299 3832 1414 3888; x_wconf 89' lang='lat' dir='ltr'><strong>interim</strong></span> <span class='ocrx_word' id='word_1_545' title='bbox 1428 3831 1536 3888; x_wconf 82' lang='lat' dir='ltr'><strong>terente</strong></span> <span class='ocrx_word' id='word_1_546' title='bbox 1556 3848 1573 3887; x_wconf 88' lang='grc' dir='ltr'>ι</span> <span class='ocrx_word' id='word_1_547' title='bbox 1594 3847 1650 3906; x_wconf 87' lang='lat' dir='ltr'><strong>quo</strong></span> <span class='ocrx_word' id='word_1_548' title='bbox 1663 3848 1741 3890; x_wconf 85' lang='lat' dir='ltr'><strong>com·</strong></span> 
     </span>
     <span class='ocr_line' id='line_1_41' title="bbox 112 3920 1743 3995; baseline 0 -19"><span class='ocrx_word' id='word_1_549' title='bbox 112 3920 234 3988; x_wconf 84' lang='lat' dir='ltr'><strong>quanin</strong></span> <span class='ocrx_word' id='word_1_550' title='bbox 252 3921 386 3992; x_wconf 85' lang='lat' dir='ltr'><strong>capitulo,</strong></span> <span class='ocrx_word' id='word_1_551' title='bbox 406 3921 430 3976; x_wconf 88' lang='lat' dir='ltr'><strong>si</strong></span> <span class='ocrx_word' id='word_1_552' title='bbox 453 3921 565 3994; x_wconf 90' lang='lat' dir='ltr'><strong>quando</strong></span> <span class='ocrx_word' id='word_1_553' title='bbox 589 3938 653 3978; x_wconf 88' lang='lat' dir='ltr'><strong>eum</strong></span> <span class='ocrx_word' id='word_1_554' title='bbox 673 3926 844 3995; x_wconf 85' lang='lat' dir='ltr'><strong>promoverit</strong></span> <span class='ocrx_word' id='word_1_555' title='bbox 865 3928 902 3982; x_wconf 85' lang='lat' dir='ltr'><strong>cd</strong></span> <span class='ocrx_word' id='word_1_556' title='bbox 943 3923 1088 3992; x_wconf 89' lang='lat' dir='ltr'><strong>probatur,</strong></span> <span class='ocrx_word' id='word_1_557' title='bbox 1103 3921 1285 3993; x_wconf 85' lang='lat' dir='ltr'><strong>idacapitulc</strong></span> <span class='ocrx_word' id='word_1_558' title='bbox 1299 3921 1438 3988; x_wconf 79' lang='lat' dir='ltr'><strong>differtur,</strong></span> <span class='ocrx_word' id='word_1_559' title='bbox 1447 3926 1611 3994; x_wconf 87' lang='lat' dir='ltr'><strong>secretoque</strong></span> <span class='ocrx_word' id='word_1_560' title='bbox 1621 3920 1743 3995; x_wconf 79' lang='lat' dir='ltr'><strong>probato</strong></span> 
     </span>
     <span class='ocr_line' id='line_1_42' title="bbox 111 4004 1741 4086; baseline 0.006 -28"><span class='ocrx_word' id='word_1_561' title='bbox 111 4004 194 4063; x_wconf 90' lang='lat' dir='ltr'><strong>locum</strong></span> <span class='ocrx_word' id='word_1_562' title='bbox 209 4009 351 4066; x_wconf 76' lang='lat' dir='ltr'><strong>alborem.</strong></span> <span class='ocrx_word' id='word_1_563' title='bbox 367 4010 484 4076; x_wconf 82' lang='lat' dir='ltr'><strong>Quodsi</strong></span> <span class='ocrx_word' id='word_1_564' title='bbox 499 4011 559 4082; x_wconf 88' lang='lat' dir='ltr'><strong>ipse</strong></span> <span class='ocrx_word' id='word_1_565' title='bbox 580 4011 741 4084; x_wconf 89' lang='lat' dir='ltr'><strong>impeditus,</strong></span> <span class='ocrx_word' id='word_1_566' title='bbox 761 4013 789 4068; x_wconf 91' lang='lat' dir='ltr'><strong>id</strong></span> <span class='ocrx_word' id='word_1_567' title='bbox 814 4016 901 4086; x_wconf 90' lang='lat' dir='ltr'><strong>priori</strong></span> <span class='ocrx_word' id='word_1_568' title='bbox 941 4010 1045 4066; x_wconf 88' lang='lat' dir='ltr'><strong>iterum</strong></span> <span class='ocrx_word' id='word_1_569' title='bbox 1059 4011 1127 4068; x_wconf 88' lang='lat' dir='ltr'><strong>illuc</strong></span> <span class='ocrx_word' id='word_1_570' title='bbox 1141 4009 1280 4078; x_wconf 60' lang='lat' dir='ltr'><strong>refertum</strong></span> <span class='ocrx_word' id='word_1_571' title='bbox 1296 4016 1410 4082; x_wconf 78' lang='lat' dir='ltr'><strong>excepto</strong></span> <span class='ocrx_word' id='word_1_572' title='bbox 1431 4011 1490 4065; x_wconf 89' lang='lat' dir='ltr'><strong>solo</strong></span> <span class='ocrx_word' id='word_1_573' title='bbox 1513 4010 1630 4066; x_wconf 83' lang='lat' dir='ltr'><strong>crimine</strong></span> <span class='ocrx_word' id='word_1_574' title='bbox 1650 4009 1741 4066; x_wconf 68' lang='lat' dir='ltr'><strong>tomi*</strong></span> 
     </span>
     <span class='ocr_line' id='line_1_43' title="bbox 109 4097 1740 4172; baseline 0.002 -22"><span class='ocrx_word' id='word_1_575' title='bbox 109 4098 285 4166; x_wconf 83' lang='lat' dir='ltr'><strong>commiserit,</strong></span> <span class='ocrx_word' id='word_1_576' title='bbox 300 4108 329 4156; x_wconf 91' lang='lat' dir='ltr'><strong>et</strong></span> <span class='ocrx_word' id='word_1_577' title='bbox 342 4099 389 4156; x_wconf 90' lang='lat' dir='ltr'><strong>ille</strong></span> <span class='ocrx_word' id='word_1_578' title='bbox 404 4100 433 4156; x_wconf 88' lang='lat' dir='ltr'><strong>in</strong></span> <span class='ocrx_word' id='word_1_579' title='bbox 447 4100 570 4172; x_wconf 85' lang='lat' dir='ltr'><strong>capitulo</strong></span> <span class='ocrx_word' id='word_1_580' title='bbox 584 4102 703 4157; x_wconf 82' lang='lat' dir='ltr'><strong>fratrom</strong></span> <span class='ocrx_word' id='word_1_581' title='bbox 718 4119 777 4158; x_wconf 90' lang='lat' dir='ltr'><strong>rem</strong></span> <span class='ocrx_word' id='word_1_582' title='bbox 792 4102 902 4158; x_wconf 83' lang='lat' dir='ltr'><strong>indica·</strong></span> <span class='ocrx_word' id='word_1_583' title='bbox 941 4100 1068 4154; x_wconf 88' lang='lat' dir='ltr'><strong>cationis.</strong></span> <span class='ocrx_word' id='word_1_584' title='bbox 1078 4099 1159 4165; x_wconf 89' lang='lat' dir='ltr'><strong>Quod</strong></span> <span class='ocrx_word' id='word_1_585' title='bbox 1174 4097 1287 4170; x_wconf 86' lang='lat' dir='ltr'><strong>quidem</strong></span> <span class='ocrx_word' id='word_1_586' title='bbox 1303 4113 1366 4152; x_wconf 89' lang='lat' dir='ltr'><strong>cum</strong></span> <span class='ocrx_word' id='word_1_587' title='bbox 1381 4102 1497 4169; x_wconf 85' lang='lat' dir='ltr'><strong>propter</strong></span> <span class='ocrx_word' id='word_1_588' title='bbox 1508 4098 1672 4153; x_wconf 86' lang='lat' dir='ltr'><strong>scandalum</strong></span> <span class='ocrx_word' id='word_1_589' title='bbox 1682 4113 1740 4154; x_wconf 91' lang='lat' dir='ltr'><strong>non</strong></span> 
     </span>
     <span class='ocr_line' id='line_1_44' title="bbox 111 4184 1740 4262; baseline 0.003 -26"><span class='ocrx_word' id='word_1_590' title='bbox 111 4186 182 4248; x_wconf 75' lang='lat' dir='ltr'><strong>uerit,</strong></span> <span class='ocrx_word' id='word_1_591' title='bbox 193 4194 339 4259; x_wconf 85' lang='lat' dir='ltr'><strong>promotus</strong></span> <span class='ocrx_word' id='word_1_592' title='bbox 351 4189 469 4262; x_wconf 89' lang='lat' dir='ltr'><strong>pedibus</strong></span> <span class='ocrx_word' id='word_1_593' title='bbox 489 4189 564 4246; x_wconf 87' lang='lat' dir='ltr'><strong>illiue</strong></span> <span class='ocrx_word' id='word_1_594' title='bbox 581 4190 655 4246; x_wconf 92' lang='lat' dir='ltr'><strong>illico</strong></span> <span class='ocrx_word' id='word_1_595' title='bbox 667 4191 854 4262; x_wconf 73' lang='lat' dir='ltr'><strong>provolvitur,</strong></span> <span class='ocrx_word' id='word_1_596' title='bbox 872 4197 902 4248; x_wconf 90' lang='lat' dir='ltr'><strong>at</strong></span> <span class='ocrx_word' id='word_1_597' title='bbox 941 4188 1099 4255; x_wconf 88' lang='lat' dir='ltr'><strong>reclamari,</strong></span> <span class='ocrx_word' id='word_1_598' title='bbox 1111 4187 1272 4243; x_wconf 89' lang='lat' dir='ltr'><strong>seddomno</strong></span> <span class='ocrx_word' id='word_1_599' title='bbox 1282 4185 1388 4256; x_wconf 83' lang='lat' dir='ltr'><strong>abbati,</strong></span> <span class='ocrx_word' id='word_1_600' title='bbox 1402 4186 1446 4239; x_wconf 87' lang='lat' dir='ltr'><strong>vel</strong></span> <span class='ocrx_word' id='word_1_601' title='bbox 1460 4201 1493 4240; x_wconf 88' lang='lat' dir='ltr'><strong>eo</strong></span> <span class='ocrx_word' id='word_1_602' title='bbox 1518 4184 1634 4241; x_wconf 87' lang='lat' dir='ltr'><strong>absente</strong></span> <span class='ocrx_word' id='word_1_603' title='bbox 1651 4186 1740 4258; x_wconf 90' lang='lat' dir='ltr'><strong>priori</strong></span> 
     </span>
     <span class='ocr_line' id='line_1_45' title="bbox 110 4273 1739 4352; baseline 0.001 -24"><span class='ocrx_word' id='word_1_604' title='bbox 110 4276 230 4344; x_wconf 84' lang='lat' dir='ltr'><strong>quamvis</strong></span> <span class='ocrx_word' id='word_1_605' title='bbox 245 4277 490 4350; x_wconf 86' lang='lat' dir='ltr'><strong>deincepsnullam</strong></span> <span class='ocrx_word' id='word_1_606' title='bbox 505 4277 540 4332; x_wconf 89' lang='lat' dir='ltr'><strong>ab</strong></span> <span class='ocrx_word' id='word_1_607' title='bbox 553 4278 616 4334; x_wconf 88' lang='lat' dir='ltr'><strong>aliis</strong></span> <span class='ocrx_word' id='word_1_608' title='bbox 630 4279 836 4351; x_wconf 87' lang='lat' dir='ltr'><strong>separationem</strong></span> <span class='ocrx_word' id='word_1_609' title='bbox 848 4296 899 4352; x_wconf 89' lang='lat' dir='ltr'><strong>pa·</strong></span> <span class='ocrx_word' id='word_1_610' title='bbox 940 4283 1048 4334; x_wconf 88' lang='lat' dir='ltr'><strong>secreto</strong></span> <span class='ocrx_word' id='word_1_611' title='bbox 1062 4277 1134 4334; x_wconf 89' lang='lat' dir='ltr'><strong>solet</strong></span> <span class='ocrx_word' id='word_1_612' title='bbox 1145 4275 1283 4332; x_wconf 85' lang='lat' dir='ltr'><strong>intimari.</strong></span> <span class='ocrx_word' id='word_1_613' title='bbox 1296 4275 1325 4330; x_wconf 89' lang='lat' dir='ltr'><strong>Si</strong></span> <span class='ocrx_word' id='word_1_614' title='bbox 1336 4273 1371 4330; x_wconf 91' lang='lat' dir='ltr'><strong>ab</strong></span> <span class='ocrx_word' id='word_1_615' title='bbox 1386 4275 1482 4350; x_wconf 88' lang='lat' dir='ltr'><strong>aliquo</strong></span> <span class='ocrx_word' id='word_1_616' title='bbox 1492 4274 1644 4332; x_wconf 80' lang='lat' dir='ltr'><strong>indiscreto</strong></span> <span class='ocrx_word' id='word_1_617' title='bbox 1652 4276 1739 4331; x_wconf 86' lang='lat' dir='ltr'><strong>reele-</strong></span> 
     </span>
     <span class='ocr_line' id='line_1_46' title="bbox 109 4359 1737 4437; baseline 0.002 -21"><span class='ocrx_word' id='word_1_618' title='bbox 109 4360 198 4430; x_wconf 86' lang='lat' dir='ltr'><strong>tiatur,</strong></span> <span class='ocrx_word' id='word_1_619' title='bbox 213 4371 308 4420; x_wconf 85' lang='lat' dir='ltr'><strong>tamen</strong></span> <span class='ocrx_word' id='word_1_620' title='bbox 322 4365 346 4420; x_wconf 89' lang='lat' dir='ltr'><strong>si</strong></span> <span class='ocrx_word' id='word_1_621' title='bbox 365 4367 419 4422; x_wconf 85' lang='lat' dir='ltr'><strong>fuit</strong></span> <span class='ocrx_word' id='word_1_622' title='bbox 430 4366 550 4422; x_wconf 80' lang='lat' dir='ltr'><strong>fratrum</strong></span> <span class='ocrx_word' id='word_1_623' title='bbox 565 4366 716 4434; x_wconf 79' lang='lat' dir='ltr'><strong>confessor,</strong></span> <span class='ocrx_word' id='word_1_624' title='bbox 737 4369 780 4422; x_wconf 82' lang='lat' dir='ltr'><strong>vel</strong></span> <span class='ocrx_word' id='word_1_625' title='bbox 803 4369 839 4424; x_wconf 87' lang='lat' dir='ltr'><strong>ad</strong></span> <span class='ocrx_word' id='word_1_626' title='bbox 853 4385 898 4424; x_wconf 90' lang='lat' dir='ltr'><strong>sa·</strong></span> <span class='ocrx_word' id='word_1_627' title='bbox 941 4370 1045 4434; x_wconf 90' lang='lat' dir='ltr'><strong>matur,</strong></span> <span class='ocrx_word' id='word_1_628' title='bbox 1056 4364 1143 4422; x_wconf 89' lang='lat' dir='ltr'><strong>simili</strong></span> <span class='ocrx_word' id='word_1_629' title='bbox 1151 4364 1236 4420; x_wconf 86' lang='lat' dir='ltr'><strong>etiam</strong></span> <span class='ocrx_word' id='word_1_630' title='bbox 1246 4363 1419 4437; x_wconf 86' lang='lat' dir='ltr'><strong>probationis</strong></span> <span class='ocrx_word' id='word_1_631' title='bbox 1425 4359 1600 4420; x_wconf 82' lang='lat' dir='ltr'><strong>occasiones</strong></span> <span class='ocrx_word' id='word_1_632' title='bbox 1614 4363 1737 4436; x_wconf 79' lang='lat' dir='ltr'><strong>capitulo</strong></span> 
     </span>
     <span class='ocr_line' id='line_1_47' title="bbox 108 4439 1738 4527; baseline 0.004 -23"><span class='ocrx_word' id='word_1_633' title='bbox 108 4465 163 4506; x_wconf 86' lang='lat' dir='ltr'><strong>cros</strong></span> <span class='ocrx_word' id='word_1_634' title='bbox 176 4453 289 4508; x_wconf 85' lang='lat' dir='ltr'><strong>ordines</strong></span> <span class='ocrx_word' id='word_1_635' title='bbox 302 4460 458 4525; x_wconf 89' lang='lat' dir='ltr'><strong>promotus,</strong></span> <span class='ocrx_word' id='word_1_636' title='bbox 475 4471 653 4527; x_wconf 88' lang='lat' dir='ltr'><strong>nequaquam</strong></span> <span class='ocrx_word' id='word_1_637' title='bbox 667 4457 711 4511; x_wconf 89' lang='lat' dir='ltr'><strong>bis</strong></span> <span class='ocrx_word' id='word_1_638' title='bbox 724 4457 823 4514; x_wconf 85' lang='lat' dir='ltr'><strong>olficiis</strong></span> <span class='ocrx_word' id='word_1_639' title='bbox 838 4439 1125 4514; x_wconf 81' lang='lat' dir='ltr'><strong>sun-Ddiiiercndum</strong></span> <span class='ocrx_word' id='word_1_640' title='bbox 1152 4458 1204 4509; x_wconf 89' lang='lat' dir='ltr'><strong>est.</strong></span> <span class='ocrx_word' id='word_1_641' title='bbox 1233 4453 1288 4510; x_wconf 86' lang='lat' dir='ltr'><strong>Sed</strong></span> <span class='ocrx_word' id='word_1_642' title='bbox 1315 4451 1566 4524; x_wconf 88' lang='lat' dir='ltr'><strong>quomodocunque</strong></span> <span class='ocrx_word' id='word_1_643' title='bbox 1586 4452 1738 4525; x_wconf 80' lang='lat' dir='ltr'><strong>probatum</strong></span> 
     </span>
     <span class='ocr_line' id='line_1_48' title="bbox 108 4539 1736 4616; baseline 0.004 -24"><span class='ocrx_word' id='word_1_644' title='bbox 108 4539 186 4610; x_wconf 67' lang='lat' dir='ltr'><strong>citur,</strong></span> <span class='ocrx_word' id='word_1_645' title='bbox 202 4543 259 4598; x_wconf 89' lang='lat' dir='ltr'><strong>nisi</strong></span> <span class='ocrx_word' id='word_1_646' title='bbox 274 4549 303 4598; x_wconf 92' lang='lat' dir='ltr'><strong>et</strong></span> <span class='ocrx_word' id='word_1_647' title='bbox 315 4545 495 4615; x_wconf 82' lang='lat' dir='ltr'><strong>postmodum</strong></span> <span class='ocrx_word' id='word_1_648' title='bbox 514 4562 564 4616; x_wconf 94' lang='lat' dir='ltr'><strong>pro</strong></span> <span class='ocrx_word' id='word_1_649' title='bbox 587 4545 666 4600; x_wconf 82' lang='lat' dir='ltr'><strong>bouae</strong></span> <span class='ocrx_word' id='word_1_650' title='bbox 681 4546 743 4602; x_wconf 80' lang='lat' dir='ltr'><strong>vitre</strong></span> <span class='ocrx_word' id='word_1_651' title='bbox 757 4547 866 4602; x_wconf 87' lang='lat' dir='ltr'><strong>meritis</strong></span> <span class='ocrx_word' id='word_1_652' title='bbox 882 4565 900 4604; x_wconf 90' lang='lat' dir='ltr'><strong>a</strong></span> <span class='ocrx_word' id='word_1_653' title='bbox 939 4559 1084 4616; x_wconf 87' lang='lat' dir='ltr'><strong>nunquam</strong></span> <span class='ocrx_word' id='word_1_654' title='bbox 1098 4544 1164 4599; x_wconf 92' lang='lat' dir='ltr'><strong>illuc</strong></span> <span class='ocrx_word' id='word_1_655' title='bbox 1179 4549 1222 4598; x_wconf 89' lang='lat' dir='ltr'><strong>eet</strong></span> <span class='ocrx_word' id='word_1_656' title='bbox 1231 4541 1419 4606; x_wconf 82' lang='lat' dir='ltr'><strong>referendum,</strong></span> <span class='ocrx_word' id='word_1_657' title='bbox 1432 4541 1601 4598; x_wconf 84' lang='lat' dir='ltr'><strong>esvidalicet</strong></span> <span class='ocrx_word' id='word_1_658' title='bbox 1611 4542 1736 4614; x_wconf 52' lang='lat' dir='ltr'><strong>rationu</strong></span> 
     </span>
     <span class='ocr_line' id='line_1_49' title="bbox 108 4627 1739 4708; baseline 0.006 -26"><span class='ocrx_word' id='word_1_659' title='bbox 108 4627 204 4686; x_wconf 89' lang='lat' dir='ltr'><strong>domno</strong></span> <span class='ocrx_word' id='word_1_660' title='bbox 220 4631 320 4688; x_wconf 84' lang='lat' dir='ltr'><strong>abbate</strong></span> <span class='ocrx_word' id='word_1_661' title='bbox 333 4633 513 4688; x_wconf 87' lang='lat' dir='ltr'><strong>concedatur.</strong></span> <span class='ocrx_word' id='word_1_662' title='bbox 530 4635 566 4688; x_wconf 86' lang='lat' dir='ltr'><strong>Et</strong></span> <span class='ocrx_word' id='word_1_663' title='bbox 579 4634 605 4690; x_wconf 89' lang='lat' dir='ltr'><strong>si</strong></span> <span class='ocrx_word' id='word_1_664' title='bbox 618 4635 693 4690; x_wconf 89' lang='lat' dir='ltr'><strong>inter</strong></span> <span class='ocrx_word' id='word_1_665' title='bbox 708 4635 899 4692; x_wconf 85' lang='lat' dir='ltr'><strong>saecularesde</strong></span> <span class='ocrx_word' id='word_1_666' title='bbox 939 4641 972 4692; x_wconf 91' lang='lat' dir='ltr'><strong>ut</strong></span> <span class='ocrx_word' id='word_1_667' title='bbox 985 4637 1009 4692; x_wconf 88' lang='lat' dir='ltr'><strong>si</strong></span> <span class='ocrx_word' id='word_1_668' title='bbox 1023 4637 1086 4708; x_wconf 87' lang='lat' dir='ltr'><strong>quis</strong></span> <span class='ocrx_word' id='word_1_669' title='bbox 1108 4652 1174 4693; x_wconf 87' lang='lat' dir='ltr'><strong>reus</strong></span> <span class='ocrx_word' id='word_1_670' title='bbox 1195 4636 1326 4692; x_wconf 85' lang='lat' dir='ltr'><strong>inventus</strong></span> <span class='ocrx_word' id='word_1_671' title='bbox 1339 4632 1433 4700; x_wconf 80' lang='lat' dir='ltr'><strong>tuerit,</strong></span> <span class='ocrx_word' id='word_1_672' title='bbox 1447 4633 1500 4690; x_wconf 90' lang='lat' dir='ltr'><strong>hoo</strong></span> <span class='ocrx_word' id='word_1_673' title='bbox 1515 4640 1624 4690; x_wconf 81' lang='lat' dir='ltr'><strong>secreta</strong></span> <span class='ocrx_word' id='word_1_674' title='bbox 1642 4633 1739 4692; x_wconf 77' lang='lat' dir='ltr'><strong>distri·</strong></span> 
     </span>
     <span class='ocr_line' id='line_1_50' title="bbox 108 4717 1738 4798; baseline 0.006 -26"><span class='ocrx_word' id='word_1_675' title='bbox 108 4717 195 4790; x_wconf 82' lang='lat' dir='ltr'><strong>aliquo</strong></span> <span class='ocrx_word' id='word_1_676' title='bbox 211 4721 328 4778; x_wconf 84' lang='lat' dir='ltr'><strong>crimine</strong></span> <span class='ocrx_word' id='word_1_677' title='bbox 352 4721 510 4795; x_wconf 86' lang='lat' dir='ltr'><strong>publicatus</strong></span> <span class='ocrx_word' id='word_1_678' title='bbox 533 4723 596 4792; x_wconf 84' lang='lat' dir='ltr'><strong>suit,</strong></span> <span class='ocrx_word' id='word_1_679' title='bbox 617 4741 756 4796; x_wconf 85' lang='lat' dir='ltr'><strong>nusquam</strong></span> <span class='ocrx_word' id='word_1_680' title='bbox 777 4726 898 4798; x_wconf 84' lang='lat' dir='ltr'><strong>amplius</strong></span> <span class='ocrx_word' id='word_1_681' title='bbox 938 4726 1030 4780; x_wconf 87' lang='lat' dir='ltr'><strong>ctione</strong></span> <span class='ocrx_word' id='word_1_682' title='bbox 1043 4725 1212 4797; x_wconf 85' lang='lat' dir='ltr'><strong>experiatur,</strong></span> <span class='ocrx_word' id='word_1_683' title='bbox 1226 4724 1300 4796; x_wconf 90' lang='lat' dir='ltr'><strong>quod</strong></span> <span class='ocrx_word' id='word_1_684' title='bbox 1318 4724 1348 4779; x_wconf 90' lang='lat' dir='ltr'><strong>in</strong></span> <span class='ocrx_word' id='word_1_685' title='bbox 1367 4722 1478 4796; x_wconf 88' lang='lat' dir='ltr'><strong>publica</strong></span> <span class='ocrx_word' id='word_1_686' title='bbox 1489 4723 1662 4792; x_wconf 82' lang='lat' dir='ltr'><strong>confusione,</strong></span> <span class='ocrx_word' id='word_1_687' title='bbox 1679 4739 1738 4782; x_wconf 83' lang='lat' dir='ltr'><strong>non</strong></span> 
     </span>
     <span class='ocr_line' id='line_1_51' title="bbox 108 4810 1738 4887; baseline 0.007 -29"><span class='ocrx_word' id='word_1_688' title='bbox 108 4815 180 4862; x_wconf 80' lang='lat' dir='ltr'><strong>astra</strong></span> <span class='ocrx_word' id='word_1_689' title='bbox 198 4810 352 4866; x_wconf 84' lang='lat' dir='ltr'><strong>claustrum</strong></span> <span class='ocrx_word' id='word_1_690' title='bbox 367 4811 499 4880; x_wconf 86' lang='lat' dir='ltr'><strong>mittitur,</strong></span> <span class='ocrx_word' id='word_1_691' title='bbox 515 4812 569 4866; x_wconf 90' lang='lat' dir='ltr'><strong>nisi</strong></span> <span class='ocrx_word' id='word_1_692' title='bbox 590 4817 649 4868; x_wconf 87' lang='lat' dir='ltr'><strong>torn</strong></span> <span class='ocrx_word' id='word_1_693' title='bbox 671 4819 767 4868; x_wconf 87' lang='lat' dir='ltr'><strong>sancte</strong></span> <span class='ocrx_word' id='word_1_694' title='bbox 781 4819 810 4870; x_wconf 90' lang='lat' dir='ltr'><strong>et</strong></span> <span class='ocrx_word' id='word_1_695' title='bbox 821 4816 898 4884; x_wconf 87' lang='lat' dir='ltr'><strong>juste</strong></span> <span class='ocrx_word' id='word_1_696' title='bbox 939 4813 991 4870; x_wconf 92' lang='lat' dir='ltr'><strong>sibi</strong></span> <span class='ocrx_word' id='word_1_697' title='bbox 1007 4814 1055 4870; x_wconf 90' lang='lat' dir='ltr'><strong>sed</strong></span> <span class='ocrx_word' id='word_1_698' title='bbox 1071 4815 1178 4870; x_wconf 82' lang='lat' dir='ltr'><strong>caeteris</strong></span> <span class='ocrx_word' id='word_1_699' title='bbox 1193 4815 1328 4887; x_wconf 87' lang='lat' dir='ltr'><strong>parcitur.</strong></span> <span class='ocrx_word' id='word_1_700' title='bbox 1344 4813 1424 4868; x_wconf 87' lang='lat' dir='ltr'><strong>lianc</strong></span> <span class='ocrx_word' id='word_1_701' title='bbox 1437 4811 1523 4868; x_wconf 84' lang='lat' dir='ltr'><strong>etiam</strong></span> <span class='ocrx_word' id='word_1_702' title='bbox 1542 4812 1738 4885; x_wconf 84' lang='lat' dir='ltr'><strong>probationem</strong></span> 
     </span>
     <span class='ocr_line' id='line_1_52' title="bbox 108 4895 1738 4976; baseline 0.007 -28"><span class='ocrx_word' id='word_1_703' title='bbox 108 4895 210 4966; x_wconf 76' lang='lat' dir='ltr'><strong>riserit,</strong></span> <span class='ocrx_word' id='word_1_704' title='bbox 225 4900 301 4970; x_wconf 87' lang='lat' dir='ltr'><strong>qood</strong></span> <span class='ocrx_word' id='word_1_705' title='bbox 315 4900 341 4958; x_wconf 89' lang='lat' dir='ltr'><strong>ei</strong></span> <span class='ocrx_word' id='word_1_706' title='bbox 355 4899 425 4958; x_wconf 87' lang='lat' dir='ltr'><strong>bone</strong></span> <span class='ocrx_word' id='word_1_707' title='bbox 438 4901 569 4973; x_wconf 86' lang='lat' dir='ltr'><strong>deinceps</strong></span> <span class='ocrx_word' id='word_1_708' title='bbox 583 4902 659 4958; x_wconf 90' lang='lat' dir='ltr'><strong>credi</strong></span> <span class='ocrx_word' id='word_1_709' title='bbox 669 4903 765 4974; x_wconf 87' lang='lat' dir='ltr'><strong>possit.</strong></span> <span class='ocrx_word' id='word_1_710' title='bbox 782 4904 898 4969; x_wconf 82' lang='lat' dir='ltr'><strong>Quodsi</strong></span> <span class='ocrx_word' id='word_1_711' title='bbox 938 4904 1015 4976; x_wconf 86' lang='lat' dir='ltr'><strong>prior</strong></span> <span class='ocrx_word' id='word_1_712' title='bbox 1029 4904 1107 4974; x_wconf 81' lang='lat' dir='ltr'><strong>facit,</strong></span> <span class='ocrx_word' id='word_1_713' title='bbox 1117 4902 1330 4961; x_wconf 86' lang='lat' dir='ltr'><strong>domnoabbatc</strong></span> <span class='ocrx_word' id='word_1_714' title='bbox 1339 4918 1396 4958; x_wconf 93' lang='lat' dir='ltr'><strong>non</strong></span> <span class='ocrx_word' id='word_1_715' title='bbox 1406 4903 1518 4974; x_wconf 80' lang='lat' dir='ltr'><strong>longius</strong></span> <span class='ocrx_word' id='word_1_716' title='bbox 1531 4908 1641 4962; x_wconf 81' lang='lat' dir='ltr'><strong>remoto</strong></span> <span class='ocrx_word' id='word_1_717' title='bbox 1651 4919 1738 4976; x_wconf 87' lang='lat' dir='ltr'><strong>quam</strong></span> 
     </span>
     <span class='ocr_line' id='line_1_53' title="bbox 107 4983 1147 5066; baseline 0.01 -28"><span class='ocrx_word' id='word_1_718' title='bbox 107 4983 198 5042; x_wconf 89' lang='lat' dir='ltr'><strong>inalio</strong></span> <span class='ocrx_word' id='word_1_719' title='bbox 213 4988 274 5044; x_wconf 93' lang='lat' dir='ltr'><strong>loco</strong></span> <span class='ocrx_word' id='word_1_720' title='bbox 289 5006 374 5060; x_wconf 87' lang='lat' dir='ltr'><strong>quam</strong></span> <span class='ocrx_word' id='word_1_721' title='bbox 392 4991 468 5061; x_wconf 87' lang='lat' dir='ltr'><strong>apud</strong></span> <span class='ocrx_word' id='word_1_722' title='bbox 480 5007 531 5046; x_wconf 88' lang='lat' dir='ltr'><strong>nos</strong></span> <span class='ocrx_word' id='word_1_723' title='bbox 546 4991 603 5046; x_wconf 85' lang='lat' dir='ltr'><strong>tale</strong></span> <span class='ocrx_word' id='word_1_724' title='bbox 623 4992 689 5063; x_wconf 91' lang='lat' dir='ltr'><strong>quid</strong></span> <span class='ocrx_word' id='word_1_725' title='bbox 714 4993 894 5066; x_wconf 84' lang='lat' dir='ltr'><strong>perpetrarit,</strong></span> <span class='ocrx_word' id='word_1_726' title='bbox 937 5003 981 5050; x_wconf 89' lang='lat' dir='ltr'><strong>est</strong></span> <span class='ocrx_word' id='word_1_727' title='bbox 993 4993 1048 5050; x_wconf 84' lang='lat' dir='ltr'><strong>iter</strong></span> <span class='ocrx_word' id='word_1_728' title='bbox 1058 4992 1147 5050; x_wconf 89' lang='lat' dir='ltr'><strong>bidui.</strong></span> 
     </span>
     <span class='ocr_line' id='line_1_54' title="bbox 107 5071 1427 5154; baseline 0.007 -27"><span class='ocrx_word' id='word_1_729' title='bbox 107 5071 166 5128; x_wconf 92' lang='lat' dir='ltr'><strong>illuc</strong></span> <span class='ocrx_word' id='word_1_730' title='bbox 176 5078 235 5147; x_wconf 74' lang='lat' dir='ltr'><strong>iam</strong></span> <span class='ocrx_word' id='word_1_731' title='bbox 251 5079 374 5150; x_wconf 87' lang='lat' dir='ltr'><strong>amplius</strong></span> <span class='ocrx_word' id='word_1_732' title='bbox 389 5096 445 5134; x_wconf 91' lang='lat' dir='ltr'><strong>non</strong></span> <span class='ocrx_word' id='word_1_733' title='bbox 459 5080 572 5147; x_wconf 89' lang='lat' dir='ltr'><strong>redibit,</strong></span> <span class='ocrx_word' id='word_1_734' title='bbox 589 5082 801 5154; x_wconf 85' lang='lat' dir='ltr'><strong>qualiscumque</strong></span> <span class='ocrx_word' id='word_1_735' title='bbox 815 5083 895 5140; x_wconf 84' lang='lat' dir='ltr'><strong>testi·</strong></span> <span class='ocrx_word' id='word_1_736' title='bbox 1245 5082 1362 5140; x_wconf 75' lang='lat' dir='ltr'>CAPUT</span> <span class='ocrx_word' id='word_1_737' title='bbox 1379 5081 1427 5140; x_wconf 84' lang='grc'><strong>111.</strong></span> 
     </span>
     <span class='ocr_line' id='line_1_55' title="bbox 107 5165 1575 5244; baseline 0.009 -28"><span class='ocrx_word' id='word_1_738' title='bbox 107 5165 186 5221; x_wconf 89' lang='lat' dir='ltr'><strong>monii</strong></span> <span class='ocrx_word' id='word_1_739' title='bbox 195 5167 282 5222; x_wconf 85' lang='lat' dir='ltr'><strong>fuerit</strong></span> <span class='ocrx_word' id='word_1_740' title='bbox 292 5175 321 5224; x_wconf 92' lang='lat' dir='ltr'><strong>et</strong></span> <span class='ocrx_word' id='word_1_741' title='bbox 329 5175 589 5241; x_wconf 88' lang='lat' dir='ltr'><strong>quantumcumque</strong></span> <span class='ocrx_word' id='word_1_742' title='bbox 598 5187 683 5226; x_wconf 84' lang='lat' dir='ltr'><strong>senex</strong></span> <span class='ocrx_word' id='word_1_743' title='bbox 692 5170 786 5226; x_wconf 88' lang='lat' dir='ltr'><strong>suerit.</strong></span> <span class='ocrx_word' id='word_1_744' title='bbox 797 5171 827 5228; x_wconf 84' lang='lat' dir='ltr'><strong>Si</strong></span> <span class='ocrx_word' id='word_1_745' title='bbox 841 5187 896 5242; x_wconf 86' lang='lat' dir='ltr'><strong>qua</strong></span> <span class='ocrx_word' id='word_1_746' title='bbox 1095 5174 1132 5230; x_wconf 79' lang='lat' dir='ltr'><strong>be</strong></span> <span class='ocrx_word' id='word_1_747' title='bbox 1146 5174 1212 5228; x_wconf 81' lang='lat' dir='ltr'><strong>aliis</strong></span> <span class='ocrx_word' id='word_1_748' title='bbox 1226 5175 1371 5242; x_wconf 74' lang='lat' dir='ltr'><strong>peceribus</strong></span> <span class='ocrx_word' id='word_1_749' title='bbox 1385 5175 1575 5244; x_wconf 66' lang='lat' dir='ltr'><strong>amatione.</strong></span> 
     </span>
    </p>
   </div>
   <div class='ocr_carea' id='block_1_3' title="bbox 15 5253 1737 5692">
    <p class='ocr_par' dir='ltr' id='par_1_4' title="bbox 15 5253 1737 5692">
     <span class='ocr_line' id='line_1_56' title="bbox 15 5253 1737 5333; baseline 0.006 -27"><span class='ocrx_word' id='word_1_750' title='bbox 15 5269 16 5324; x_wconf 53' lang='lat' dir='ltr'><strong><em>g</em></strong></span> <span class='ocrx_word' id='word_1_751' title='bbox 107 5253 176 5306; x_wconf 86' lang='lat' dir='ltr'><strong>mala</strong></span> <span class='ocrx_word' id='word_1_752' title='bbox 191 5255 311 5327; x_wconf 86' lang='lat' dir='ltr'><strong>suspicio</strong></span> <span class='ocrx_word' id='word_1_753' title='bbox 331 5257 427 5311; x_wconf 86' lang='lat' dir='ltr'><strong>fratris</strong></span> <span class='ocrx_word' id='word_1_754' title='bbox 450 5257 536 5312; x_wconf 88' lang='lat' dir='ltr'><strong>fuerit</strong></span> <span class='ocrx_word' id='word_1_755' title='bbox 559 5260 659 5314; x_wconf 84' lang='lat' dir='ltr'><strong>tandiu</strong></span> <span class='ocrx_word' id='word_1_756' title='bbox 682 5260 823 5315; x_wconf 88' lang='lat' dir='ltr'><strong>laternam</strong></span> <span class='ocrx_word' id='word_1_757' title='bbox 844 5260 896 5316; x_wconf 90' lang='lat' dir='ltr'><strong>sub</strong></span> <span class='ocrx_word' id='word_1_758' title='bbox 974 5261 1047 5330; x_wconf 83' lang='lat' dir='ltr'><strong>(nn.)</strong></span> <span class='ocrx_word' id='word_1_759' title='bbox 1061 5261 1133 5316; x_wconf 85' lang='lat' dir='ltr'><strong>Sunt</strong></span> <span class='ocrx_word' id='word_1_760' title='bbox 1146 5266 1242 5317; x_wconf 88' lang='lat' dir='ltr'><strong>autem</strong></span> <span class='ocrx_word' id='word_1_761' title='bbox 1256 5261 1331 5333; x_wconf 89' lang='lat' dir='ltr'><strong>apud</strong></span> <span class='ocrx_word' id='word_1_762' title='bbox 1344 5278 1395 5318; x_wconf 92' lang='lat' dir='ltr'><strong>nos</strong></span> <span class='ocrx_word' id='word_1_763' title='bbox 1410 5261 1501 5316; x_wconf 89' lang='lat' dir='ltr'><strong>adbuc</strong></span> <span class='ocrx_word' id='word_1_764' title='bbox 1515 5260 1614 5315; x_wconf 83' lang='lat' dir='ltr'><strong>atalia</strong></span> <span class='ocrx_word' id='word_1_765' title='bbox 1631 5275 1737 5331; x_wconf 80' lang='lat' dir='ltr'><strong>genera</strong></span> 
     </span>
     <span class='ocr_line' id='line_1_57' title="bbox 15 5331 1734 5422; baseline 0.006 -28"><span class='ocrx_word' id='word_1_766' title='bbox 15 5331 16 5340; x_wconf 71' lang='grc'>’</span> <span class='ocrx_word' id='word_1_767' title='bbox 107 5343 228 5398; x_wconf 86' lang='lat' dir='ltr'><strong>custodia</strong></span> <span class='ocrx_word' id='word_1_768' title='bbox 243 5344 375 5416; x_wconf 79' lang='lat' dir='ltr'><strong>portabit,</strong></span> <span class='ocrx_word' id='word_1_769' title='bbox 388 5345 477 5401; x_wconf 90' lang='lat' dir='ltr'><strong>donec</strong></span> <span class='ocrx_word' id='word_1_770' title='bbox 491 5359 542 5420; x_wconf 89' lang='lat' dir='ltr'><strong>per</strong></span> <span class='ocrx_word' id='word_1_771' title='bbox 555 5363 694 5404; x_wconf 88' lang='lat' dir='ltr'><strong>sommam</strong></span> <span class='ocrx_word' id='word_1_772' title='bbox 706 5347 896 5404; x_wconf 88' lang='lat' dir='ltr'><strong>humilitatem</strong></span> <span class='ocrx_word' id='word_1_773' title='bbox 937 5349 1132 5422; x_wconf 78' lang='lat' dir='ltr'><strong>correptionis.</strong></span> <span class='ocrx_word' id='word_1_774' title='bbox 1150 5365 1212 5421; x_wconf 75' lang='lat' dir='ltr'><strong>qua</strong></span> <span class='ocrx_word' id='word_1_775' title='bbox 1231 5363 1288 5406; x_wconf 91' lang='lat' dir='ltr'><strong>non</strong></span> <span class='ocrx_word' id='word_1_776' title='bbox 1306 5349 1396 5406; x_wconf 83' lang='lat' dir='ltr'><strong>solnm</strong></span> <span class='ocrx_word' id='word_1_777' title='bbox 1419 5349 1539 5404; x_wconf 86' lang='lat' dir='ltr'><strong>domnos</strong></span> <span class='ocrx_word' id='word_1_778' title='bbox 1562 5347 1635 5403; x_wconf 86' lang='lat' dir='ltr'><strong>abba</strong></span> <span class='ocrx_word' id='word_1_779' title='bbox 1657 5345 1734 5416; x_wconf 84' lang='lat' dir='ltr'><strong>facit,</strong></span> 
     </span>
     <span class='ocr_line' id='line_1_58' title="bbox 106 5431 1737 5514; baseline 0.007 -30"><span class='ocrx_word' id='word_1_780' title='bbox 106 5435 280 5505; x_wconf 84' lang='lat' dir='ltr'><strong>sanctamque</strong></span> <span class='ocrx_word' id='word_1_781' title='bbox 298 5436 539 5491; x_wconf 85' lang='lat' dir='ltr'><strong>conversationem</strong></span> <span class='ocrx_word' id='word_1_782' title='bbox 552 5435 616 5492; x_wconf 90' lang='lat' dir='ltr'><strong>inde</strong></span> <span class='ocrx_word' id='word_1_783' title='bbox 632 5437 736 5493; x_wconf 86' lang='lat' dir='ltr'><strong>absolvi</strong></span> <span class='ocrx_word' id='word_1_784' title='bbox 750 5439 896 5496; x_wconf 87' lang='lat' dir='ltr'><strong>meruerit.</strong></span> <span class='ocrx_word' id='word_1_785' title='bbox 938 5435 1095 5507; x_wconf 89' lang='lat' dir='ltr'><strong>sedetiam,</strong></span> <span class='ocrx_word' id='word_1_786' title='bbox 1110 5438 1134 5494; x_wconf 91' lang='lat' dir='ltr'><strong>si</strong></span> <span class='ocrx_word' id='word_1_787' title='bbox 1147 5457 1217 5514; x_wconf 86' lang='lat' dir='ltr'><strong>opos</strong></span> <span class='ocrx_word' id='word_1_788' title='bbox 1241 5439 1335 5506; x_wconf 84' lang='lat' dir='ltr'><strong>fuerit,</strong></span> <span class='ocrx_word' id='word_1_789' title='bbox 1358 5437 1435 5514; x_wconf 89' lang='lat' dir='ltr'><strong>prior</strong></span> <span class='ocrx_word' id='word_1_790' title='bbox 1456 5453 1488 5494; x_wconf 89' lang='lat' dir='ltr'><strong>eo</strong></span> <span class='ocrx_word' id='word_1_791' title='bbox 1509 5431 1634 5494; x_wconf 85' lang='lat' dir='ltr'><strong>absente.</strong></span> <span class='ocrx_word' id='word_1_792' title='bbox 1650 5437 1737 5496; x_wconf 79' lang='lat' dir='ltr'><strong>Nulla</strong></span> 
     </span>
     <span class='ocr_line' id='line_1_59' title="bbox 108 5519 1737 5598; baseline 0.007 -24"><span class='ocrx_word' id='word_1_793' title='bbox 108 5519 166 5578; x_wconf 85' lang='lat' dir='ltr'><strong>llaec</strong></span> <span class='ocrx_word' id='word_1_794' title='bbox 180 5523 314 5581; x_wconf 84' lang='lat' dir='ltr'><strong>hactenus</strong></span> <span class='ocrx_word' id='word_1_795' title='bbox 325 5525 360 5581; x_wconf 90' lang='lat' dir='ltr'><strong>de</strong></span> <span class='ocrx_word' id='word_1_796' title='bbox 374 5526 422 5582; x_wconf 91' lang='lat' dir='ltr'><strong>illo</strong></span> <span class='ocrx_word' id='word_1_797' title='bbox 439 5525 496 5598; x_wconf 91' lang='lat' dir='ltr'><strong>qui,</strong></span> <span class='ocrx_word' id='word_1_798' title='bbox 513 5527 616 5583; x_wconf 88' lang='lat' dir='ltr'><strong>domno</strong></span> <span class='ocrx_word' id='word_1_799' title='bbox 634 5527 735 5586; x_wconf 85' lang='lat' dir='ltr'><strong>abbate</strong></span> <span class='ocrx_word' id='word_1_800' title='bbox 746 5529 898 5586; x_wconf 90' lang='lat' dir='ltr'><strong>domiccn·</strong></span> <span class='ocrx_word' id='word_1_801' title='bbox 938 5529 1014 5586; x_wconf 86' lang='lat' dir='ltr'><strong>enirn</strong></span> <span class='ocrx_word' id='word_1_802' title='bbox 1038 5530 1240 5586; x_wconf 84' lang='lat' dir='ltr'><strong>monachorum</strong></span> <span class='ocrx_word' id='word_1_803' title='bbox 1263 5529 1379 5586; x_wconf 84' lang='lat' dir='ltr'><strong>ecclesia</strong></span> <span class='ocrx_word' id='word_1_804' title='bbox 1398 5532 1510 5586; x_wconf 72' lang='lat' dir='ltr'><strong>motum</strong></span> <span class='ocrx_word' id='word_1_805' title='bbox 1533 5526 1737 5586; x_wconf 77' lang='lat' dir='ltr'><strong>dehonestatur</strong></span> 
     </span>
     <span class='ocr_line' id='line_1_60' title="bbox 15 5608 1734 5692; baseline 0.007 -26"><span class='ocrx_word' id='word_1_806' title='bbox 15 5623 16 5640; x_wconf 63' lang='lat'>¹</span> <span class='ocrx_word' id='word_1_807' title='bbox 106 5608 226 5685; x_wconf 61' lang='lat' dir='ltr'><strong>munte,</strong></span> <span class='ocrx_word' id='word_1_808' title='bbox 240 5613 336 5686; x_wconf 86' lang='lat' dir='ltr'><strong>lapsus</strong></span> <span class='ocrx_word' id='word_1_809' title='bbox 354 5620 398 5672; x_wconf 90' lang='lat' dir='ltr'><strong>est</strong></span> <span class='ocrx_word' id='word_1_810' title='bbox 410 5615 441 5672; x_wconf 89' lang='lat' dir='ltr'><strong>in</strong></span> <span class='ocrx_word' id='word_1_811' title='bbox 454 5615 561 5672; x_wconf 90' lang='lat' dir='ltr'><strong>crimen</strong></span> <span class='ocrx_word' id='word_1_812' title='bbox 575 5617 703 5691; x_wconf 89' lang='lat' dir='ltr'><strong>capitale.</strong></span> <span class='ocrx_word' id='word_1_813' title='bbox 938 5623 1054 5692; x_wconf 90' lang='lat' dir='ltr'><strong>propter</strong></span> <span class='ocrx_word' id='word_1_814' title='bbox 1060 5617 1128 5691; x_wconf 89' lang='lat' dir='ltr'><strong>quid</strong></span> <span class='ocrx_word' id='word_1_815' title='bbox 1134 5618 1199 5688; x_wconf 88' lang='lat' dir='ltr'><strong>tale,</strong></span> <span class='ocrx_word' id='word_1_816' title='bbox 1207 5617 1282 5692; x_wconf 88' lang='lat' dir='ltr'><strong>quod</strong></span> <span class='ocrx_word' id='word_1_817' title='bbox 1291 5617 1327 5676; x_wconf 89' lang='lat' dir='ltr'><strong>ab</strong></span> <span class='ocrx_word' id='word_1_818' title='bbox 1337 5617 1431 5692; x_wconf 88' lang='lat' dir='ltr'><strong>aliquo</strong></span> <span class='ocrx_word' id='word_1_819' title='bbox 1441 5617 1530 5678; x_wconf 75' lang='lat' dir='ltr'><strong>tratre</strong></span> <span class='ocrx_word' id='word_1_820' title='bbox 1538 5617 1734 5691; x_wconf 80' lang='lat' dir='ltr'><strong>committitur,</strong></span> 
     </span>
    </p>
   </div>
   <div class='ocr_carea' id='block_1_4' title="bbox 0 0 1940 6162">
    <p class='ocr_par' dir='ltr' id='par_1_5' title="bbox 0 0 1940 6162">
     <span class='ocr_line' id='line_1_61' title="bbox 0 0 1940 6162; baseline 0 2"><span class='ocrx_word' id='word_1_821' title='bbox 0 0 1940 6162; x_wconf 95' lang='lat' dir='ltr'><strong> </strong></span> 
     </span>
    </p>
   </div>
  </div>
 </body>
</html>
