3900 6168
111 241 165 306 ⁸⁸1
836 264 1031 328 ιιιιιοιι.
1698 271 1753 334 ιιι

148 381 238 442 Vides
249 401 319 460 crgo
332 390 473 462 quomodo
485 392 617 452 universa
627 396 793 470 redigantur
804 399 840 456 nd
855 393 994 457 uun-Asis
1007 393 1227 468 impatientia'
1204 414 1279 456 urus
1289 399 1513 473 longanimitatis
1529 401 1656 458 antidoto
1675 404 1750 456 tem-

110 473 235 531 uadem:
246 493 331 549 quem
339 496 388 551 qur
400 480 429 538 in
440 485 571 554 prasenti
585 487 864 557 potueritobtinere'
844 507 913 562 ,Jam
953 500 1062 556 perure,
1080 491 1112 542 ut
1122 493 1151 542 et
1164 489 1447 559 patientermalorum
1458 492 1669 565 improbitatem
1676 489 1752 545 fera

111 563 237 632 profecto
261 566 364 623 iliud
355 585 386 626 m
410 571 464 628 hac
482 575 654 631 mortalitate
668 578 859 649 consequitur,
876 579 912 634 ad
952 589 1026 636 mus,
1044 589 1096 629 nec
1116 591 1242 648 unquam
1257 577 1344 635 bonos
1358 587 1474 654 propter
1487 597 1623 655 pessimos
1632 580 1752 635 desere

111 652 210 723 quod'
202 671 234 712 ιιι
248 655 298 712 ilia
309 661 516 719 resurrectione
528 665 671 721 communi
680 667 772 722 omnis
783 672 912 724 creatura
952 677 1025 718 mus·

109 743 364 804 mtioualissaucta
374 753 404 804 et
410 752 517 808 munda
524 752 654 810 devenire
667 755 821 812 contundit
823 757 910 826 Tunc,
988 752 1043 807 ilic
1054 757 1087 808 tu
1096 769 1142 810 me
1156 754 1273 811 forsitan
1288 773 1400 828 argues,
1403 775 1454 815 cur
1466 760 1526 832 ipse
1540 757 1617 815 Beati
1631 703 1753 828 Remigii

110 839 140 888 ui
155 833 259 892 ιιιιιιιιι
283 837 386 895 litteras
397 840 575 913 pollicentur,
596 843 651 899 erit
674 845 751 900 Deus
769 847 865 902 omnin
882 846 912 902 in
954 838 1096 897 abbatiam
1109 844 1234 899 tamcito
1249 845 1575 920 facilequereliquerim3
1586 845 1751 929 cuminiilo

111 923 253 991 wihus.
268 941 335 982 cum
345 929 496 986 undidem
508 931 596 988 Filius
612 949 733 1004 regnum
748 933 804 990 lico
818 940 847 992 et
861 936 913 992 Pa·
952 929 1069 1002 collegio
1094 931 1218 989 dubitari
1238 951 1295 991 non
1319 937 1409 1008 possit
1423 937 1559 1009 quosdam
1573 936 1647 991 viros
1662 935 1752 991 hone-
1791 917 1795 924 ’

110 1011 156 1080 ιιι,
171 1013 203 1068 id
227 1019 271 1072 est
291 1031 355 1074 cum
371 1017 480 1085 fideles,
501 1020 532 1076 iu
552 1021 654 1094 quibus
668 1024 912 1095 nuncregnatille
953 1019 1092 1075 stissimos
1101 1021 1231 1090 inveniri,
1241 1039 1276 1078 ex
1285 1040 1404 1096 quorum
1415 1024 1677 1082 benevolentissima
1688 1025 1753 1078 cha·

111 1101 268 1172 perfidem,
289 1105 326 1160 ad
344 1108 611 1180 contemplationem
627 1111 677 1166 liei
690 1116 720 1167 et
731 1112 824 1167 Patris
836 1119 913 1186 opta·
953 1107 1038 1164 ritate
1051 1110 1138 1165 ceteri
1152 1111 1311 1169 debuerunt
1326 1115 1485 1170 tolerabiles
1496 1114 1627 1188 judicari.
1638 1114 1750 1181 Fateor,

110 1188 205 1247 biliter
218 1191 392 1266 feliciterque
403 1197 576 1268 perduxerit.
591 1199 664 1254 Huic
675 1200 912 1260 excellentissime
953 1197 1057 1269 partim
1078 1200 1157 1270 justa
1170 1201 1229 1257 haee
1239 1206 1288 1258 tua
1300 1202 1459 1276 objurgatio
1472 1203 1624 1269 videretur.
1636 1203 1690 1258 nisi
1703 1202 1752 1257 ille

111 1279 210 1336 visioni
229 1281 342 1354 Moyses
355 1282 403 1340 ille
415 1285 570 1358 legislator,
584 1289 913 1347 etnrdentisnimnsdivi·
953 1287 1087 1358 pestilens
1102 1294 1219 1346 truncus
1240 1293 1370 1358 ficulnus,
1387 1293 1488 1349 inutile
1510 1293 1628 1365 lignum,
1644 1297 1751 1346 terram

112 1370 209 1426 nitatis
224 1377 345 1441 amator,
361 1373 483 1431 liberum
497 1376 627 1449 cupiebat
641 1368 774 1435 adhibere
792 1397 911 1453 conspe·
951 1375 1030 1431 illam
1037 1377 1413 1466 miserabiliteroccupasset,¹
1416 1379 1753 1454 subcujusumbranulia

112 1463 197 1525 mum,
214 1462 328 1533 quando
351 1479 416 1519 cum
439 1464 559 1521 Domino
581 1466 710 1538 loquens
725 1474 913 1526 utetsemet
954 1466 1068 1536 quidem
1082 1466 1156 1524 bona
1170 1476 1289 1541 possunt
1306 1473 1416 1527 semina
1429 1473 1542 1539 exoriri,
1555 1471 1605 1527 sed
1618 1469 1683 1525 etsi
1697 1485 1754 1541 qua

112 1548 201 1620 ipsum
218 1549 386 1622 dignaretur
407 1555 566 1623 ostendere,
588 1556 765 1613 devotissime
778 1559 912 1631 precaba-
953 1561 1050 1610 exorta
1063 1557 1186 1625 fuerant,
1207 1565 1369 1616 enecantur.
1391 1562 1435 1617 lta
1453 1561 1529 1617 enim
1552 1561 1602 1615 iila
1617 1563 1755 1614 venenata

112 1643 166 1693 tur.
182 1639 308 1698 Noverat
321 1643 397 1698 enim
411 1644 455 1698 ιιι
464 1643 512 1700 ille
530 1643 667 1701 mirabilis
676 1663 816 1704 summam
827 1647 913 1704 beati-
953 1647 1175 1702 strennuissime
1194 1649 1279 1704 arbor
1292 1649 1441 1705 tenebrosa
1455 1655 1498 1705 est
1511 1654 1540 1704 et
1553 1649 1704 1715 condensa,
1721 1652 1755 1702 ut

112 1728 237 1784 tudinem
256 1730 316 1785 fore
337 1747 433 1788 rerum
451 1734 578 1789 omnium
592 1735 760 1809 principium
774 1739 911 1808 contueri,
923 1716 1120 1808 Bquocunque
1139 1735 1255 1793 brachia
1274 1743 1402 1794 torurosa
1424 1738 1640 1809 mortiferosque
1657 1751 1753 1792 ramos

112 1821 138 1870 et
161 1816 239 1872 iliam
264 1819 414 1876 monadum
438 1823 540 1877 mentis
562 1825 719 1896 complenti,
738 1843 756 1880 a
774 1843 829 1898 qua
847 1829 912 1884 uni.
952 1824 1120 1889 extenderit,
1136 1825 1245 1881 nullum
1258 1826 1367 1883 iiiicsol
1378 1827 1497 1899 J'ustitia
1511 1827 1665 1897 lumenque
1678 1825 1752 1880 veri-

111 1921 188 1964 vema
212 1914 333 1964 sumunt
363 1910 512 1982 originem,
529 1919 557 1968 et
571 1912 602 1968 in
616 1929 673 1986 qua
687 1914 793 1972 habent
815 1917 912 1974 omniu
952 1913 1019 1968 tatis
1031 1913 1136 1969 habere
1150 1916 1239 1986 possit
1253 1933 1406 1972 accessum.
1421 1917 1488 1972 Tale
1498 1915 1586 1988 igitur
1594 1919 1752 1970 monstrum

112 1997 203 2056 finem.
951 2007 981 2058 et
993 2002 1190 2074 hujuscemodi
1203 2005 1347 2078 aufugisse
1359 2010 1592 2078 portentum,uon
1604 2004 1755 2076 impatiou·
1809 1999 1814 2006 '

144 2088 238 2146 claret
251 2089 340 2162 igitm
349 2097 461 2164 quanta
472 2091 586 2150 vinum
600 2099 766 2168 quanteque
776 2102 910 2169 praestan-
948 2091 996 2147 uae
1014 2098 1043 2148 et
1063 2093 1258 2150 inconstantiae
1271 2094 1348 2163 vitio,
1365 2095 1415 2150 sed
1429 2111 1546 2150 summe
1560 2093 1657 2150 virtuti
1671 2108 1750 2148 sum-

113 2178 155 2232 ιιι
168 2177 214 2246 sit,
231 2179 311 2235 omni
325 2181 452 2238 seculari
465 2198 515 2254 spe
528 2183 683 2256 mundique
692 2183 828 2241 felicitate
840 2187 910 2258 reje-
949 2197 1059 2254 maeque
1073 2187 1117 2238 est
1128 2182 1284 2254 prudentiae
1298 2183 1501 2257 deputandum.

114 2271 165 2334 cte,
180 2266 251 2324 illud
271 2269 387 2326 animm
409 2270 515 2327 bonum
537 2279 681 2345 appetere,
700 2273 737 2328 ad
750 2275 824 2345 quod
837 2276 910 2332 tanti
1231 2273 1407 2330 Epistola
1420 2273 1472 2333 Vl.

112 2354 162 2411 viri
173 2357 337 2429 suspirabat
350 2359 481 2416 intentio.
504 2361 584 2418 Unde
604 2362 677 2417 etin
698 2364 911 2434 regeneratione
1262 2379 1298 2418 ιι
1314 2379 1439 2420 eunoun.

114 2461 173 2502 cum
187 2447 296 2503 sederit
309 2447 399 2506 Filius
413 2450 537 2506 hominis
551 2451 582 2506 in
596 2450 662 2506 sede
672 2452 828 2523 majestatis
841 2468 909 2522 sua,
1004 2452 1177 2520 iproportto
1194 2454 1300 2521 feruore
1313 2450 1454 2522 defimcmi
1466 2453 1576 2522 ceponii
1591 2465 1699 2506 arcanc

110 2534 910 2614 jureaDominojudiciariamaocipientpotestatem,qui
1261 2542 1372 2611 judicic
1383 2543 1441 2596 lici.

113 2629 169 2692 eius
187 2628 347 2686 dilectionis
368 2631 474 2688 intuitu
493 2633 590 2688 omnia
603 2631 788 2704 reliquerint:
801 2635 868 2706 quia
882 2640 911 2691 et
986 2628 1078 2684 Fratri
1097 2630 1142 2699 A..
1160 2629 1206 2684 W.
1223 2633 1363 2702 peccator,
1384 2629 1442 2684 sole
1465 2629 1573 2696 vestiri,
1599 2633 1628 2683 et
1654 2629 1752 2685 lunam

114 2717 305 2790 ideangruere
314 2720 449 2793 aequitati,
466 2722 626 2794 quicunque
649 2739 749 2777 sanum
764 2725 848 2794 sapit,
864 2724 909 2780 in·
952 2716 1056 2773 habere
1068 2717 1120 2773 tub
1135 2718 1262 2790 pedibus·

112 2805 219 2878 telligit,
236 2809 332 2880 utqui
350 2810 381 2865 in
399 2812 626 2883 peregrinatione
638 2805 775 2868 ιιιιιῐιιι
788 2813 909 2869 humiles
986 2804 1126 2870 Quoniam
1141 2807 1270 2879 quisquis
1282 2821 1355 2862 verm
1364 2805 1523 2861 dilectionis
1534 2805 1698 2861 stimulatur
1712 2806 1753 2862 af-

113 2895 277 2964 animant,
287 2899 345 2954 siut
358 2898 388 2955 in
403 2900 495 2972 patria
507 2900 633 2972 gloriosi.
949 2895 1034 2962 fectu,
1058 2911 1115 2950 non
1130 2896 1224 2952 minus
1241 2895 1433 2968 proximorum
1447 2911 1532 2967 quam
1544 2894 1603 2950 suis
1617 2894 1754 2966 provecti-

143 2984 220 3040 lnter
230 2986 424 3058 iruJ'useamucti
438 3005 506 3060 ergo
521 2989 622 3045 heroas
635 2990 771 3046 eademne
784 2991 910 3047 eminen·
948 2983 1001 3041 bus
1020 2985 1185 3050 coliaetatur,
1201 2985 1453 3056 congratulatorias
1467 2983 1519 3038 tibi
1537 2983 1646 3039 litteras
1661 2999 1752 3056 nuper

113 3073 247 3130 ιιιιιιιιι
260 3076 430 3148 adepturum
447 3084 525 3134 certa
538 3094 585 3133 me
600 3077 675 3150 cogit
687 3080 759 3136 ratio
773 3080 883 3152 opinari
900 3073 1135 3137 :Gtmnsmisisse
1149 3089 1195 3129 me
1209 3073 1335 3142 memini,
1354 3088 1471 3145 sperans
1485 3076 1543 3128 tuae
1557 3071 1749 3128 conversionis

104 3161 905 3236 ,quiautadtantambumilitatemdescenderesnonte,
948 3163 1085 3235 principio
1108 3164 1196 3219 totius
1219 3163 1282 3218 vitae
1305 3169 1433 3219 tenorem
1456 3163 1598 3234 finemque
1613 3161 1750 3234 propositi

113 3259 143 3306 ιι
156 3254 303 3325 quosdam,
318 3257 474 3312 recordatio
486 3245 675 3331 moeniorum,
691 3259 741 3313 sed
761 3258 908 3315 laudabili.
948 3268 1160 3324 responsurum.
1178 3253 1224 3318 ut,
1240 3256 1273 3307 ut
1286 3251 1356 3308 mihi
1371 3252 1493 3306 relatum
1508 3256 1561 3311 est,
1574 3250 1657 3321 longe
1667 3250 1750 3305 aliter

113 3345 154 3394 ier
165 3347 227 3397 actu
236 3343 294 3399 vita
303 3345 433 3418 superior
442 3347 725 3419 patrimquecoeiestis
734 3348 906 3405 desiderium
947 3357 978 3396 se
990 3357 1036 3396 res
1049 3340 1143 3396 habet.
1159 3347 1244 3413 teque
1255 3341 1395 3396 maiorum
1405 3339 1586 3412 improbitate
1596 3339 1747 3406 devictum,

113 3426 241 3485 invitarit
263 3431 382 3504 Semper
399 3433 487 3505 igitur
500 3434 539 3490 sis
553 3435 781 3508 circumspectus,
795 3453 907 3509 semper
947 3430 1091 3503 patientie
1102 3431 1233 3503 clypeum
1247 3429 1397 3501 proiecisse
1409 3448 1415 3484 ι
1427 3444 1483 3501 quo
1498 3428 1522 3482 si
1536 3427 1679 3483 veliettua
1693 3427 1750 3484 fre·

112 3515 147 3571 sis
159 3519 438 3594 providus,omnique
448 3523 663 3596 studiototaque
677 3525 833 3582 intentione
847 3541 908 3581 cor-
947 3519 1066 3574 tenuitas
1087 3519 1265 3585 communiri,
1282 3535 1346 3574 cum
1368 3517 1603 3590 0Xi¹10¹l¹¹¹¹d²ffl
1616 3516 1749 3572 meum·

112 3606 151 3661 dis
159 3609 277 3680 enitere,
288 3615 322 3665 ut
334 3611 369 3666 de
382 3610 463 3667 bonis
474 3614 628 3686 semperad
640 3614 745 3686 optima
758 3621 906 3670 transeunt·
947 3607 1034 3674 tione,
1051 3613 1110 3663 ium
1128 3625 1161 3663 ex
1170 3607 1322 3663 tolerantia
1329 3606 1515 3679 pessimorum
1529 3621 1586 3660 noli
1597 3605 1748 3662 minimum

113 3695 154 3764 do,
169 3698 254 3754 finem
267 3697 355 3754 facias
366 3702 535 3758 concordare
549 3702 701 3776 principi03
717 3719 768 3760 nec
784 3705 841 3759 ulla
853 3704 905 3760 ho·
946 3695 998 3752 tibi
1012 3697 1119 3753 lucrum
1130 3697 1242 3753 virtutis
1254 3700 1436 3752 accretoet'et·

111 3783 276 3858 suanuqui
287 3786 477 3845 fraudulentia
489 3791 616 3858 violetur,
633 3791 709 3863 quod
731 3791 768 3846 ab
791 3791 906 3864 integri·
981 3785 1084 3856 sigitur
1101 3786 1177 3841 enim
1197 3786 1280 3841 modo
1301 3782 1436 3840 ineffabili
1446 3783 1601 3854 ordineque
1613 3778 1745 3846 mirabili,

112 3875 165 3926 tate
176 3874 300 3946 sumpsit
312 3875 468 3933 exordium.
479 3879 542 3934 Non
552 3879 683 3944 aliorum,
697 3885 906 3951 quaeso,torpor
945 3879 978 3929 ut
999 3891 1112 3947 semper
1137 3875 1290 3930 electorum
1307 3873 1422 3930 utilitati
1446 3872 1629 3944 reproborum
1644 3868 1748 3924 serviat

113 3963 186 4017 trum
200 3961 288 4019 iaciat
300 3969 397 4036 tepere
410 3964 557 4034 fervorem,
568 3984 725 4024 urceorum
740 3969 867 4039 exempla
875 3974 905 4024 te
946 3963 1037 4019 omnis
1055 3963 1221 4037 improbitas
1233 3983 1240 4030 ;
1257 3979 1347 4034 eoque
1361 3961 1459 4035 purius
1471 3963 1530 4016 reri
1547 3959 1679 4018 israelite
1692 3974 1747 4013 cce·

112 4051 339 4124 negligentiorem
359 4055 491 4121 efficiant,
515 4057 563 4128 qui
595 4057 774 4129 praetendunt
805 4057 904 4114 habitu
945 4051 1009 4107 lesti
1024 4051 1173 4124 divinoque
1185 4052 1292 4107 iumine
1306 4051 1496 4123 perfruantur,
1509 4066 1565 4121 quo
1579 4046 1746 4120 profundius

112 4141 177 4209 quod
199 4143 328 4199 moribus
350 4144 551 4217 insequuntur,
579 4146 660 4202 Multi
689 4151 793 4202 etenim
822 4148 901 4213 tales,
945 4141 1004 4196 suis
1018 4140 1262 4212 tenebrissuaeque
1270 4137 1516 4210 caliginiAEgyptii
1527 4137 1744 4207 immerguntur.

114 4229 178 4297 quod
195 4235 224 4285 te
245 4232 336 4288 latere
355 4249 413 4288 non
437 4235 570 4296 arbitror,
593 4235 646 4290 sub
665 4235 791 4307 angelico
805 4235 904 4290 habitu
945 4230 1066 4285 Mentior
1079 4230 1102 4284 si
1116 4245 1172 4284 non
1185 4229 1226 4283 ita
1239 4244 1320 4284 sacra
1329 4231 1504 4282 contestatur
1512 4223 1704 4296 historiaque
1714 4223 1745 4278 in

111 4311 281 4388 delitescunt,
298 4337 419 4393 quonum
435 4322 475 4378 sic
488 4323 592 4379 misera
603 4329 647 4379 est
657 4324 831 4379 conversatio
843 4329 906 4380 tan-
946 4319 996 4374 iiia
1008 4319 1187 4391 percussione
1196 4315 1454 4389 liemphitieaapud
1462 4314 1608 4387 AEgyptios
1618 4310 1746 4385 palpabi-

110 4409 187 4478 taque
213 4410 279 4465 vitan
297 4411 475 4481 perversitas,
502 4419 533 4468 ut
556 4412 637 4468 bunis
659 4414 744 4469 etium
761 4395 986 4471 mentibulees
996 4407 1136 4474 tenebras,
1145 4408 1220 4479 apud
1231 4406 1340 4479 plebem
1351 4422 1415 4460 vero
1425 4405 1550 4460 fidelium
1560 4401 1745 4459 clarissimam

111 4497 271 4572 plerumque
292 4499 364 4556 sacri
377 4502 512 4574 propositi
533 4502 736 4574 paenitudinem
760 4502 900 4575 ingerant,
944 4498 1034 4552 iucem
1049 4497 1136 4552 fuisse
1149 4500 1363 4552 commemorat.
1375 4495 1421 4550 Sic
1435 4493 1567 4548 nimirum
1581 4493 1612 4547 hi
1626 4493 1682 4547 duo
1697 4509 1745 4564 po·

110 4585 220 4660 uisque
229 4589 378 4645 deterioris
387 4597 631 4648 munem-sancte
644 4592 820 4663 caelestisque
831 4591 903 4646 miii·
943 4585 1004 4660 puli
1012 4587 1221 4650 discernuntur,
1231 4590 1265 4641 ut
1279 4585 1345 4639 licet
1357 4583 1387 4638 in
1400 4600 1458 4640 una
1472 4581 1614 4655 provincia
1627 4582 1694 4649 sint,
1710 4581 1745 4637 li·
1764 4585 1767 4592 ‘

110 4675 149 4730 ιιι
170 4693 227 4731 non
254 4676 387 4734 desinant
408 4679 556 4736 obscurare
582 4681 702 4736 nitorem
717 4694 722 4735 t
738 4679 786 4751 qui
805 4695 858 4752 per
872 4695 903 4734 se
944 4680 989 4731 cet
1000 4675 1098 4730 eadem
1107 4678 1317 4730 commorentur
1331 4674 1360 4728 in
1370 4673 1464 4736 domo,
1477 4673 1549 4728 alter
1558 4677 1655 4727 tamen
1670 4688 1746 4726 sem·

110 4765 215 4833 quidem
226 4783 340 4840 semper
352 4768 513 4840 praeclarus,
527 4785 639 4842 semper
655 4769 776 4836 lucidus,
791 4784 904 4841 semper
944 4781 996 4838 per
1013 4765 1042 4819 in
1057 4765 1173 4827 lumine,
1196 4763 1269 4818 aiter
1294 4763 1324 4817 in
1348 4761 1472 4818 tenebris
1496 4761 1668 4817 obversatur.
1687 4763 1746 4818 Nec

111 4855 233 4926 egregius
245 4861 298 4911 est.
945 4853 1049 4909 mirum
1059 4853 1088 4909 id
1104 4853 1227 4925 quidem.
1243 4853 1334 4908 'lanta
1349 4857 1394 4907 est
1412 4851 1487 4906 enim
1508 4850 1588 4907 illius
1608 4849 1745 4906 oblecticii

109 5047 155 5088 nec
167 5049 231 5090 eum
241 5051 260 5089 a
270 5051 382 5093 summo
396 5051 493 5091 amore
504 5036 666 5108 disjungere
680 5035 832 5107 cujuslibet
840 5053 902 5090 ma·
945 5046 1055 5102 cunque
1064 5030 1200 5102 tetigerit,
1208 5030 1305 5086 statim
1314 5029 1459 5085 illuminet
1468 5035 1498 5084 ct
1510 5029 1643 5084 accendat
1660 5047 1666 5082 :
1682 5043 1745 5099 qum

110 5121 169 5178 liiie
188 5124 265 5180 vaiet
275 5123 451 5197 improbitas.
469 5124 528 5181 Scit
541 5125 617 5180 enim
631 5124 661 5179 in
674 5123 821 5180 Dominica
836 5140 905 5180 areu
945 5119 1368 5191 verosuojudicaveritindigua
1376 5124 1516 5186 contactu,
1524 5118 1554 5172 in
1564 5115 1744 5186 suacaiigine

109 5229 189 5284 grana
202 5216 278 5270 inter
287 5213 384 5288 paleas
392 5229 517 5288 gemere,
528 5229 651 5270 neceam
662 5219 793 5286 oportere
802 5213 903 5269 divium
945 5209 1096 5264 tenebrosa
1113 5214 1142 5264 et
1159 5208 1263 5281 frigida
1276 5213 1465 5281 perseverent.
1479 5206 1537 5261 Cur
1549 5221 1615 5260 vero
1634 5220 1668 5258 ex
1686 5217 1745 5258 una

17 5309 18 5352 i
110 5301 456 5366 discussionisveutilabro,
470 5302 524 5359 nisi
538 5303 569 5358 in
579 5303 635 5359 fine
649 5303 754 5370 saecuii,
771 5318 904 5374 permun·
945 5299 1111 5372 perditionis
1124 5298 1351 5355 massaomnium
1364 5298 1511 5353 hominum
1520 5310 1610 5366 genus
1619 5308 1743 5350 emerse-

17 5401 18 5404 ’
109 5392 162 5447 dari
171 5412 179 5447 τ
188 5393 241 5448 scit
250 5393 281 5448 in
300 5392 432 5464 prasenti
447 5391 589 5464 piscatura
602 5392 680 5447 verbi
693 5407 798 5464 sagena
814 5389 903 5446 bonos
945 5388 992 5456 rit,
1004 5393 1032 5444 et
1046 5387 1176 5460 originali
1186 5393 1300 5460 peccato
1313 5387 1476 5459 priusquam
1486 5385 1670 5438 renascantur
1682 5399 1744 5439 om-

110 5481 247 5557 malosque
256 5483 348 5556 pisces
355 5483 492 5546 concludi,
500 5498 552 5538 nec
566 5499 614 5538 eos
626 5499 708 5555 posse
719 5482 775 5537 nisi
787 5481 817 5536 ιιι
829 5479 905 5535 ιιιιο.
946 5495 997 5534 ιιι
1011 5482 1162 5533 teneantur
1169 5476 1293 5540 obnoxii,
1309 5493 1360 5532 cur
1373 5473 1435 5530 aliis
1448 5472 1542 5544 gratia
1555 5471 1745 5530 conversionis

109 5585 136 5628 ιι
148 5573 281 5656 separari.
298 5573 345 5636 Sic
360 5589 427 5645 ergo
442 5571 577 5646 debemus
599 5572 728 5644 animum
748 5569 902 5637 moderari,
945 5567 1042 5625 diviua
1054 5566 1240 5640 inspiratione
1253 5569 1412 5636 prestetur,
1424 5561 1577 5620 aiiiautem
1591 5563 1746 5637 inproprie
