3896 6170
228 221 300 282 1155
736 217 766 272 S.
786 217 982 274 GUlLLELMl
1001 217 1158 276 ffl'l'ffi
1177 219 1348 277 HIRSAUG.
1758 227 1812 287 iffi
1903 226 1904 249 ¹

233 353 311 426 suut,
322 347 480 422 primumn
503 343 596 416 primo
615 341 779 398 discrimine
796 342 832 396 ed
852 342 987 413 primum,
1001 343 1164 407 laudense
1180 347 1272 402 tenaci
1297 348 1444 404 maone
1468 347 1630 416 cummim
1647 351 1695 422 qui¹
1707 353 1815 409 marinas

230 443 284 504 est,
299 432 334 492 ab
348 435 429 506 mad
444 451 472 488 a„
487 432 638 488 secundam
653 432 803 493 aseouudo
817 431 852 486 ad
862 433 1027 498 secundum,
1069 441 1213 490 emortum
1228 435 1345 490 seientia
1354 436 1590 510 devitatur,quam
1599 438 1734 508 ignorantia
1745 441 1815 496 incar·

228 526 258 584 id
271 521 324 590 est,
336 542 356 579 s
377 525 410 580 B.
427 523 458 578 in
482 523 504 595 b.
530 521 693 588 ascendere,
709 520 804 591 sieque
822 521 972 577 senritonio
986 523 1029 576 vel
1069 525 1153 578 riter.
1170 526 1241 580 item
1256 527 1437 580 tetrachorda
1451 526 1601 597 principale
1613 535 1640 582 et
1651 529 1771 591 excellens,
1783 547 1817 584 su·

230 619 297 670 tono
307 630 357 686 per
366 612 480 668 ordines
489 611 648 665 litterarum
658 610 803 676 scandere,
812 610 900 664 donec
909 611 1031 682 septima
1071 613 1181 682 periori·
1198 629 1232 668 ea
1256 614 1449 678 mediante,si
1475 615 1615 670 ediverso
1637 617 1752 677 anaim-as.
1770 619 1817 672 aliae
1904 685 1905 692 ἵ

227 702 299 776 ing.
317 707 484 774 superacuta
499 700 625 754 finiatur.
964 756 967 767 ,
1071 707 1192 772 quatuor
1206 703 1312 774 species
1324 703 1459 775 diapason
1478 705 1613 759 consimili
1633 709 1726 762 aetem
1740 715 1819 762 ornato

267 785 358 854 Onus.
375 792 403 846 Si
415 799 457 856 tu,
470 807 553 862 quem
568 797 677 844 naturae
690 789 797 844 Niliaco
812 788 1032 843 ionteoccultio·
1070 791 1255 862 apparebunt.
1270 793 1367 846 Prima
1379 793 1455 848 item·
1468 793 1600 864 diapason
1621 795 1818 866 speeiesaprima

229 882 271 946 ris
294 879 541 952 investigatoribus
567 897 624 934 non
646 880 742 950 paucis
764 879 845 934 facile
865 881 1029 950 pertulerim
1071 880 1197 934 hoedum
1215 881 1246 934 lt.
1271 887 1301 935 et
1321 897 1340 934 a
1366 881 1459 952 prima
1472 882 1659 938 excellentium
1676 884 1701 936 d.
1715 883 1819 954 qnoniam

231 969 265 1045 [l.
279 971 462 1044 praetulerim]
477 969 550 1025 hane
562 969 718 1040 specierum
738 967 873 1040 diapason
892 969 1031 1025 constitu·
1071 985 1188 1024 numero
1211 970 1337 1041 duplices
1358 978 1434 1034 sunt,
1458 971 1532 1026 sicut
1543 977 1572 1025 et
1584 972 1819 1042 quarta‘oonu'netar,

231 1061 339 1118 donem
353 1077 396 1128 es,
413 1076 469 1131 qus
489 1059 652 1131 promisisti,
675 1058 785 1116 ratione
807 1056 978 1129 probaveris,
1000 1057 1030 1112 id
1071 1057 1120 1112 sed
1131 1057 1187 1113 alio
1206 1059 1368 1114 medietatis
1389 1060 1509 1126 vinculo,
1523 1061 1626 1115 scilieet
1636 1061 1715 1132 prima
1726 1062 1822 1132 supano

231 1155 285 1218 est,
300 1150 374 1222 quod
388 1166 405 1204 a
419 1148 621 1220 principalibus
631 1147 816 1202 tetrachordis
830 1147 965 1202 inoffenso
980 1163 1033 1201 naa
1070 1163 1133 1201 rum
1148 1163 1175 1201 a.
1192 1149 1342 1204 medietate
1351 1149 1734 1220 compaginetur.Secundasb
1745 1149 1822 1204 utrivis

230 1239 332 1294 turalis
346 1237 452 1292 ordinis
467 1238 538 1309 pede
562 1253 713 1308 progressa
734 1236 781 1298 sit,
797 1235 867 1291 nihil
885 1243 937 1300 est,
955 1237 1030 1306 quod
1071 1251 1128 1306 que
1139 1237 1327 1292 tetrachordis
1340 1239 1518 1302 secundis'id
1532 1247 1575 1293 est
1589 1240 1619 1294 E.
1632 1245 1687 1294 ete.
1701 1239 1822 1302 cohibetur,

230 1329 306 1384 ultra
320 1329 354 1382 de
368 1327 413 1382 his
428 1343 552 1398 querere
566 1325 701 1381 laborem.
1071 1331 1101 1378 et
1114 1342 1131 1380 a
1145 1328 1268 1382 secundis
1281 1327 1458 1399 superiorum
1474 1328 1825 1399 ammonetur-renisam-

266 1413 361 1472 Wmu.
373 1417 491 1488 Antiqui
505 1421 536 1470 et
548 1415 675 1470 moderni
691 1415 805 1470 musice
818 1414 889 1468 artis
902 1419 1031 1471 auctores
1071 1413 1130 1482 tiis,
1145 1415 1174 1470 id
1190 1421 1234 1471 est
1244 1415 1274 1470 F.
1290 1421 1320 1471 et
1332 1417 1352 1470 i.
1375 1417 1585 1486 constringitur,
1600 1416 1825 1487 sed-asuperioruu

233 1507 325 1562 multa
353 1506 491 1577 scripsere
518 1503 685 1576 probabilia,
700 1504 790 1558 multa
808 1503 889 1558 utilis
907 1510 937 1558 et
951 1503 1030 1558 valde
1074 1505 1161 1558 tortie'
1177 1521 1202 1559 c.
1219 1505 1830 1576 distinguituriiuartailemsquamisides

234 1595 403 1658 necessaria,
421 1590 488 1665 quin
503 1593 590 1648 immo
609 1594 715 1664 primas
730 1593 856 1663 ejusdem
870 1592 939 1646 artis
952 1591 1031 1647 inve-
1073 1590 1107 1646 G.
1121 1600 1149 1647 et
1161 1609 1192 1663 g.
1204 1594 1462 1664 comprehenditur,
1473 1601 1502 1648 et
1516 1601 1643 1666 aqnerta
1654 1592 1802 1664 superiorum
1808 1591 1829 1644 d.

230 1700 299 1740 nere
312 1701 406 1749 venas,
415 1683 506 1756 ipsum
516 1699 627 1754 quoque
636 1681 866 1752 limpidissimum
882 1681 1030 1746 iontem,id
1041 1669 1263 1760 B'connectimr.
1289 1683 1390 1737 Nonne
1403 1684 1500 1754 primae
1514 1684 1647 1754 diapason
1659 1682 1755 1754 species
1766 1689 1789 1734 et
1799 1681 1831 1733 di·

232 1779 285 1840 est,
300 1771 455 1846 principale
468 1772 678 1826 tetrachordum
703 1771 823 1841 quodam
838 1768 1030 1840 Peripateticae
1073 1771 1169 1826 oeadse
1182 1779 1257 1836 sunt,
1275 1779 1304 1825 et
1315 1788 1388 1827 verre
1401 1779 1479 1841 sunt,
1492 1785 1555 1844 quae
1568 1789 1586 1826 a
1599 1772 1693 1844 primis
1702 1769 1795 1826 mordis
1811 1775 1833 1822 et

230 1861 350 1921 rationis
371 1877 405 1915 ex
429 1865 508 1932 parte
534 1859 664 1914 detexere
683 1845 811 1922 fossorio,
828 1858 894 1912 licet
916 1858 1030 1928 quidam
1073 1861 1253 1916 extremitate
1267 1861 1456 1924 scrutinentur,
1474 1866 1503 1916 et
1517 1862 1667 1916 medietate
1688 1859 1833 1929 distinguun-

233 1951 348 2006 illarum
362 1955 484 2021 quatuor
498 1965 604 2015 rerum,
620 1949 650 2004 ia
665 1947 767 2020 quibus
783 1947 853 2001 artis
871 1946 1032 2017 hujusmodi
1072 1955 1129 2016 tur,
1141 1955 1170 2004 et
1180 1966 1198 2004 a
1208 1950 1306 2021 primis
1316 1951 1458 2006 minorum
1465 1951 1709 2006 consonantiarum
1720 1946 1833 2019 spedebm

233 2057 345 2096 summa
359 2039 497 2104 consistit,
513 2038 717 2109 aliquantisper
725 2038 859 2092 turbante
872 2035 1033 2106 ignorantia
1073 2039 1283 2096 instituuntur?
1297 2041 1341 2094 Aa
1357 2057 1419 2111 qua
1442 2056 1461 2094 a
1478 2040 1621 2106 secundm,
1634 2035 1835 2110 quassamus,

232 2144 290 2184 nou
304 2129 465 2209 perspicuos
492 2128 557 2182 inde
580 2127 699 2182 haustus
720 2126 940 2197 propinaverint.
953 2125 1033 2180 Unde
1073 2127 1132 2180 sive
1146 2143 1162 2182 a
1177 2126 1285 2198 quartis
1298 2128 1396 2184 eode'm
1412 2128 1496 2182 modo
1508 2128 1704 2191 informantur,
1720 2141 1769 2180 non
1786 2129 1838 2178 sant·

233 2232 286 2270 nos
300 2232 351 2287 per
365 2215 462 2270 ornnia
483 2213 680 2268 venerabiliter
702 2214 758 2268 illis
781 2229 939 2284 assurgere,
955 2219 984 2268 et
1006 2213 1032 2268 si
1074 2216 1175 2270 merito
1192 2217 1321 2272 secundm
1334 2216 1378 2272 vel
1392 2216 1546 2280 tertioe,vel
1561 2215 1682 2288 quartu?

232 2304 300 2376 quid
315 2303 458 2360 turbidum
481 2303 636 2365 hauserint,
662 2303 773 2358 cautius
785 2303 953 2374 perspicere,
970 2319 1031 2374 per·
1107 2306 1184 2360 &rue
1208 2306 1318 2362 Potenti
1328 2311 1357 2360 et
1371 2305 1552 2378 insuperabili
1567 2305 1676 2361 ratium
1687 2299 1795 2375 probasti
1805 2315 1837 2362 tta

116 2423 119 2428 ·
230 2392 862 2468 spectumquehumillimepurgareoportet:
879 2392 954 2462 quod
968 2397 1029 2446 tum
1071 2411 1136 2465 quae
1149 2395 1304 2465 promisisti
1329 2413 1335 2450 :
1364 2395 1414 2450 sed
1434 2405 1530 2466 perge,
1555 2401 1668 2467 quasso,
1682 2390 1839 2454 valedicunt

230 2483 261 2538 in
269 2489 402 2558 promptu
414 2482 503 2547 eritsi
516 2482 601 2536 Patre
609 2482 748 2536 luminum
760 2481 1029 2548 donante,lueidsm,
1075 2483 1195 2538 Domino
1206 2485 1324 2554 juvante
1341 2484 1377 2538 ad
1402 2485 1532 2539 ellectu·
1558 2483 1653 2555 operis
1670 2480 1840 2554 penennore

233 2577 266 2626 ut
278 2570 383 2642 incepi,
398 2587 455 2626 non
484 2571 576 2624 solum
600 2570 757 2641 specierum
781 2569 925 2640 diapason.
946 2585 1030 2639 quam
1072 2573 1142 2629 leam
1234 2640 1237 2646 Ι

230 2662 367 2734 postulas,
381 2663 430 2717 sed
444 2666 474 2716 ct
486 2662 613 2716 omnium
634 2661 695 2732 pari
710 2662 793 2716 modo
806 2659 1031 2718 memorabilium
1108 2659 1203 2715 ers.
1219 2661 1319 2732 ltaque
1327 2667 1390 2717 octo
1403 2661 1547 2732 speciebus
1562 2659 1726 2716 naturaliter
1735 2655 1842 2712 consitu-

232 2735 354 2823 quetuor
368 2768 465 2806 rerum
477 2751 578 2805 seriem
593 2749 839 2805 indissociabiliter
863 2749 916 2804 sibi
940 2751 1032 2806 cohm-
1073 2750 1109 2804 tis
1124 2749 1247 2817 illorum,
1264 2767 1334 2822 quos
1357 2751 1471 2806 abusive
1483 2757 1567 2808 tonos
1580 2751 1688 2814 dieunt,
1700 2753 1756 2802 octo
1766 2751 1841 2815 napo

229 2847 342 2898 rentem
356 2858 388 2896 ex
402 2846 461 2896 tam
477 2840 627 2914 purissimo
638 2856 725 2910 quum
741 2839 886 2895 verissimo
898 2840 974 2894 brute
984 2857 1032 2896 na·
1073 2855 1136 2894 rum
1151 2840 1289 2894 naturalis
1304 2839 1395 2894 oritur
1409 2840 1567 2911 dispositio,
1579 2840 1657 2894 haut
1666 2845 1777 2910 quatuor
1787 2835 1844 2904 prio·

231 2915 304 2992 turae
314 2931 480 3002 produxere.
499 2931 562 3004 lpse
576 2929 651 2984 enim
666 2930 740 2984 sicut
758 2946 821 2983 mox
836 2929 932 2984 audita
946 2936 1031 2984 ostu-
1072 2941 1118 2982 res
1134 2929 1163 2982 in
1180 2935 1303 3000 quatuor
1317 2929 1487 3001 subjugales,
1503 2935 1532 2984 et
1546 2937 1670 3001 quatuor
1680 2931 1811 2998 sequente
1821 2921 1843 2974 ir

231 3019 449 3091 ralispecierum
459 3019 634 3075 diatessaron
644 3011 809 3091 etdiapente
819 3020 1194 3092 constitutioneffqustuor
1213 3018 1391 3074 authenticos
1413 3024 1569 3074 transeant.
1595 3019 1626 3074 Si
1638 3017 1710 3073 enim
1722 3012 1796 3085 tropi,
1809 3008 1845 3082 qui

231 3107 300 3178 quia
314 3103 417 3184 inipso
427 3107 540 3179 quidem
555 3124 587 3162 cx
604 3107 745 3162 modernis
759 3108 903 3172 erraverit,
918 3108 1030 3178 judiea-
1072 3114 1195 3175 quatuor
1210 3113 1278 3162 sunt
1293 3108 1324 3162 iu
1338 3114 1442 3164 natura
1453 3107 1699 3179 prodiscernenda
1711 3111 1798 3160 cautam
1808 3116 1846 3152 va·

231 3196 283 3264 sti;
298 3196 338 3252 ite
354 3196 450 3252 statim
473 3203 620 3268 perspecta
635 3203 798 3251 caeterarum
816 3197 948 3268 puritate,
963 3196 1031 3267 quid
1074 3195 1176 3250 rietate
1202 3196 1232 3251 in
1256 3201 1320 3252 octo
1341 3196 1563 3256 distribuantur,
1591 3198 1649 3262 illa,
1666 3209 1727 3268 wat
1744 3191 1847 3264 morum

230 3284 263 3340 in
280 3285 320 3341 eis
340 3285 466 3358 priorum
489 3286 648 3356 ignorantia
671 3285 827 3340 turbaverit
849 3285 1033 3354 musicorum,
1076 3291 1199 3356 quatuor
1215 3285 1372 3356 specierum
1388 3287 1524 3357 diapason
1539 3285 1692 3357 primeest,
1704 3284 1730 3338 iu
1741 3279 1849 3350 subjuga·

232 3383 281 3430 aut
295 3392 346 3448 per
359 3383 388 3430 te
401 3381 532 3450 potenter
547 3375 691 3442 decernes,
707 3382 757 3429 aut
770 3393 815 3429 me
835 3375 1033 3430 decernentem
1072 3374 1556 3445 lemprotioonvertitur,secundain
1566 3373 1741 3446 mbjugatem
1750 3365 1849 3428 deutedv

232 3465 365 3520 velociter
387 3463 537 3535 intelliges.
568 3464 679 3535 Species
711 3464 846 3536 diapason
879 3463 1033 3520 meandum
1074 3479 1126 3520 nec
1143 3477 1200 3517 non
1217 3463 1334 3534 reliquae
1351 3463 1414 3520 duaa
1428 3463 1456 3518 iu
1471 3463 1541 3518 alios
1556 3464 1641 3529 duos,
1656 3461 1795 3517 utdictum
1807 3459 1848 3516 est·

231 3570 382 3610 numerum
396 3553 580 3626 troporumin
589 3553 766 3608 authenticos
780 3559 809 3607 et
817 3553 979 3624 subjugales
993 3552 1034 3607 di·
1074 3551 1204 3606 similiter
1217 3552 1274 3616 illa,
1290 3567 1352 3624 qua
1361 3553 1390 3606 in
1401 3550 1584 3624 sequentibus
1597 3557 1718 3624 quatuor
1729 3543 1851 3620 speciebus

232 3643 409 3722 stinctorum,
424 3649 487 3698 octo
498 3659 570 3706 esse,
595 3650 696 3698 nature
715 3649 889 3696 monstrante
911 3641 1031 3696 maniss-
1073 3639 1167 3711 prima
1180 3646 1233 3704 est,
1243 3651 1305 3711 qu'ae
1319 3641 1394 3696 inter
1405 3641 1438 3696 D.
1455 3646 1484 3695 et
1498 3641 1524 3694 d,
1541 3639 1744 3702 continetur,in
1753 3633 1851 3690 authen

231 3739 307 3788 stum
322 3738 375 3788 est.
395 3732 462 3797 Qua
477 3739 573 3786 menen
597 3731 736 3786 naturalis
755 3731 866 3786 nurneri
880 3731 980 3786 ordine
991 3729 1032 3784 ita
1073 3729 1159 3784 ticum
1174 3735 1289 3808 protum
1301 3731 1485 3797 transfertur,
1501 3729 1626 3784 secunda
1641 3729 1669 3782 ln
1683 3723 1851 3782 authenticum

231 3821 426 3898 computandae
448 3837 507 3876 non
527 3825 603 3880 sunt,
619 3826 651 3876 ut
676 3819 752 3874 dicas
774 3819 874 3891 prima,
897 3819 1030 3876 secunda.
1072 3817 1232 3881 deuterum,
1244 3825 1274 3872 et
1287 3819 1353 3874 item
1366 3823 1473 3874 caterua
1487 3819 1550 3874 duoe
1563 3819 1594 3872 in
1605 3821 1778 3872 remanentes
1787 3812 1851 3866 duos.

231 3911 324 3966 tertia.
343 3916 453 3982 quarte.
471 3909 579 3981 quinta,
594 3915 682 3971 sexta,
692 3915 721 3964 et
730 3909 770 3964 sic
784 3911 819 3963 ed
830 3915 956 3964 octavam
967 3925 1030 3979 per·
1073 3907 1101 3962 Si
1115 3924 1180 3962 vero
1196 3908 1235 3962 ita
1249 3907 1446 3978 disponuntur.
1456 3914 1487 3963 ut
1497 3903 1794 3978 quisqueauthenticus
1803 3901 1852 3968 juu-

230 4001 347 4056 veuias:
365 4001 414 4054 scd
427 4008 491 4071 post
508 4007 629 4074 quatuor
643 3999 745 4054 iterum
760 3999 822 4054 aliae
835 4005 964 4068 quatuor,
974 4014 1032 4052 nen
1071 4001 1117 4050 cto
1131 3995 1185 4050 sibi
1200 3995 1340 4068 subiugeli
1350 4013 1403 4052 suo
1418 4010 1492 4052 unus
1506 3996 1704 4052 indifferenter
1717 4001 1806 4064 tropus
1817 3989 1854 4041 lu·

231 4106 249 4144 a
264 4088 372 4169 quinta,
385 4090 436 4146 sed
447 4087 840 4162 apriuaadermoineipientes
850 4087 1033 4142 numerandas
1073 4085 1182 4150 beatur,
1197 4093 1226 4142 at
1240 4092 1345 4142 exooto
1361 4086 1530 4141 naturaliter
1543 4093 1671 4158 amnon
1688 4087 1755 4140 hant
1767 4079 1856 4152 emtis!

230 4185 334 4235 suntet
345 4177 680 4249 constituendaelgitursi
693 4175 1030 4248 tetrachordoprinoipele
1072 4191 1186 4254 quoquo
1198 4175 1418 4246 diapasom,quss
1428 4175 1647 4232 authenticuset
1655 4169 1856 4246 subjugaliseius

231 4284 264 4324 ac
278 4269 409 4340 superius
424 4268 564 4339 eregione
574 4283 721 4339 compares
728 4265 958 4337 etJungosiinali
972 4281 1031 4319 me·
1073 4263 1126 4318 sibi
1140 4264 1292 4327 vindicant,
1307 4270 1337 4319 et
1349 4265 1573 4325 undenonstant.
1583 4264 1668 4336 jungi
1684 4269 1713 4320 et
1725 4255 1856 4318 coadunavi

232 4357 370 4416 dietmum
392 4364 421 4412 et
442 4355 620 4412 vinculorum
639 4356 698 4411 vice
721 4354 899 4426 interposito,
910 4360 1033 4426 quatuor
1072 4367 1186 4408 neeesse
1200 4359 1253 4410 ess.
1269 4353 1353 4410 verta
1366 4353 1462 4424 gretia
1482 4371 1488 4407 ι
1509 4353 1539 4409 iu
1552 4360 1672 4425 motum
1686 4351 1858 4408 telmessum

233 4446 341 4518 species
355 4447 494 4518 diapasoa
507 4446 617 4508 exinde,
633 4461 705 4516 quas
718 4444 873 4509 desideras,
894 4442 1041 4498 naturalis·
1072 4442 1254 4502 statuendum
1275 4449 1402 4514 quatuor*
1411 4442 1537 4515 priorum
1557 4449 1588 4498 et
1609 4449 1734 4514 quntum
1755 4452 1859 4508 sequen

231 4541 311 4614 ortus
331 4541 361 4591 et
374 4535 482 4591 ordinis
495 4535 596 4590 decore
614 4535 773 4612 procedent.
797 4533 923 4604 Denique
940 4533 1043 4604 prime
1072 4531 1144 4588 tium
1158 4532 1316 4604 specierum
1330 4533 1398 4590 doe
1412 4533 1512 4604 prime
1532 4537 1719 4598 concurrunt,
1732 4543 1796 4594 usa,
1809 4539 1860 4597 qun

231 4621 339 4696 species
361 4625 498 4700 diapason
515 4639 533 4678 a
551 4622 643 4696 prima
666 4623 795 4696 gravium
812 4624 846 4678 A.
867 4627 897 4676 et
909 4638 929 4676 a
940 4622 1032 4694 prima
1072 4626 1116 4675 est
1132 4620 1167 4675 ab
1181 4622 1215 4676 Α.
1231 4621 1414 4688 insultem,
1431 4637 1493 4692 qum
1506 4626 1551 4676 est
1564 4639 1583 4676 a
1595 4622 1630 4676 D.
1648 4621 1718 4676 inda
1732 4620 1764 4675 in
1775 4617 1860 4672 deuse

231 4713 407 4787 superiorum
423 4729 449 4766 a.
465 4711 635 4776 continetur,
649 4718 681 4766 et
693 4729 714 4766 a
734 4712 829 4783 prima
849 4711 977 4766 iirmbsm
995 4712 1029 4766 D.
1072 4725 1136 4764 rum
1152 4707 1862 4782 indiscrete·componendumutmrutoquaquabmr

230 4797 384 4858 medietate
396 4799 589 4874 distinguitur.
613 4800 741 4856 Secunda
755 4800 823 4854 item
837 4799 873 4854 ab
883 4799 1031 4870 utriusque
1072 4799 1229 4869 specierum
1246 4799 1375 4855 secundm
1388 4799 1567 4860 oonreoiuut,
1579 4815 1714 4871 unaque
1722 4794 1826 4852 δια-Β.
1837 4791 1862 4843 io

228 4889 415 4946 tretracbordi
425 4890 569 4954 secundis,
583 4890 614 4945 id
626 4897 670 4944 est
683 4889 713 4946 B.
730 4896 759 4943 et
771 4889 794 4960 b.
816 4889 1031 4960 comprehendi·
1072 4889 1085 4960 d
1104 4888 1191 4944 altera
1208 4905 1270 4960 quoe
1285 4895 1328 4944 est
1341 4888 1380 4944 ab
1400 4889 1430 4942 li.
1455 4889 1516 4944 ine
1541 4887 1573 4944 In
1587 4889 1694 4944 tritum·
1704 4879 1862 4956 mmonctiu

229 4965 287 5044 tur,
299 4985 328 5033 et
341 4997 359 5034 a
369 4979 492 5034 secunda
504 4979 632 5032 finalium
648 4978 679 5032 E.
691 4971 876 5033 connectitur.
887 4975 957 5032 item
972 4983 1031 5032 ter·
1072 4976 1282 5032 informandum
1303 4978 1452 5049 uniusque
1462 4977 1568 5032 ordinis
1583 4978 1680 5033 tertio
1692 4979 1800 5032 coeunt·
1815 4984 1864 5024 Μ

227 5069 268 5124 tia
282 5085 299 5122 a
312 5068 413 5130 tertiis,
431 5069 458 5122 id
472 5075 515 5122 est
525 5067 555 5122 C.
568 5073 627 5122 etr.
644 5066 814 5137 irnplicatur,
829 5072 857 5121 ct
870 5083 887 5120 a
901 5067 1027 5122 finalium
1072 5082 1133 5137 quoe
1147 5067 1238 5122 estub
1252 5067 1283 5122 O.
1298 5067 1327 5122 in
1341 5085 1369 5122 or
1385 5069 1474 5122 altera
1485 5084 1546 5138 qum
1560 5073 1604 5124 est
1620 5083 1638 5120 a
1652 5066 1684 5126 F.
1701 5065 1731 5120 in
1745 5064 1763 5116 i.
1779 5060 1809 5116 ln
1825 5064 1860 5110 ts

226 5159 312 5214 tertia
324 5159 354 5212 F.
371 5157 561 5228 conjungitur.
575 5158 681 5220 Quarta
695 5156 762 5210 item
776 5173 797 5209 a
813 5156 930 5228 quartis,
946 5156 1029 5210 idest
1069 5156 1200 5210 trandum
1209 5156 1299 5210 siusili
1312 5157 1396 5212 ruodo
1408 5156 1635 5212 continuandum
1643 5161 1757 5226 quarte
1771 5145 1865 5206 abobi·

203 5245 261 5304 ⁹1).
277 5254 306 5304 et
319 5249 347 5304 d.
357 5247 520 5309 includitur,
537 5253 566 5300 et
579 5253 711 5316 aquaria
727 5246 853 5302 linalium
864 5247 897 5300 G.
913 5245 1026 5316 propria
1067 5260 1122 5315 que
1144 5261 1174 5298 se
1194 5251 1356 5311 conserunt,
1381 5262 1443 5302 una
1461 5261 1524 5316 quoe
1544 5250 1588 5300 eat
1610 5243 1679 5300 a-l).
1692 5243 1766 5298 ind
1783 5238 1865 5293 alteru

226 5337 351 5420 atiquasi
363 5335 534 5392 hereditaria
548 5333 700 5407 metimque
710 5335 778 5390 sede
791 5333 957 5391 vinculatur.
967 5335 1024 5390 llas
1066 5348 1128 5403 qus
1141 5337 1186 5387 est
1198 5349 1216 5387 a
1230 5333 1266 5388 G.
1280 5333 1311 5387 in
1320 5351 1348 5404 g.

225 5433 326 5484 summ
349 5425 472 5504 duasD.
496 5429 527 5480 et
550 5423 578 5478 d.
601 5422 735 5480 biformes
757 5440 820 5480 esse
839 5424 1022 5496 acduptices,

224 5497 469 5601 pemeoeesariuru
477 5512 1021 5586 est,utsepiusrecogitndormainas,
