3856 6176
82 323 118 381 ιιι
513 317 679 373 ΙιΕΟιιΕΤΑ
697 315 769 372 PRO
788 313 926 372 ORDINE
945 315 974 370 S.
994 313 1197 373 acmantum.
1626 325 1681 386 494

104 447 126 503 Si
138 463 191 500 rere
204 461 289 516 super
303 444 448 517 corporale
463 443 733 515 velsuperaliquem
749 439 923 500 bone-Auel
952 447 1036 512 caput
1059 441 1164 508 abluat,
1181 443 1224 496 rel
1252 459 1362 515 ungues
1385 447 1500 514 ineidat,
1525 466 1577 505 nec
1598 456 1679 508 entra

79 542 134 592 eura
144 550 255 607 pennum
274 533 390 605 sanguis
410 531 551 594 ceriderit,
569 539 733 602 certumque
755 530 840 586 fuerit
880 528 1033 585 claustrum
1048 530 1109 586 sine
1122 530 1234 586 licentia
1246 530 1286 587 ire
1305 542 1468 606 praesumat.
1489 539 1590 595 Finitis
1605 542 1679 613 psal-

78 624 250 697 quoeeciderit.
262 639 328 694 pars
343 623 393 678 illa
403 621 488 693 panni
502 621 533 675 in
543 620 637 691 aliquo
648 619 734 679 culice
744 618 840 674 ablua-
880 618 934 672 mis
950 619 1024 673 dicat
1038 619 1134 686 abbas,
1150 620 1193 675 vel
1207 621 1285 691 prior
1308 626 1468 692 Benedictio,
1495 633 1524 682 et
1543 645 1678 702 responso

78 723 118 778 uu,
126 719 150 767 et
159 709 527 783 primaablutioalratribus
536 709 712 771 absumatur,
725 708 839 778 reliqum
880 709 1024 774 Dominus,
1045 715 1143 780 postea
1160 709 1321 780 loquantur.
1338 714 1416 769 Tunc
1436 715 1538 772 lesciva
1556 717 1586 772 in
1599 719 1676 774 clau-

76 802 164 856 duein
188 801 338 855 sacrarium
362 799 556 871 projiciantur.
579 799 611 852 ln
636 797 727 869 primo
743 802 838 853 autem
879 803 970 853 strum
994 799 1146 866 deleratur,
1166 801 1256 870 etqui
1277 799 1436 876 rultcaput
1457 807 1540 872 lavet,
1557 808 1677 880 quisque

77 891 171 962 capitulo
182 889 252 943 dicta
267 888 358 960 culpa,
381 887 410 942 hi
432 887 484 941 soli
506 893 628 952 tantum,
649 902 769 958 quorum
789 902 839 940 ne·
880 886 1045 947 sibi,nullus
1059 887 1117 952 alii,
1128 893 1231 960 preter
1241 891 1390 961 magistros
1401 893 1602 968 infantum,qui
1610 915 1677 969 par-

75 979 181 1052 pigeatis
193 979 243 1032 hoc
256 977 358 1044 evenit,
367 976 558 1048 supradictam
567 975 744 1047 disciplinam
755 975 840 1030 susti·
881 976 953 1054 tgulis
968 976 1073 1048 pueris,
1094 976 1142 1048 qui
1157 977 1186 1032 id
1201 993 1257 1032 uon
1270 993 1396 1050 possunt,
1413 983 1506 1055 eapite
1519 985 1613 1041 lavare
1629 988 1677 1043 de·

77 1076 153 1135 neaut;
171 1069 266 1122 fratres
275 1082 341 1121 vero
351 1082 449 1120 omues
458 1070 566 1136 septem
579 1065 702 1135 psalmos
716 1080 780 1118 cum
792 1080 839 1118 ca·
880 1065 957 1122 bant.

76 1158 156 1230 pitulis,
175 1167 202 1212 et
224 1156 351 1223 collecta,
375 1155 448 1211 sicut
471 1155 602 1226 superius
621 1154 725 1210 dietum
741 1159 793 1222 est,
809 1153 837 1208 in
916 1153 1015 1208 Frater
1029 1154 1096 1209 dum
1113 1153 1232 1224 raditur,
1244 1156 1267 1211 si
1289 1156 1401 1228 signum
1415 1159 1450 1213 ad
1462 1160 1562 1216 horam
1576 1179 1678 1220 sonue-

77 1245 215 1300 nomsterio
227 1245 332 1300 dicant.
347 1245 377 1300 Si
391 1245 452 1317 ipsa
466 1245 512 1299 die
526 1245 622 1300 Brevis
636 1262 686 1316 pro
708 1245 839 1300 defuncto
881 1243 928 1306 rit,
943 1242 1044 1298 induat
1056 1244 1194 1302 cucullam
1213 1261 1299 1315 super
1317 1245 1451 1317 froccum,
1478 1253 1506 1304 et
1529 1258 1629 1323 pergat
1649 1253 1680 1308 in

76 1334 322 1405 incapitulclectus
337 1333 431 1400 luerit,
457 1333 534 1404 prius
556 1339 659 1389 canant
684 1334 765 1388 Verbo
780 1350 840 1388 meo
880 1332 997 1388 chorum
1012 1333 1034 1387 si
1049 1337 1144 1388 tamen
1159 1334 1273 1390 omnino
1298 1334 1413 1391 barbam
1432 1354 1525 1392 rasam
1546 1347 1596 1396 aut
1619 1358 1680 1398 om-

75 1421 208 1494 pergentes
202 1439 228 1476 ιιι
244 1421 405 1477 ecclesium·
400 1429 519 1494 postea
531 1429 638 1494 septem
652 1422 806 1493 psalmos
785 1439 840 1476 arc
880 1421 948 1476 nino
961 1421 1051 1476 adhuc
1064 1421 1199 1476 intactam
1209 1422 1304 1490 babet
1324 1425 1450 1497 alioquin
1470 1433 1549 1482 extra
1563 1429 1682 1486 chorum

76 1517 98 1567 ut
108 1512 218 1583 superius
232 1511 340 1566 dictum
356 1516 407 1565 est.
883 1515 997 1565 maneat
1021 1511 1084 1581 lpso
1095 1510 1140 1564 die
1155 1528 1210 1582 quo
1225 1529 1256 1566 se
1274 1513 1380 1568 radunt
1405 1515 1507 1572 iratres
1528 1534 1638 1590 mappae
1651 1519 1682 1574 in

100 1601 122 1656 Si
133 1601 249 1656 reroalic
259 1601 355 1672 aliquo
368 1600 491 1656 modode
502 1601 555 1656 hoc
566 1606 743 1656 sacramento
754 1599 842 1655 levior
882 1599 1029 1653 refectorio
1049 1598 1190 1654 mutandae
1204 1605 1280 1655 sunt.
1303 1601 1373 1656 Aliis
1388 1603 1487 1658 diebus
1501 1607 1614 1677 quando
1629 1607 1683 1663 lra-

75 1691 215 1761 negligentia
228 1690 362 1756 evenerit,
378 1707 411 1744 ιι
430 1690 538 1760 judicie
553 1689 662 1744 abbatis
677 1690 719 1749 vel
740 1689 841 1761 prioris
882 1687 960 1741 tres'
953 1704 982 1741 ιιι
994 1688 1116 1742 claustro
1130 1689 1295 1760 loquuntur,
1316 1691 1364 1762 qui
1380 1708 1493 1748 necesse
1514 1693 1601 1750 habet
1619 1702 1683 1752 ton·

74 1779 151 1832 leniori
169 1779 288 1835 vindicta
312 1779 409 1845 irater,
426 1780 506 1849 cujus
519 1780 602 1851 eulpa
615 1779 668 1834 boc
680 1779 840 1850 eontigerit,
852 1759 943 1831 Βιιιιι
951 1776 1060 1849 potest
1053 1778 1220 1845 inclausum
1228 1779 1278 1834 sed
1288 1796 1339 1852 per
1347 1780 1493 1838 licentiam
1503 1782 1647 1840 abbatis
1624 1801 1682 1842 erre

75 1867 187 1938 puniatur.
882 1865 993 1938 prioris.

354 1957 472 2013 CAPUT
486 1957 535 2014 XI.
879 1989 887 2004 ·
1186 1955 1303 2013 CAPUT
1314 1957 1377 2016 Xll.

293 2047 332 2102 lle
343 2062 447 2101 rasura
456 2049 591 2114 fratrum.
1087 2044 1123 2099 Dc
1137 2049 1285 2114 scauuinir
1299 2051 1474 2108 minutione.

96 2135 200 2217 uncie
213 2134 333 2189 radendi
348 2139 415 2189 sunt
429 2132 529 2189 iratres
544 2135 626 2190 citius
647 2135 729 2190 sclito
752 2134 844 2206 pulse-
919 2132 1046 2188 Licentia
1070 2133 1217 2189 minuendi
1246 2137 1414 2207 sanguinem
1446 2141 1523 2195 omni
1555 2146 1684 2214 tempore

76 2231 110 2278 tur
120 2225 218 2295 signum
233 2225 271 2279 ad
288 2223 421 2295 primam,
429 2223 472 2277 rel
484 2223 520 2278 ad
535 2224 659 2282 tertiam
676 2224 700 2278 si
713 2223 775 2294 ipsa
788 2228 844 2277 ter·
884 2219 979 2274 statim
995 2225 1059 2290 post
1071 2220 1226 2292 capitulum
1241 2223 1362 2292 petenda
1375 2230 1427 2292 est,
1438 2231 1467 2280 et
1481 2227 1650 2285 cellerario
1643 2245 1685 2285 ur·

74 2311 169 2367 tiaame
182 2313 336 2385 capitulum
352 2311 407 2366 dici
421 2312 513 2367 debet.
529 2314 562 2368 ln
581 2312 704 2384 capitulo
718 2328 775 2367 non
794 2312 843 2367 diu
884 2308 1084 2364 dicandahora
1099 2309 1244 2366 minuendi
1254 2317 1313 2380 est
1330 2328 1359 2367 m
1370 2313 1473 2384 meme,
1489 2321 1553 2388 post
1567 2334 1685 2390 evange·

73 2401 172 2468 sedeam,
189 2403 237 2456 sed
252 2401 420 2456 necessariis
438 2402 523 2456 rebus
539 2401 676 2474 explicitis
695 2407 843 2473 surgentes
884 2397 952 2453 lium
972 2398 1086 2463 maioris
1101 2399 1207 2468 missae;
1230 2400 1259 2456 in
1279 2405 1386 2471 aestate,
1403 2409 1467 2476 post
1489 2421 1593 2462 nonam
1618 2411 1684 2463 ante

72 2490 160 2561 pulsata
172 2490 276 2556 tabula
290 2492 422 2562 dictoque
433 2493 582 2546 benedicite
596 2497 697 2546 exeant
708 2491 736 2545 in
752 2491 843 2546 claus-
884 2503 1030 2557 resperas,
1057 2487 1085 2541 in
1110 2488 1332 2560 Quadregesima
1346 2497 1409 2562 post
1420 2509 1560 2566 resperas.
1577 2497 1648 2552 Cum
1664 2496 1685 2552 ii

71 2584 138 2632 burn.
148 2580 268 2635 tutantes
281 2580 344 2651 ipsa
359 2580 404 2634 die
418 2579 573 2651 capitulum
586 2596 643 2634 non
657 2584 782 2646 teneant,
794 2581 844 2635 sed
886 2576 934 2646 qui
959 2573 1104 2631 minuendi
1128 2582 1196 2632 sunt
1209 2579 1324 2634 calceati
1349 2583 1561 2640 nocturnalibus
1575 2586 1634 2641 suis
1649 2587 1686 2644 ad

72 2668 147 2722 suum
159 2675 218 2740 post
230 2669 304 2723 alios
319 2675 428 2733 exeant,
446 2675 476 2723 et
494 2669 523 2724 in
537 2669 661 2723 scholam
684 2685 763 2724 suam
780 2685 844 2740 per·
885 2664 976 2720 locum
989 2665 1113 2749 quihuie
1131 2667 1209 2737 operi
1223 2667 1376 2739 deputatus
1395 2677 1439 2726 est
1458 2674 1595 2742 venerint,
1612 2675 1686 2731 versi

73 2763 125 2828 gant
135 2758 319 2815 residentibus
341 2758 458 2826 eunetis,
475 2765 503 2812 et
516 2759 552 2812 ad
568 2758 723 2813 radendum
740 2758 845 2830 paratis
886 2753 922 2807 ad
936 2753 1074 2808 orientem
1089 2760 1154 2809 ante
1169 2761 1197 2810 et
1209 2761 1285 2812 retro
1298 2758 1444 2828 inclinent,
1469 2762 1570 2818 deinde
1589 2764 1684 2837 priore

72 2845 165 2916 incipiat
177 2845 272 2914 abbas,
298 2852 350 2902 aut
369 2847 454 2918 prior,
468 2847 592 2918 quinque
607 2847 737 2918 psalmos,
757 2847 784 2901 id
803 2853 847 2902 est
887 2860 985 2898 eorum
995 2843 1146 2914 incipiente
1154 2860 1264 2900 versum
1277 2848 1356 2915 Deus,
1368 2851 1400 2904 tn
1408 2851 1582 2919 adjutorium
1590 2868 1685 2908 meum

75 2935 137 2988 terto
149 2953 205 2992 mea
218 2954 270 3009 pro
285 2935 436 2991 defunctis.
460 2935 595 2991 Sacerdos
608 2935 846 2990 hebdomadarius
887 2934 1008 2999 r'ntcnde,
1031 2937 1075 2986 ιιι
1094 2932 1197 3000 dicant,
1212 2938 1236 2988 et
1250 2940 1355 3003 cetero,
1371 2936 1445 2992 sicut
1462 2937 1491 2992 in
1506 2944 1603 2995 aestate
1618 2947 1683 3013 post

73 3023 150 3078 sedem
170 3025 244 3080 dieat
262 3025 414 3094 consutas,
438 3024 511 3080 alter
525 3041 636 3096 nuncque
658 3023 847 3080 hebdomada·
867 3041 870 3058 ·
887 3037 990 3078 nonam
1020 3021 1053 3076 in'
1077 3022 1210 3094 capitulo,
1232 3024 1345 3096 quando
1365 3025 1466 3082 fratres
1478 3027 1633 3101 loquuntur
1656 3031 1687 3088 in

70 3111 114 3167 rius
123 3115 197 3184 juxta
214 3132 281 3171 eum
297 3114 405 3180 sedeat,
423 3119 451 3168 et
465 3131 530 3169 curu
544 3130 578 3168 eo
589 3114 712 3185 psalmos
726 3118 823 3168 teneat
835 3132 842 3183 ;
855 3084 1019 3166 Cclaustro.
1036 3111 1066 3165 Si
1085 3125 1159 3166 unus
1181 3116 1293 3167 tantum
1314 3113 1410 3183 fuerit,
1426 3115 1503 3172 solus
1517 3118 1570 3174 hoe
1588 3119 1682 3178 faeiat.

70 3207 118 3269 post
129 3204 245 3276 quinque
262 3204 388 3276 psalmos
402 3202 498 3258 dicant
518 3219 617 3257 omnes
637 3203 785 3258 canonicas
797 3203 846 3257 bo·
887 3201 988 3255 Postea
997 3205 1101 3255 exuant
1114 3199 1229 3268 lroccos,
1247 3207 1275 3257 et
1288 3208 1389 3275 parent
1399 3221 1429 3260 se
1439 3206 1474 3260 ad
1489 3207 1684 3266 minuendum.

70 3305 110 3356 ιιι,
131 3293 157 3348 in
175 3311 296 3368 quarum
313 3294 369 3348 line
385 3293 524 3365 usquead
539 3309 670 3364 resperas
694 3309 750 3347 non
771 3292 846 3346 dieat
922 3289 1072 3344 Silentium
1088 3288 1126 3343 ibi
1145 3289 1260 3345 omnino
1272 3296 1397 3360 teneant,
1409 3294 1464 3349 nisi
1479 3299 1633 3354 necessitas
1645 3299 1685 3355 lo-

72 3382 177 3437 sarerdos
189 3384 329 3438 Dominus
343 3384 500 3450 uobiscum
515 3397 567 3437 nec
587 3383 781 3436 Benedicornus
796 3383 846 3436 Do·
886 3377 934 3449 qui
953 3385 1036 3448 cogat
1053 3394 1115 3449 que
1135 3378 1243 3434 differri
1257 3387 1307 3436 aut
1318 3398 1375 3438 non
1389 3383 1487 3455 pessit,
1501 3391 1620 3442 autnon
1634 3387 1685 3444 de-

72 3472 137 3536 nioo,
147 3472 192 3526 sed
207 3478 273 3544 post
288 3473 340 3526 Per
354 3473 450 3525 omniu
464 3469 845 3536 seculoremlorum,statim
887 3467 960 3521 beat.
977 3467 1057 3532 Quod
1072 3467 1095 3522 si
1107 3468 1240 3536 evenerit,
1257 3467 1388 3538 breviter,
1403 3477 1431 3528 ιι
1446 3473 1572 3530 modeste
1593 3482 1622 3532 et
1635 3478 1687 3534 hu·
1728 3511 1737 3520 -

71 3555 162 3629 inepiat
171 3563 353 3630 Adjutom'um
369 3573 471 3622 meana
481 3566 682 3632 postvesperas
695 3576 759 3614 vero
772 3560 846 3614 dicto
886 3556 1078 3611 millimaroce
1091 3556 1119 3611 id
1130 3557 1189 3612 liat.

70 3645 239 3704 benedicamus
256 3651 387 3710 Domino,
400 3649 559 3720 psallantur
574 3665 695 3720 vesperae
722 3654 846 3716 mortuo·
922 3646 1045 3702 Chorum
1052 3662 1109 3700 non
1119 3653 1256 3718 cogantur
1265 3647 1373 3705 intrare
1388 3653 1516 3724 usquein
1531 3656 1686 3714 crastinum

71 3749 126 3800 run,
137 3737 233 3793 debinc
249 3737 468 3809 completorium
484 3745 516 3793 ut
531 3737 671 3807 canonici;
689 3744 788 3810 postea
808 3739 846 3793 fa·
887 3739 950 3804 post
969 3735 1240 3808 orationemprimae,
1250 3740 1293 3793 rel
1304 3739 1469 3812 tertiaeque
1483 3747 1687 3814 temporeaute

70 3823 169 3881 uiliores
180 3827 282 3900 psalmi
297 3827 441 3882 horarum.
887 3823 1043 3894 capitulum
1070 3825 1154 3879 tertia
1181 3825 1299 3884 dicitur:
1317 3828 1342 3884 si
1356 3830 1419 3902 plus
1438 3830 1575 3903 indigent,
1598 3835 1687 3906 petita

94 3913 179 3971 Nullus
192 3918 222 3972 ιιι
234 3917 349 3972 cuculla
363 3917 488 3980 radetur,
503 3917 552 3971 sed
570 3917 648 3988 prius
662 3917 771 3971 cuculle
783 3933 848 3971 exu-
886 3911 999 3968 licentia
1010 3913 1116 3969 diutius
1131 3919 1210 3971 extra
1224 3917 1341 3973 chorum
1357 3927 1530 3978 remaneant.

70 4005 110 4067 lus,
126 4009 150 4059 et
167 4007 260 4062 lrocco
287 4006 414 4073 indutus,
438 4005 548 4061 cuculla
562 4005 665 4078 plicata
679 4013 708 4060 et
719 4005 799 4076 juxta
817 4023 846 4060 se
922 4001 1051 4056 Crastina
1072 4003 1118 4056 die
1133 4006 1312 4060 nocturnales
1326 4023 1392 4062 suos
1414 4009 1550 4077 calceent,
1572 4011 1683 4069 duobus

69 4093 140 4160 posita
152 4096 276 4151 radatur.
293 4095 345 4150 Ille
359 4095 407 4166 qui
420 4094 494 4150 radit
511 4093 603 4150 lrocco
618 4101 719 4150 exutus
734 4095 780 4150 sit.
887 4090 985 4145 diebus
1000 4090 1114 4146 mistum
1132 4093 1285 4164 accipiant3
1302 4111 1367 4151 cum
1388 4096 1424 4150 ed
1447 4096 1539 4167 ipsum
1568 4099 1686 4158 mistum

94 4181 198 4238 quenes
209 4185 259 4256 qui
275 4183 388 4238 suntin
411 4183 539 4238 custodia
563 4184 692 4239 custodes
714 4200 780 4239 suos
804 4199 847 4237 ra-
886 4185 1002 4234 rentum
1016 4179 1110 4244 luerit,
1135 4181 1159 4235 si
1174 4188 1285 4252 tempus
1300 4183 1337 4238 sit
1352 4201 1407 4255 quo
1426 4184 1528 4240 fratres
1541 4189 1628 4243 semel
1642 4205 1685 4245 re·

68 4265 121 4324 tm
131 4291 136 4325 ε
147 4281 174 4327 ιι
184 4275 330 4334 custodes.
346 4274 422 4345 ipsos
433 4274 644 4345 juvenesQuod
658 4273 681 4328 si
696 4279 789 4328 custos
800 4288 847 4326 ne-
888 4269 996 4335 ficiunt,
1012 4268 1095 4322 simul
1106 4285 1203 4324 omnes
1215 4271 1309 4326 dicant
1318 4289 1439 4341 versum,
1448 4279 1547 4332 etante
1558 4276 1697 4348 mistum‚'

69 4358 165 4424 quiverit
178 4369 227 4418 aut
240 4363 378 4418 nescierit
390 4363 500 4428 radere,
517 4369 597 4434 roget
620 4362 742 4434 aliquem
757 4366 848 4416 matu·
888 4363 991 4429 etpost
1005 4357 1131 4424 mistum,
1143 4375 1206 4412 curn
1218 4361 1325 4430 psalmo
1341 4363 1468 4417 Miserere
1483 4367 1547 4432 enei,
1560 4365 1640 4436 Heus,
1656 4373 1686 4424 et

67 4459 115 4500 rum
129 4449 250 4518 tratrem,
260 4459 295 4507 ut
310 4468 375 4506 eum
384 4451 465 4506 radat
481 4469 487 4504 ι
503 4451 564 4523 ipse
578 4457 673 4506 tamen
688 4450 847 4506 custodiens
889 4446 1003 4518 reliquis
1022 4463 1055 4501 eo
1070 4447 1152 4501 modo
1172 4465 1227 4519 quo
1250 4449 1353 4505 dicitur
1365 4468 1382 4506 a
1396 4456 1544 4519 conventu,
1560 4470 1624 4511 cum
1642 4455 1686 4512 bis

67 4533 139 4602 ipsum
154 4540 234 4610 juxta
243 4558 313 4598 eum
329 4541 434 4596 sedeat.
452 4542 572 4596 iuvenes
584 4557 704 4613 quoque,
725 4540 783 4595 sire
797 4555 848 4595 nu·
888 4535 1687 4613 reficiuntomnesiratres.Benedictioaprioresacemlota

66 4625 120 4689 triti,
134 4628 350 4686 siredesaecule
365 4631 517 4697 venientes,
533 4631 646 4703 utrique
660 4636 756 4686 tamen
770 4635 848 4686 extra
889 4623 982 4693 detur,
1006 4625 1088 4679 lectio
1112 4625 1147 4680 ab
1170 4643 1227 4681 uno
1241 4627 1336 4699 aliquo
1351 4630 1514 4688 memoriter
1532 4633 1684 4706 recitetur3

66 4709 206 4782 hujusmodi
216 4719 379 4774 custodiam
394 4720 545 4776 existentes
560 4737 616 4776 uon
631 4724 802 4791 presumant
816 4722 850 4775 ut
889 4715 918 4771 in
933 4714 1080 4770 refectorio
1094 4719 1184 4770 totum
1200 4717 1259 4772 fiat.

66 4799 253 4864 dandarum
275 4809 388 4876 radant,
406 4809 454 4864 sed
469 4809 594 4864 seniores
608 4809 643 4864 ab
658 4810 717 4865 illis
734 4814 762 4864 ιι
775 4807 849 4863 illia
925 4803 958 4858 lu
976 4803 1098 4859 crastino
1113 4804 1279 4861 minutionis
1290 4807 1428 4865 clamatus
1446 4811 1548 4885 aliquis
1564 4814 1688 4872 minuto·

67 4893 202 4951 senioribus
216 4898 370 4953 radantur.
385 4898 513 4970 Magistri
525 4915 627 4971 pueros
637 4899 739 4953 radant
753 4897 802 4952 et
795 4897 848 4969 ipsi
889 4913 952 4951 rum
968 4901 1075 4967 surgat,
1090 4902 1118 4951 et
1131 4898 1166 4952 ad
1182 4899 1332 4969 petendam
1344 4919 1454 4958 veniam
1465 4922 1494 4960 se
1506 4906 1623 4975 offerat
1640 4908 1690 4963 ali·

66 4985 171 5052 spuens
192 4989 346 5055 radantur,
362 4987 386 5042 si
399 4993 496 5044 tamen
519 4988 681 5058 hujusmodi
702 4987 848 5043 scientiam
889 4985 952 5056 quis
982 5002 1047 5040 rere
1075 5002 1171 5042 eorum
1192 4988 1294 5058 quibus
1309 4990 1428 5048 minutio
1446 4999 1514 5050 nota
1532 5000 1584 5060 est,
1601 4997 1700 5068 priori

66 5067 158 5128 babent.
890 5074 983 5130 dicere
998 5073 1081 5131 debet
1095 5077 1169 5148 quod
1195 5077 1283 5134 frater
1295 5079 1343 5136 ille
1358 5082 1484 5138 minutus
1498 5083 1543 5148 sit,
1561 5091 1589 5140 et
1613 5086 1689 5158 prior

93 5159 200 5220 Hiemali
216 5171 359 5237 tempore,
371 5167 483 5240 quando
498 5165 589 5239 pueri,
605 5172 632 5222 et
647 5166 784 5239 sanguine
799 5165 850 5220 mi·
890 5164 916 5220 ei
930 5164 1082 5237 praecipere
1096 5171 1127 5220 ut
1142 5167 1243 5222 stando
1257 5167 1399 5241 loquatur,
1425 5177 1453 5226 et
1479 5172 1599 5227 manime
1611 5174 1635 5227 si
1653 5173 1689 5229 de

67 5251 113 5303 nuti
116 5257 205 5324 atque
213 5254 324 5310 infirmi
332 5256 556 5327 posteapitulum
571 5255 712 5328 accipiunt
722 5253 847 5322 ruistum,
890 5271 961 5309 vena
982 5253 1089 5308 brachii
1114 5255 1239 5311 minutus
1254 5257 1301 5322 sit,
1315 5257 1339 5313 si
1353 5259 1436 5330 culpa
1453 5260 1520 5314 levis
1546 5260 1689 5332 indulgea-

68 5337 218 5398 relectorarii
235 5344 324 5417 primi
340 5361 370 5399 se
384 5345 494 5411 radant,
519 5352 547 5400 et
566 5350 629 5416 post
644 5345 774 5416 psalmos,
791 5347 850 5398 tem
891 5351 938 5398 tur
952 5343 998 5410 ai,
1014 5344 1038 5397 si
1058 5349 1152 5398 autem
1167 5345 1232 5400 talis
1243 5346 1328 5402 luent
1342 5365 1403 5418 quae
1422 5347 1482 5402 sine
1496 5364 1544 5402 eor
1547 5349 1634 5420 poralr
1649 5351 1690 5404 di-

67 5427 289 5504 eitoapparatum
308 5433 448 5488 refectorii
467 5433 580 5498 iaciant,
606 5439 639 5489 ut
660 5434 761 5489 iratres
775 5450 852 5488 aece-
892 5431 1011 5504 seiplina
1026 5432 1131 5488 drmrtt1
1143 5450 1200 5489 non
1215 5434 1351 5503 debeat,
1343 5452 1373 5491 ιιι
1387 5435 1464 5491 aliud
1478 5423 1590 5509 tempus
1606 5438 1684 5495 dille·

68 5519 127 5584 ptari
139 5521 257 5578 mistum
273 5523 370 5579 omnia
382 5529 481 5596 parata
494 5522 649 5579 inveniant.
891 5529 980 5579 ratur

6 5681 7 5684 Ἴ
94 5607 215 5673 Οιιιιιιιιι
227 5612 336 5686 psalmi
349 5612 479 5672 dieumm
492 5629 575 5672 nemo
584 5612 745 5696 tondeatur,
756 5617 852 5682 ²8⁴
927 5612 993 5668 llaec
1008 5614 1212 5685 sunttempora
1226 5613 1327 5688 quibus
1340 5613 1442 5672 fratres
1461 5615 1551 5676 minui
1570 5619 1690 5680 nonde-
