3872 6162
76 261 118 322 937
591 257 802 318 CONS'l'l'l‘UT.
823 259 994 318 amanus.
1014 297 1047 310 -
1066 265 1134 324 um.
1156 271 1178 326 1.
1652 287 1705 351 938

71 387 175 444 terdnm
189 387 367 443 committere
386 389 488 459 potest,
504 403 555 459 pro
569 386 648 458 cnjus
663 383 861 442 emendatione
871 388 981 461 Aloqui
994 407 1050 447 non
1065 393 1237 464 prohibetur.
1248 398 1280 454 In
1291 401 1343 456 XII
1353 409 1448 458 antem
1462 404 1629 466 lectionibus
1641 419 1706 484 post

71 493 118 532 non
141 478 286 532 multoties
300 477 487 531 admonentur
513 476 562 530 sed
587 493 658 531 mox.
674 483 708 530 ut
727 475 863 530 inclama·
905 480 1704 566 capitulumexspectantrnagistrumveladjutoremsuum

71 571 109 620 tos
124 565 211 621 fuerit
224 572 290 621 ante
308 566 418 621 finitum
434 565 597 637 capitulum.
615 582 664 636 pro
681 581 723 628 eo,
741 570 772 619 ut
792 582 863 636 pra·
905 568 997 624 denuo
1019 571 1155 642 docendi;
1179 575 1204 630 si
1225 584 1268 631 est
1289 578 1317 633 in
1338 581 1491 640 minoribus
1518 586 1595 643 festis
1618 591 1707 648 donec

71 657 170 712 dictum
186 662 239 722 est,
255 656 421 727 corrigatur.
441 657 476 711 Ut
498 655 521 711 si
541 673 567 708 r.
583 673 612 727 g.
628 656 664 710 ad
679 655 765 710 alium
782 657 863 727 juve·
905 659 1024 714 andiunt
1038 661 1149 732 signum
1165 664 1200 717 ad
1216 667 1328 722 tertiam
1346 687 1352 722 :
1369 670 1391 724 si
1409 689 1472 727 vero
1488 682 1531 730 est
1551 677 1704 747 dominica,

72 763 127 801 nem
152 745 182 800 in
211 745 341 800 custodia
359 745 493 817 positum.
516 745 650 816 quiddam
673 745 807 815 loquitur,
825 753 869 806 rel
910 746 1007 819 inqua
1022 749 1050 803 in
1066 750 1143 805 Albis
1157 769 1213 807 non
1225 761 1292 810 sunt
1306 759 1449 818 vestiendi.
1463 767 1593 836 usquead
1609 786 1707 840 asper·

72 835 171 902 riserit,
184 835 229 889 rel
241 835 353 904 signum
365 835 478 906 aliquod
492 834 602 896 fecerit:
619 835 642 888 si
653 839 747 889 tamen
761 833 869 906 prasci·
909 837 1016 892 sionem
1032 855 1112 910 nquoe
1133 840 1284 899 benedicta
1299 856 1306 891 τ
1320 846 1344 900 si
1365 855 1459 904 autern
1477 861 1544 908 sunt
1559 859 1705 926 vestiendi,

72 925 113 980 qq,
130 923 206 995 quod
222 921 259 976 ab
279 923 441 994 hujusmodi
463 939 562 978 carere
585 923 691 978 debuit.
716 923 867 993 Postquam
910 942 999 998 usque
1015 933 1078 998 post
1096 929 1276 1001 Evangelium
1292 935 1392 1004 prioris
1407 939 1507 996 hlissre.
1528 943 1581 998 Sed
1604 946 1632 1001 in
1652 948 1705 1016 his,

74 1013 225 1080 (utdictnrn
236 1015 292 1074 est)
306 1013 442 1082 magister
453 1013 623 1067 novitiorum
637 1012 760 1084 capitulo
770 1028 867 1066 eorum
909 1015 933 1069 si
962 1021 1025 1087 post
1052 1017 1217 1089 capitulum,
1246 1023 1327 1078 Verba
1352 1042 1421 1088 inec,
1444 1030 1485 1083 rel
1512 1031 1634 1091 officium
1658 1038 1707 1093 de·

72 1103 155 1166 finito,
182 1101 400 1157 inconventum
425 1101 507 1166 redit,
527 1101 564 1156 ibi
591 1101 785 1174 recapitulant.
807 1117 868 1172 qua
910 1103 1068 1161 iunctorum
1099 1123 1164 1161 curn
1195 1110 1352 1180 pulsatione
1385 1118 1521 1188 sequitur,
1552 1129 1615 1193 post
1646 1127 1708 1197 ejus

74 1191 239 1247 didicerunt.
257 1191 310 1255 Qui
326 1189 400 1244 inter
416 1207 463 1245 eos
477 1191 505 1246 in
521 1190 669 1248 disciplina
682 1191 790 1245 ordinis
802 1195 869 1244 sunt
909 1194 1094 1264 expletionem
1104 1195 1170 1250 item
1183 1214 1232 1267 pro
1243 1198 1427 1260 instructione
1438 1213 1709 1279 revertunturQnod

73 1279 257 1352 provectiores
282 1294 408 1334 seorsum
423 1279 567 1334 instruunt
582 1279 611 1334 in
626 1296 659 1333 eo
674 1279 765 1333 adhuc
780 1277 869 1333 irnbe·
910 1281 933 1337 si
946 1289 990 1337 est
1003 1283 1104 1338 festum
1118 1283 1219 1350 (rann
1231 1289 1330 1358 quoad
1342 1299 1661 1370 nocturnosnntiphonae
1672 1304 1709 1358 Ν

74 1369 406 1424 0111101-23210rretenim
431 1368 460 1423 in
475 1369 510 1422 iis
524 1369 686 1438 thusmodi
709 1367 802 1439 operis
824 1367 869 1420 in·
911 1371 1002 1426 solent
1025 1373 1142 1434 cantari.
1170 1384 1233 1446 post
1259 1379 1353 1433 l'enite..
1382 1398 1445 1437 mox
1475 1395 1537 1456 post
1556 1390 1710 1462 capitulum

74 1457 195 1520 structio.
207 1457 290 1512 venia
304 1456 340 1512 ab
355 1457 389 1512 iis
400 1457 604 1529 frequentatur,
617 1462 645 1512 et
656 1454 871 1532 consuetudina-
911 1461 1026 1526 sactum,
1050 1478 1097 1516 eos
1118 1463 1152 1516 ad
1177 1465 1321 1521 ecclesiam
1346 1469 1387 1524 ire
1410 1476 1560 1530 convenit:
1584 1487 1708 1553 excepto.

74 1548 104 1602 lis
123 1546 281 1604 inclinatio.
302 1545 486 1601 addiscuntur
506 1552 535 1601 et
555 1553 665 1608 caetera,
689 1562 751 1618 qnae
774 1545 801 1598 in
821 1543 872 1598 tali
913 1549 937 1604 si
961 1550 1070 1622 aliquos
1084 1552 1211 1608 'novitios
1230 1557 1371 1612 venientes
1385 1561 1450 1630 quid
1466 1564 1532 1620 velit
1550 1567 1663 1628 dooere.
1683 1571 1713 1628 si

77 1637 193 1692 exerceri
208 1636 301 1690 solent
314 1636 418 1691 schola.
440 1637 470 1691 si
490 1635 536 1691 cui
561 1652 657 1691 eorum
673 1652 690 1690 a
705 1636 808 1690 dornno
822 1633 872 1687 ab·
914 1655 981 1694 rero
997 1639 1032 1693 ad
1048 1641 1170 1701 officium
1191 1643 1396 1714 defunctorum,
1420 1651 1462 1704 vel
1484 1653 1519 1708 ad
1542 1657 1623 1712 Verba
1638 1677 1709 1726 mou,

78 1727 133 1781 bare
143 1725 187 1781 rel
198 1725 293 1798 priore
307 1725 449 1796 flagellum
460 1725 495 1779 ad
508 1725 701 1798 poenitentiam
714 1713 903 1794 injunctumss
916 1736 978 1798 post
987 1729 1140 1798 capitulum
1157 1731 1276 1801 pulsatio
1287 1734 1430 1806 signorum
1445 1745 1513 1796 tunc
1524 1746 1602 1815 sequi
1617 1747 1709 1817 debet,

78 1815 252 1872 frenarunt:
275 1813 410 1886 temporis
430 1831 447 1870 a
471 1814 616 1869 sacerdote
635 1814 739 1885 aliquo.
755 1813 778 1866 si
800 1812 873 1867 iuter
914 1818 1007 1872 nullus
1023 1835 1118 1873 eorum
1133 1819 1172 1873 ibi
1192 1833 1326 1877 remanet.
1344 1825 1397 1890 Qui
1412 1829 1534 1886 novitius
1546 1834 1580 1888 ad
1595 1852 1712 1892 conver·

78 1921 120 1960 ecs
134 1922 151 1959 a
166 1903 306 1974 magistro
326 1905 360 1958 ad
382 1903 433 1957 hoc
451 1903 569 1958 idoneus
589 1903 708 1959 inveniri
727 1907 827 1974 potuit.
844 1901 872 1956 in
914 1906 1020 1960 sionem
1034 1907 1119 1972 venit,
1140 1908 1223 1963 alicui
1238 1910 1308 1966 bene
1322 1916 1473 1972 exercitato
1487 1925 1710 1995 commendatur,

79 1993 192 2056 loeooui
208 1993 370 2062 hujusmodi
386 1993 498 2064 negotio
512 1993 663 2064 deputatus
677 2003 729 2050 est.
743 1990 870 2062 percipit.
914 1995 961 2066 qui
990 1995 1148 2066 ubicunque
1170 1999 1280 2068 poterit,
1301 2018 1397 2058 curam
1426 2008 1487 2075 ejus
1512 2020 1604 2080 gerat,
1629 2021 1658 2070 et
1683 2017 1712 2072 in

78 2083 150 2147 Quod
166 2083 191 2136 si
207 2082 272 2137 talis
288 2081 326 2136 ibi
339 2082 426 2146 deest,
438 2082 611 2136 sacerdotem
622 2081 657 2134 de
671 2085 807 2134 conventu
823 2094 873 2150 pro
915 2084 1031 2138 ecclesia
1055 2086 1136 2154 juxta
1162 2103 1225 2142 eum
1254 2091 1408 2147 orationem
1433 2097 1526 2153 faciat.
1548 2100 1603 2156 Per
1630 2121 1713 2162 ornne

78 2171 126 2226 hnc
138 2189 225 2226 causa
237 2170 272 2225 ad
289 2171 419 2225 eurrrdcm
435 2171 526 2225 locum
542 2187 592 2226 suo
608 2169 637 2225 in
651 2168 874 2242 temporeaddu·
914 2178 1035 2244 tempus,
1061 2191 1116 2245 quo
1140 2175 1168 2229 in
1193 2177 1289 2232 endem
1313 2181 1383 2236 cella
1406 2186 1572 2254 consistunt,
1599 2201 1713 2266 excepto

78 2277 136 2315 cere
149 2260 246 2315 debet.
263 2261 294 2315 ln
308 2276 341 2314 eo
354 2277 465 2331 quoquc
480 2267 616 2332 tempore.
633 2259 656 2313 si
671 2258 729 2312 bini
744 2258 785 2312 rel
800 2257 874 2311 terni
915 2269 981 2314 ante
1005 2261 1079 2315 diem
1103 2263 1282 2334 professionis
1305 2285 1371 2326 sua.
1397 2270 1503 2344 absque
1528 2275 1581 2344 130)
1604 2281 1714 2352 capitiis

79 2367 201 2405 seorsum
216 2351 252 2404 de
266 2347 365 2403 ordine
380 2349 543 2421 loquuntur,
560 2355 676 2420 propter
691 2347 742 2401 hoc
757 2363 812 2401 non
830 2362 875 2400 re·
918 2347 1058 2422 [caputiis]
1073 2350 1204 2407 incedunt
1231 2355 1396 2429 Quicunque
1408 2359 1483 2416 inter
1497 2379 1544 2419 eos
1563 2366 1657 2424 idonei
1678 2371 1714 2428 ad

77 2435 876 2510 prehenduntur.Siquisetiamquiddevestimenti:,suis
917 2435 969 2490 hoc
995 2435 1133 2501 videntur,
1161 2439 1271 2494 custodi
1300 2443 1432 2510 ecclesiae,
1460 2448 1504 2503 vel
1534 2451 1722 2524 refectorario,

77 2530 136 2582 ruit
155 2529 273 2594 sarcire,
290 2526 332 2580 vel
351 2527 453 2582 lectum
469 2525 523 2582 sibi
543 2533 679 2594 sternere,
700 2535 767 2581 tunc
787 2530 879 2597 potest
918 2523 1061 2594 adjutores
1080 2541 1097 2578 a
1117 2526 1209 2597 priore
1224 2527 1414 2601 deputantur;
1434 2536 1482 2589 sed
1497 2543 1593 2596 tannen
1609 2544 1715 2616 absque

75 2617 165 2672 mm
918 2614 978 2682 ejus
1004 2613 1141 2684 permissu
1167 2617 1326 2673 sacerdotes
1349 2621 1384 2674 ad
1410 2623 1591 2684 celebrandas
1614 2633 1715 2689 missas

109 2708 141 2762 ln
151 2707 265 2778 Vigiliis
275 2705 437 2762 Natiuitatis
447 2703 561 2760 Domini
574 2710 603 2760 et
617 2705 644 2759 in
655 2702 876 2760 ennuntiatione
918 2702 1052 2771 adjurare
1063 2710 1190 2773 possunt.
1202 2705 1244 2759 nd
1256 2707 1403 2778 coquinam
1417 2719 1444 2766 ct
1455 2713 1549 2770 lumen
1559 2717 1588 2772 in
1598 2721 1716 2778 ecclesia

74 2797 126 2866 ipsi
138 2813 189 2867 pro
201 2796 322 2868 petenda
332 2795 413 2850 venia
427 2794 456 2848 in
469 2794 592 2866 capitulo
605 2794 722 2849 fratrum
736 2793 877 2847 intersunt
917 2789 1132 2860 deportandum.
1141 2791 1176 2846 ab
1191 2795 1313 2848 armario
1329 2813 1392 2852 cum
1407 2800 1469 2854 aliis
1483 2809 1619 2860 notantur
1629 2827 1635 2862 :
1647 2825 1715 2865 nam

73 2893 103 2938 et
114 2886 189 2940 dieto
203 2902 221 2940 a
235 2886 330 2958 priore
344 2885 495 2954 loquimini
508 2885 540 2937 de
555 2884 653 2937 ordine
664 2882 791 2936 redeunt.
806 2881 839 2935 Et
852 2879 875 2934 si
917 2878 943 2932 ei
957 2879 1068 2933 illorum
1086 2880 1229 2935 nominas
1249 2887 1363 2954 praefato
1377 2889 1512 2959 magistro
1529 2894 1635 2964 pridem
1651 2915 1716 2968 per-

74 2989 183 3046 magna
196 2973 393 3030 estimationis
406 2972 530 3044 hospites
543 2988 594 3045 pro
604 2971 781 3026 fraternitate
791 2969 877 3025 susci·
917 2968 1718 3053 scriptapresentabantnripsequoquemagisterinstruit

72 3063 176 3133 pienda
202 3063 269 3118 ique
282 3062 434 3134 aliquando
454 3067 521 3116 sunt
539 3061 669 3122 ducendi.
694 3066 809 3132 propter
828 3077 876 3114 eos
887 3034 964 3112 Ccos
979 3064 1076 3129 postea
1089 3059 1124 3112 de
1139 3060 1263 3130 quolibet
1272 3063 1373 3132 officio,
1386 3067 1421 3122 ad
1433 3071 1506 3139 qnod
1521 3075 1715 3144 prenominati

73 3154 248 3207 advocantur
261 3151 291 3206 in
311 3153 367 3205 fine
381 3150 509 3221 capiituli.
532 3149 566 3204 Et
582 3155 730 3222 postquam
753 3149 876 3220 hospites
916 3153 982 3201 sunt
997 3145 1026 3200 in
1041 3146 1164 3218 callim¹0

70 3241 111 3306 (si
135 3248 230 3296 tamen
251 3246 320 3295 sunt
341 3239 434 3294 clerici
457 3239 498 3292 rel
517 3238 588 3304 laicrt
606 3238 671 3293 inde
689 3238 873 3304 deducantur,
953 3236 1181 3308 Quundocunque
1194 3239 1297 3295 iratres
1309 3248 1374 3297 ante
1388 3247 1718 3323 mandatumpraelarant

72 3329 197 3402 inempta
214 3329 381 3402 psalmodia,
404 3329 485 3383 rouo
499 3345 570 3387 rnen.
585 3327 640 3399 ipsi
659 3345 722 3383 curn
739 3334 875 3382 conventu
919 3323 947 3380 in
963 3325 1128 3381 occidentali
1147 3333 1226 3398 parte
1240 3330 1364 3396 claustri,
1380 3351 1506 3392 seorsum
1523 3339 1577 3396 hoc
1599 3342 1714 3400 faciunt.

71 3421 274 3490 egrediuntur,
293 3417 372 3483 Quod
397 3433 453 3472 non
474 3417 538 3483 erit,
555 3417 668 3489 quando
690 3426 754 3488 post
770 3417 878 3488 cupitu-
919 3415 951 3469 ln
966 3421 1062 3469 astate
1085 3431 1149 3470 vero
1169 3423 1232 3488 post
1253 3435 1365 3486 nonam,
1381 3426 1493 3494 quando
1513 3428 1610 3487 tabula
1634 3433 1719 3489 debet

70 3508 134 3562 lum
150 3508 207 3576 (28)
224 3508 350 3563 tabulam
367 3506 495 3566 audiunt.
509 3507 551 3560 vel
565 3505 751 3577 pulsationem
767 3506 802 3560 uri
816 3505 878 3560 offi-
920 3504 1037 3574 percuti,
1058 3503 1156 3558 novitii
1185 3511 1214 3560 et
1242 3509 1369 3564 monachi
1396 3513 1518 3583 capitulo
1545 3518 1636 3574 adhuc
1661 3537 1718 3577 non

70 3598 152 3652 ciurn
163 3597 371 3662 defunctorum,
385 3595 427 3650 rel
441 3595 475 3649 nd
492 3595 613 3666 psalmos
631 3597 710 3650 Verba
721 3611 791 3660 mea,
804 3596 878 3666 quod
920 3592 1045 3655 adunati.
1054 3597 1232 3648 transeuntes
1241 3597 1395 3667 capitulum
1407 3600 1434 3655 in
1448 3605 1592 3662 ecclesiam
1602 3610 1716 3680 radunt,

70 3687 219 3741 interdum
235 3685 297 3740 fieri
311 3686 383 3740 solet
397 3701 448 3757 pro
463 3684 557 3756 aliquo
573 3684 718 3750 defunct03
734 3701 799 3738 narn
816 3701 878 3738 nrox
919 3680 1015 3751 ibique
1029 3683 1108 3752 juxta
1123 3681 1269 3738 introitum
1284 3701 1348 3740 cunr
1363 3687 1449 3750 libris.
1464 3692 1487 3746 si
1506 3711 1576 3766 quos
1589 3697 1627 3753 ibi
1640 3698 1717 3757 inve·

67 3775 102 3829 in
116 3783 287 3831 mentum
304 3791 402 3828 omnes
416 3772 541 3829 veniunt.
557 3773 586 3828 ᾗ
600 3780 695 3828 autem
711 3778 754 3828 est
768 3773 795 3826 j„
806 3773 879 3837 Qua.
920 3770 1023 3837 nerim,
1039 3771 1147 3836 scient,
1163 3772 1250 3829 donec
1265 3782 1330 3846 post
1348 3782 1556 3848 percussionem
1571 3787 1674 3844 tabulae
1688 3791 1718 3846 in

66 3864 237 3934 dragesima
249 3864 280 3918 in
295 3863 350 3918 illis
365 3863 481 3935 privatis
492 3862 600 3928 diebus,
613 3862 877 3934 quandosilentium
919 3873 1088 3914 conventum
1104 3869 1212 3916 exeant.
1231 3863 1259 3918 Si
1276 3865 1338 3934 quis
1358 3883 1454 3923 eorum
1473 3872 1613 3931 scribendi
1631 3879 1672 3934 vel
1687 3881 1718 3936 li·

66 3954 100 4006 in
118 3954 246 4008 clanstro
261 3951 426 4007 observatur
441 3972 447 4005 ;
466 3956 533 4006 tunc
553 3950 711 4016 conventui,
730 3957 877 4023 postquam
919 3947 984 4002 bros
995 3949 1100 4019 ligandi
1115 3957 1157 4004 cst
1167 3951 1278 4018 sciolus,
1292 3953 1319 4007 in
1333 3955 1404 4010 celin
1418 3959 1586 4018 novitiorum
1599 3973 1718 4037 potesta

65 4042 158 4096 finito
171 4041 297 4114 capitulo
307 4041 342 4096 ad
356 4041 506 4096 lectionem
519 4040 634 4098 sederit.
646 4041 819 4110 junguntnr3
836 4040 877 4094 vel
919 4037 1055 4108 magistro
1070 4037 1125 4092 illis
1139 4038 1247 4110 inJ'ungi
1263 4040 1416 4114 hocopus:
1432 4046 1455 4100 si
1469 4054 1563 4105 tamen
1577 4057 1717 4124 rogaverit

64 4131 92 4185 si
105 4141 155 4186 est
166 4131 268 4187 testum
282 4131 332 4186 Xll
342 4129 517 4196 Lectionum,
529 4131 640 4202 quando
651 4137 714 4200 post
723 4129 877 4200 capitulum
918 4143 981 4182 eum
997 4127 1147 4181 armarius.
1166 4128 1293 4184 Noritius
1305 4130 1456 4194 litteratus.
1468 4137 1514 4207 qui
1524 4138 1552 4193 in
1563 4141 1612 4194 tali
1619 4143 1717 4213 juven-

63 4237 142 4274 cum
157 4221 273 4292 psalmis
290 4221 371 4274 Ver-ha
382 4236 452 4282 rnen,
464 4219 493 4273 in
506 4220 638 4289 majorem
651 4218 795 4274 ecclesium
810 4217 876 4286 itur,
918 4221 979 4270 tute
994 4221 1045 4275 est.
1065 4215 1234 4272 admonente
1248 4220 1310 4288 eJus
1325 4221 1468 4291 magistro.
1487 4226 1515 4280 in
1531 4231 1686 4287 custodiam
1699 4251 1718 4289 a

63 4315 99 4364 et
123 4313 331 4382 consequenter
349 4307 425 4363 XXX
443 4308 543 4381 psalmi
565 4315 631 4362 sunt
658 4307 785 4370 canendi.
812 4306 1022 4399 tunchomno
1036 4304 1136 4360 abbate
1149 4306 1279 4368 traditur.
1294 4315 1322 4363 et
1336 4309 1384 4364 alii
1400 4313 1503 4368 novitio
1518 4318 1717 4380 custodiendus

60 4407 231 4470 antequam
240 4397 412 4470 incipiantur
421 4397 507 4452 iidem
518 4397 632 4472 psalmi:
643 4402 672 4452 et
680 4396 705 4451 si
713 4397 747 4450 ad
758 4413 879 4468 prensens
920 4394 1114 4449 committitur.
1126 4394 1156 4449 Si
1170 4412 1235 4450 vero
1249 4396 1297 4451 ille
1309 4415 1365 4453 non
1378 4401 1466 4468 adest,
1481 4421 1572 4478 neque
1585 4425 1636 4480 per
1647 4428 1719 4467 nurt-

59 4489 181 4560 aliquis
195 4487 320 4544 novitius
333 4487 422 4548 adest.
433 4486 480 4558 qui
491 4487 566 4541 intra
577 4492 635 4541 tres
647 4486 707 4541 dies
716 4487 751 4540 ad
764 4501 879 4541 consor·
919 4485 991 4539 tium
1007 4484 1108 4555 prioris
1122 4485 1216 4556 aliqua
1237 4488 1435 4544 commoditate
1457 4495 1598 4552 conveniri
1613 4507 1716 4571 potest,

56 4577 367 4643 550120mpenit‚eum
383 4576 519 4646 magister
533 4577 603 4648 ejas.
620 4582 684 4648 post
703 4582 879 4647 percantatos
920 4580 978 4628 tarn
1006 4573 1127 4628 novitius
1148 4575 1258 4645 juvenis
1286 4594 1370 4647 qnam
1390 4580 1463 4636 alius
1484 4583 1567 4655 hujus
1589 4592 1718 4648 aetatisa

57 4669 89 4722 Χ
107 4651 251 4738 psalmos.
264 4665 300 4721 ad
314 4665 513 4720 instruendum
528 4665 646 4720 educere
657 4671 756 4736 potest.
772 4664 800 4720 Si
816 4680 880 4719 vero
920 4663 1013 4735 priore
1036 4663 1170 4718 custodire
1190 4665 1395 4738 mancipantur.
1419 4670 1540 4738 Noritio,
1558 4677 1606 4747 qui
1626 4679 1719 4738 frocco

55 4757 138 4812 dies
151 4755 257 4811 silentii
272 4755 315 4822 lde
327 4753 499 4827 quadictum
510 4760 561 4823 est]
572 4760 640 4810 tunc
651 4755 747 4817 instat,
758 4754 803 4808 hic
815 4754 879 4808 talis
920 4752 1035 4807 indutus
1049 4752 1225 4824 recipiendus
1237 4754 1332 4824 aliqua
1342 4754 1377 4810 de
1391 4757 1461 4812 cella
1474 4761 1628 4829 advenerit.
1643 4771 1719 4826 aufe·

54 4847 258 4918 magistrum,
279 4843 342 4899 aliis
355 4843 533 4910 abeuntibus,
551 4843 587 4898 ab
601 4861 634 4900 eo
646 4844 752 4915 jussus,
768 4842 797 4898 in
810 4843 880 4899 colla
919 4842 1038 4898 rendum
1053 4847 1095 4896 est
1105 4843 1247 4913 caputium
1264 4851 1342 4898 extra
1356 4844 1520 4917 claustrum,
1533 4852 1558 4908 si
1571 4871 1605 4910 ea
1618 4864 1663 4916 eet
1674 4860 1721 4919 die

54 4934 272 5008 exspectatln
281 4933 492 5006 omnitempore
502 4933 786 5005 loquendiconrcntui
795 4932 880 4988 inter·
920 4931 1135 4997 benedicendus,
1147 4949 1204 5002 qua
1215 4933 1374 5005 suscipitur,
1388 4941 1438 4992 aut
1449 4937 1472 4992 si
1483 4940 1569 5014 aliqui
1583 4949 1677 5004 novitii
1690 4951 1719 5006 in

52 5033 157 5082 sunt.
169 5024 226 5080 nisi
242 5023 355 5096 quando
366 5022 470 5096 capitia
485 5022 525 5079 eis
537 5023 632 5078 ablata
646 5027 729 5077 sunt:
748 5021 877 5091 sparsim.
921 5023 991 5078 ceila
1010 5021 1177 5076 novitiorum
1202 5022 1303 5079 ablatis
1329 5026 1449 5096 caputiis
1477 5034 1545 5086 ωηο
1563 5046 1716 5094 morantur.

52 5115 189 5172 mixtim
201 5114 279 5170 inter
292 5116 394 5168 tratres
406 5112 569 5185 loquuntur.
585 5113 684 5168 Frater
697 5128 760 5167 cum
776 5110 879 5166 novitio
923 5109 1070 5167 Sciendum
1087 5115 1249 5177 astantem,
1263 5113 1338 5184 qnod
1357 5113 1451 5170 nullus
1465 5133 1589 5190 unquam
1604 5127 1720 5182 novitio·

100 5273 288 5346 (senacula
298 5273 403 5346 lignea,
413 5274 680 5346 cnjuspercnssione
688 5274 881 5331 excitabantur
922 5280 1041 5347 quatuor
1059 5272 1220 5345 antiphone
1234 5273 1326 5330 solent
1338 5276 1445 5331 cantari
1464 5283 1528 5348 post
1546 5281 1644 5341 Venite.

47 5347 223 5409 monachi,
240 5347 369 5402 malleolo
388 5346 493 5401 scilicet
512 5345 635 5401 tabulam
653 5347 799 5404 tundente.
815 5347 882 5402 llaec
958 5345 1721 5423 tidcaputiislegendumquaeuntcapitistegumonta

48 5423 183 5480 adem
202 5417 299 5472 tabula
321 5417 487 5489 pulsabatur
506 5433 556 5472 seu
596 5419 788 5476 ercutiebatur
813 5419 881 5473 dum
923 5433 953 5473 ca
976 5419 1018 5488 pis
1029 5423 1141 5472 assuta:
1157 5417 1228 5471 Nam
1240 5419 1386 5486 capitium,
1398 5433 1445 5500 seu
1461 5423 1598 5500 capicium
1610 5438 1722 5501 partem

49 5491 207 5552 officium
222 5489 334 5560 aliquod
350 5489 489 5561 agendum
504 5435 637 5544 insudet.
923 5435 991 5545 adis
1001 5505 1086 5546 sacra
1101 5488 1182 5560 vulgo
1195 5490 1406 5559 presbyterium
1418 5489 1603 5560 sigmsscabat.

99 5560 178 5636 1529)
193 5560 409 5618 Restituendnm
422 5565 491 5635 puto
507 5578 514 5615 t
535 5559 687 5632 laqueari
703 5569 882 5622 noctrrrnnra

207 5659 340 5726 Parnon.
363 5660 423 5724 Cb.
1569 5663 1610 5727 3⁰
