3882 6172
234 309 285 373 7⁰3
678 359 682 374 ,
708 309 757 368 ab
776 309 896 368 OPERA
914 311 945 366 Β.
967 307 1175 366 muratum
1192 304 1388 367 aprunum.
1802 309 1847 367 itt

232 434 402 502 combustas,
418 439 447 492 et
461 437 580 494 nauem
593 433 655 504 eius
673 432 744 490 inibi
759 451 821 494 esse
834 435 1010 495 combustam
1021 433 1147 504 3ddium
1162 436 1252 492 morte
1266 431 1358 490 subita
1368 435 1525 504 preventus
1531 432 1677 494 nominem
1686 435 1849 502 exiritduod

234 524 322 582 atille
336 524 401 583 licet
412 521 544 596 lmrymis
554 523 677 580 suffusus
692 523 728 580 ad
744 525 832 582 Deum
844 541 946 582 manus
958 525 1031 584 leva·
1071 522 1407 598 abbasipseeademhora
1414 522 1742 592 agnovitanimamillius
1751 530 1848 596 raptam

233 613 292 668 vit:
313 611 453 670 ‹Gratias
468 611 529 679 tibi,
546 612 630 678 Deus,
644 612 784 683 inquiens,
802 613 876 685 quod
896 613 927 668 in
938 612 1030 670 officio
1070 610 1409 680 adamonibus,audiens
1418 610 1692 684 miserabiliplanetu
1702 614 1848 684 ejulantem,

233 701 414 758 servientium
434 699 484 756 tibi
503 706 622 756 matrem
640 717 731 756 meam
751 702 826 772 ignis
839 701 1028 774 assumpsit.»
1071 709 1101 758 et
1115 702 1155 758 ita
1168 719 1218 774 per
1231 702 1348 772 longum
1362 700 1498 772 temporis
1514 705 1544 756 et
1556 700 1611 756 loci
1626 701 1796 758 intervalium
1808 703 1850 758 ab·

232 790 325 850 Fortis
338 789 368 846 in
376 806 472 846 amore
488 789 538 845 Dei
548 789 706 846 constantia
716 807 777 863 quse
787 796 830 846 tot
844 790 949 846 diaboli
961 791 1032 846 arie·
1072 793 1145 856 duci,
1154 791 1242 848 mittit
1249 790 1302 848 sub
1310 789 1510 846 acceleratione
1517 789 1587 862 quid
1592 790 1628 846 de
1634 789 1682 846 illo
1689 797 1811 862 agaretm
1816 792 1850 848 in·

232 877 308 936 tibus
323 879 446 954 impulsa
459 878 555 936 labare
565 895 622 939 uon
631 881 757 954 poterat!
772 881 889 936 mulleos
905 896 938 936 ec
951 881 1031 953 ignes
1072 880 1207 956 quisitum
1215 880 1260 949 iri;
1268 880 1379 952 legatus
1386 878 1453 934 illuc
1463 879 1612 951 pervolans
1621 880 1744 951 pulsatas
1752 880 1850 936 ioreeir-

233 967 364 1026 inimicus
376 968 546 1042 suggerebat
555 969 798 1042 nesciens,quibus
808 969 850 1024 vir
860 969 970 1044 patiens
979 971 1032 1026 mi·
1070 968 1851 1042 rumpit,inumpensadcubilepemenitineubilijamqe·

232 1057 309 1114 nime
320 1057 501 1116 fundebatur.
522 1057 571 1114 sed
586 1061 724 1130 purgatus
744 1057 780 1112 ad
792 1073 925 1114 coronam
933 1057 1030 1130 gloria
1070 1060 1206 1118 lidumac
1216 1057 1350 1116 membris
1360 1056 1491 1115 omnibus
1500 1057 1625 1128 rigidum
1636 1058 1672 1114 ad
1688 1058 1758 1116 labis
1766 1059 1850 1116 nuda

231 1145 417 1204 formabatur.
428 1147 610 1204 Nihiltamen
625 1147 693 1204 mali
705 1146 735 1202 in
748 1146 799 1204 illa
811 1147 1031 1218 conflagratione
1072 1149 1231 1208 morissue
1238 1147 1354 1204 invenit.
1363 1147 1455 1218 liujus
1469 1146 1601 1202 miraculi
1615 1162 1703 1204 unum
1712 1147 1850 1204 efratrlbus

232 1236 366 1310 predicta
379 1237 495 1292 domina
504 1252 587 1309 passa
597 1235 661 1294 luit.
1071 1243 1174 1296 tatem
1185 1237 1295 1306 babuit,
1309 1237 1357 1310 qui
1371 1253 1435 1292 cum
1445 1252 1478 1292 eo
1489 1235 1605 1292 eosdem
1620 1236 1740 1310 amatus
1750 1237 1849 1292 audivit.

269 1325 340 1382 Dein
355 1331 419 1397 post
436 1326 613 1398 aliquantum
628 1325 763 1398 temporis
784 1342 835 1400 per
855 1325 947 1382 uisum
962 1325 1031 1382 divi·
1108 1328 1235 1396 Quadam
1245 1327 1292 1384 dia
1301 1327 1376 1382 circa
1390 1325 1564 1397 vespertinas
1578 1326 1664 1384 horas
1677 1342 1739 1383 cum
1753 1325 1811 1382 loris
1821 1326 1851 1382 ad

234 1413 310 1470 nitus
320 1416 602 1482 commonitusest,ut
616 1415 733 1472 dimissa
742 1415 894 1472 solitudine
903 1431 1031 1488 campes-
1072 1436 1143 1493 opus
1160 1418 1307 1482 redderet,
1330 1415 1400 1472 sidit
1421 1415 1578 1472 demonem
1602 1414 1655 1472 sub
1669 1401 1762 1472 babitu
1772 1415 1850 1472 cleriei

233 1502 281 1570 tri,
293 1520 354 1577 qua
362 1505 533 1576 competenti
543 1504 754 1578 opportunitate
771 1505 884 1560 omuino
906 1504 1029 1572 carebat,
1072 1525 1158 1583 prope
1171 1508 1262 1564 lorum
1283 1505 1418 1571 transire,
1434 1509 1464 1560 et
1476 1521 1540 1562 eam
1555 1505 1714 1562 dormitorii
1728 1505 1850 1562 officinam

235 1606 299 1648 eum
313 1592 762 1665 adlocumsuijurismansiouem
772 1596 939 1652 transferret
953 1595 1033 1667 quia
1072 1599 1101 1655 in
1117 1613 1173 1670 qua
1187 1597 1304 1652 bairam
1327 1594 1362 1650 ad
1386 1594 1544 1650 necessaria
1565 1599 1751 1659 secammast,
1765 1592 1849 1658 adire;

233 1680 358 1737 rivoillic
369 1683 495 1740 mananti
507 1685 608 1740 Beccus
618 1685 826 1757 appellatur‚ad
840 1685 1033 1741 milliariuma
1073 1701 1171 1744 reuera
1186 1683 1344 1755 suspicatus
1360 1681 1503 1748 derisum,
1520 1685 1551 1738 et
1572 1682 1649 1754 quod
1667 1681 1702 1736 ad
1716 1681 1849 1738 cratonum

233 1779 324 1826 castro
343 1772 417 1842 quod
433 1777 546 1830 viscatur
559 1773 725 1833 Brieuuium
737 1775 818 1830 valle.
835 1773 884 1830 Est
897 1773 943 1828 liic
954 1775 1031 1830 locus
1039 1754 1063 1816 Β
1071 1777 1113 1833 ire
1125 1771 1339 1837 calamensem
1354 1788 1371 1828 a
1383 1770 1575 1842 compluribus
1589 1770 1735 1828 inclamari
1748 1768 1850 1842 quaibat

233 1857 264 1914 in
278 1859 430 1932 ipsosaltu,
445 1862 764 1929 Brionnensivalleima,
778 1862 1032 1920 montibussaltuo·
1072 1880 1129 1923 non
1150 1877 1211 1920 esse
1229 1865 1303 1918 viam
1325 1859 1457 1928 oratorii,
1477 1875 1659 1932 nequaquam
1679 1857 1851 1914 exaudientem

234 1947 274 2015 sis
286 1948 427 2009 hincinde
442 1951 561 2017 occlusa,
579 1951 656 2011 omni
675 1952 887 2026 opportunitate
907 1953 1032 2008 humano
1073 1949 1252 2024 prosequitur
1266 1950 1368 2006 missus
1383 1948 1432 2020 qui
1445 1953 1601 2014 revocaret,
1618 1947 1669 2002 sed
1687 1945 1770 2018 clapsi
1789 1945 1852 2002 nulla

233 2037 299 2092 usui
312 2039 477 2096 commodus
489 2045 604 2112 propter
613 2040 792 2108 densitatem,
808 2059 841 2098 ac
855 2041 907 2098 rivi
921 2058 1031 2098 recrea-
1073 2058 1190 2115 prorsus
1205 2038 1323 2110 vestigia
1343 2037 1463 2097 invenit.
1482 2036 1628 2094 Intellexit
1638 2035 1750 2092 modern
1762 2033 1851 2090 inimici

233 2127 488 2193 tionem;ierarnrn
497 2128 565 2187 illuc
577 2130 699 2186 multum
713 2137 775 2186 erat
788 2147 930 2198 amursos,
945 2131 1033 2188 trium
1075 2130 1258 2206 prestigium.
1275 2143 1306 2184 ac
1321 2126 1362 2182 rei
1376 2131 1507 2182 euentum
1517 2123 1699 2197 exspectarit.
1709 2123 1790 2180 Nocte
1803 2137 1852 2194 pro

234 2216 346 2270 tantum
356 2214 583 2272 molendinorum
594 2217 758 2274 tresdomus
770 2218 928 2283 illicerent,
945 2225 974 2274 et
992 2236 1035 2276 so·
1075 2221 1149 2276 xima
1177 2218 1293 2292 quidum
1315 2215 1479 2282 monachus,
1502 2214 1538 2270 de
1560 2213 1731 2270 monasterio
1749 2211 1851 2282 sumans,

235 2300 296 2357 lum
306 2300 458 2360 habitabile
467 2305 668 2377 permodicum.
676 2306 749 2372 Quid
758 2307 1032 2378 ergoiaceretimo·
1072 2309 1232 2384 pereadem
1259 2307 1321 2362 loca
1348 2320 1478 2376 egressus
1504 2303 1645 2370 discessit,
1660 2306 1727 2358 ute
1750 2299 1848 2369 umbem

234 2390 416 2449 landincrum
427 2393 457 2449 in
465 2410 521 2451 uno
531 2411 596 2467 pars
607 2394 660 2452 sibi
675 2397 762 2462 nulla,
776 2396 896 2454 aliorum
911 2398 1033 2456 ducrum
1073 2399 1240 2458 subsecutus
1254 2393 1471 2468 prodiditQuod
1484 2409 1569 2449 mane
1583 2392 1631 2448 ille
1645 2407 1710 2447 cum
1723 2386 1851 2460 comperis·

235 2497 288 2535 sua
301 2497 366 2552 pars
381 2487 443 2538 erat
456 2484 550 2551 tertia,
566 2500 617 2540 nec
630 2490 726 2540 bsmen
739 2485 790 2542 soii
810 2485 929 2544 liberum
945 2503 1034 2559 quan·
1073 2495 1118 2546 set
1130 2486 1210 2553 dixit,
1227 2484 1274 2540 cui
1290 2481 1431 2540 militabat
1439 2487 1468 2538 et
1479 2482 1528 2556 qui
1542 2498 1610 2538 eum
1623 2480 1756 2538 abducere
1768 2475 1853 2547 sategit

234 2575 297 2626 tuni
310 2574 614 2643 opportunadomuum
633 2575 772 2648 capacitas
786 2575 1034 2648 exigebat.tlomes
1074 2574 1279 2649 avespertinis
1304 2572 1380 2630 horis
1407 2571 1623 2644 prestolabatur
1650 2568 1688 2626 ibi
1712 2564 1853 2624 inmundus

235 2658 396 2717 (iilebertus
415 2661 456 2718 nil
473 2678 592 2736 usquam
606 2680 640 2718 eo
653 2665 728 2720 saltu
742 2664 894 2736 pretiosius
907 2665 1034 2738 posside·
1074 2665 1265 2732 immundum,
1279 2662 1410 2718 domium
1424 2660 1576 2718 satellitem
1589 2675 1641 2733 per
1653 2655 1791 2714 immunda
1800 2654 1852 2725 iure

236 2747 285 2805 bat
297 2749 475 2825 Quidplural
488 2769 538 2825 spe
548 2752 577 2808 in
591 2754 649 2810 Deo
659 2754 868 2826 firmata,coepit
879 2755 1035 2826 operari,ac
1075 2755 1256 2812 abducturus.
1272 2751 1365 2808 Variis
1375 2767 1442 2821 ergo
1458 2748 1653 2806 simultatibus
1667 2763 1727 2818 qum
1744 2742 1852 2816 sepeio·

236 2837 311 2896 Deus
338 2839 546 2897 evidentissime
569 2841 723 2914 cooperari,
747 2859 813 2898 nam
836 2849 990 2910 consortes,
1006 2849 1051 2902 et,
1075 2850 1185 2902 trorsus
1199 2840 1363 2900 oriebantur
1374 2839 1567 2912 coepitdolers
1579 2830 1850 2896 multumetanxiarii

236 2927 403 2984 contermini
418 2945 489 3000 quas
498 2929 853 3004 isimbebantparcesseu
864 2932 1032 3000 venditione,
1076 2936 1112 2991 ad
1125 2951 1159 2990 ea
1172 2932 1247 2988 euim
1268 2928 1462 3002 componenda
1476 2928 1524 3000 qui
1538 2927 1569 2984 in
1583 2927 1705 2982 claustro
1713 2921 1853 2996 praesidem

236 3031 286 3078 seu
299 3019 425 3090 mutuata
435 3019 702 3086 domitoremne
715 3021 767 3078 sibi
785 3038 851 3078 suas
870 3022 983 3088 dedere,
1002 3039 1036 3078 ac
1075 3023 1193 3080 minime
1212 3026 1283 3083 erat,
1295 3025 1459 3092 sumptuum
1471 3016 1713 3089 congerendorum
1723 3008 1852 3070 uecemitas

235 3104 313 3170 brevi
328 3106 514 3180 subtempore
528 3109 629 3166 silvam
644 3109 954 3184 Briouuii,quaecircum
963 3117 1032 3180 erat,
1043 3075 1065 3136 G
1077 3113 1157 3170 illum
1168 3107 1401 3168 extraimmorari
1409 3105 1608 3178 compellebat:
1620 3105 1673 3160 hac
1685 3102 1718 3158 de
1728 3116 1756 3156 ra
1765 3098 1852 3154 molto·

239 3200 328 3254 totam
342 3196 474 3255 obtinuit.
1075 3203 1129 3258 ties
1144 3201 1296 3262 boninum
1307 3213 1371 3254 com
1377 3198 1437 3268 jam
1447 3201 1599 3262 exorasset,
1614 3193 1707 3251 dirim
1720 3189 1769 3246 sibi
1782 3186 1852 3242 miso·

272 3285 451 3352 Consecrata,
467 3287 565 3359 paucis
572 3293 715 3346 exstructa
725 3291 818 3359 annis,
829 3307 886 3346 non
896 3307 982 3363 parva
993 3309 1036 3348 ec·
1077 3291 1149 3348 ratio
1160 3288 1381 3348 accommodavit
1395 3283 1687 3350 auxilium,sutilcieus
1699 3279 1733 3336 ad
1742 3276 1852 3334 amsans

237 3373 331 3442 clasis,
360 3375 499 3432 columnis
518 3393 551 3432 ex
569 3377 670 3449 ligneis
693 3379 847 3436 claustrum
868 3381 1034 3446 construxit,
1078 3397 1142 3453 qum
1156 3378 1265 3451 agenda
1277 3377 1372 3432 serent
1380 3373 1557 3444 sullregium.

237 3462 380 3534 iuquoad
393 3479 499 3520 morem
514 3467 612 3537 patria
626 3467 798 3538 fratresjam
818 3485 958 3540 nusquam
970 3485 1036 3540 pro·
1114 3471 1200 3526 Ortus
1214 3467 1297 3525 ltalia
1311 3465 1426 3538 quidam
1440 3462 1483 3518 vir
1497 3467 1568 3528 erat,
1586 3477 1668 3535 quam
1689 3451 1849 3516 lauriana

235 3567 384 3627 gressuros
397 3553 542 3610 considere
555 3555 688 3612 instituit.
711 3557 799 3613 Nocte
810 3574 874 3614 vero
888 3557 1038 3614 subsecuta
1077 3559 1225 3630 antiquum
1238 3555 1275 3612 ab
1287 3572 1320 3612 eo
1335 3553 1467 3610 restituta
1485 3551 1610 3608 scientim
1627 3553 1728 3606 statum
1745 3549 1798 3600 tota
1811 3554 1849 3594 su·

237 3641 359 3700 orationi
372 3659 405 3700 eo
414 3643 523 3701 intento
535 3645 564 3702 iu
580 3650 672 3702 stratu
686 3663 747 3712 auo,
762 3647 891 3702 diabolus
900 3647 989 3702 sutori
999 3647 1035 3704 il·
1075 3662 1217 3720 premam,
1228 3643 1322 3700 debito
1335 3659 1398 3699 cum
1412 3656 1509 3697 amore
1519 3645 1549 3696 et
1558 3640 1674 3704 bonore,
1685 3629 1850 3706 agumdiffl*

236 3728 543 3804 bobonorumoperum
558 3733 724 3792 incrementi
742 3735 896 3807 primordia
906 3752 1033 3804 cernens,
1075 3737 1207 3808 gistrum,
1223 3732 1337 3790 nomine
1352 3731 1535 3797 Lauicancus,
1551 3734 1606 3784 etc.
1620 3725 1686 3798 (li).

237 3819 670 3891 iupabsnussimemlitaectum
678 3822 837 3880 dormitorii
847 3824 967 3880 multari
973 3841 1036 3880 con-
1111 3824 1205 3880 Abbas
1220 3822 1327 3902 peritus
1341 3825 1402 3878 erat
1414 3819 1445 3874 in
1454 3818 1622 3876 dirimendis
1632 3826 1772 3874 causamn
1782 3818 1850 3863 ³⁰¹¹·

238 3909 356 3969 smnus
366 3910 761 3984 Undequusifloconamine
770 3912 941 3984 colligentes
951 3931 1037 3986 supra
1076 3915 1179 3972 larium
1187 3909 1393 3975 controversiis,
1405 3909 1529 3982 prudens
1540 3908 1569 3964 io
1584 3907 1621 3964 iis
1630 3902 1849 3978 quantorumve

237 4015 338 4063 aarum
351 4016 488 4061 mserum
502 4001 643 4074 parietum
661 4001 762 4058 insiliit
783 4008 990 4074 cooperturam.
1003 4020 1037 4060 ac
1077 4003 1229 4077 pertinent,
1245 4001 1275 4058 in
1299 3997 1461 4056 edificando
1473 4003 1503 4054 et
1516 3993 1691 4069 procurando
1704 4004 1760 4063 qua
1773 3996 1849 4042 Μ

239 4089 271 4149 in
283 4105 373 4151 uuum
383 4090 418 4146 ad
431 4095 537 4149 terram
552 4090 683 4150 uniuersa
693 4091 805 4163 dejecit.
821 4092 925 4148 Verum
940 4093 965 4148 is
980 4109 1037 4150 non
1077 4093 1153 4150 saria
1164 4092 1267 4156 forent,
1291 4105 1342 4146 nec
1357 4085 1522 4160 prudentior
1540 4101 1632 4158 neque
1647 4077 1776 4138 efficacim
1788 4070 1849 4165 salu

238 4183 300 4246 erat
313 4181 496 4252 semenquod
511 4181 540 4236 in
557 4181 677 4254 petrosis
694 4187 787 4236 ortum
811 4187 891 4238 areat
902 4182 969 4253 quia
980 4198 1037 4238 non
1078 4181 1214 4253 religione
1235 4183 1348 4251 poterat
1365 4193 1442 4242 essm
1464 4174 1616 4248 prasentia
1634 4164 1776 4242 corporalis
1795 4159 1849 4253 iem

237 4267 561 4336 wormacienses
583 4270 681 4344 pingui
693 4275 770 4326 term
783 4275 930 4342 exceptum
942 4270 1038 4328 attulit
1078 4271 1153 4328 inter
1177 4285 1259 4328 curas
1280 4265 1378 4326 muudi
1402 4281 1466 4322 cum
1488 4262 1641 4329 residebat,
1656 4257 1761 4316 animm
1771 4249 1802 4306 ud
1815 4259 1849 4300 ΒΝ

236 4359 398 4419 fruetumiu
407 4359 553 4432 patientie,
564 4377 647 4417 mane
658 4360 725 4433 quia
734 4353 1185 4427 inimicusboctecerarbcuran,
1200 4363 1229 4414 et
1243 4371 1368 4414 amorem
1378 4352 1576 4425 Deipracipne
1589 4334 1848 4434 inmudebmubliffl

237 4447 372 4507 iudicavit
382 4448 525 4512 iratribus,
541 4453 570 4504 et
579 4449 702 4520 dejemos
711 4465 809 4506 eorum
827 4449 1038 4506 animosredin·
1079 4447 1222 4506 secularis
1237 4461 1345 4518 pompa
1360 4459 1458 4500 curam
1468 4457 1579 4513 gerens,
1589 4438 1641 4496 soli
1655 4437 1711 4492 lieo
1723 4421 1848 4486 membru

238 4543 364 4609 tegrans.
387 4538 541 4594 claustnrm
566 4555 597 4594 ea
622 4538 761 4611 lapidibus
784 4538 938 4594 rectificare
952 4540 1038 4611 coepit
1077 4537 1137 4596 suis
1155 4533 1309 4609 gratificari
1326 4531 1474 4604 gestiebat.
1492 4528 1682 4590 idaminimus,
1695 4530 1800 4578 ium
1812 4523 1848 4582 P*

238 4630 312 4684 usia.
324 4625 441 4682 Vicinus
453 4626 582 4698 degebat,
596 4627 709 4684 nomine
720 4627 1037 4698 Radulius‚cognomine
1076 4625 1193 4690 tienne),
1216 4623 1246 4680 iu
1271 4620 1447 4694 exsequendo
1474 4617 1567 4676 caruis
1592 4612 1717 4710 appetitu
1740 4600 1847 4694 mim

238 4714 389 4782 bimulus,
403 4716 488 4772 bomo
502 4715 597 4772 seculi
619 4717 771 4788 plurimum
786 4716 915 4772 addictus
933 4733 1036 4774 mocu-
1077 4716 1171 4788 rigore
1181 4710 1451 4774 continentissimus,
1476 4723 1587 4779 semper
1601 4705 1637 4762 ad
1651 4704 1792 4790 oratiomm
1801 4701 1848 4759 pfl·

238 4803 393 4876 pubentis,
407 4804 456 4877 qui
466 4804 501 4860 ab
516 4805 577 4878 ipso
589 4805 690 4862 abbate
703 4823 768 4862 mm
782 4822 856 4878 sape
869 4821 990 4863 numero
1000 4807 1036 4861 ud
1077 4821 1141 4862 mus
1155 4800 1385 4876 exsurgebatuec
1394 4796 1489 4854 diurni
1502 4795 1607 4852 laboris
1619 4779 1847 4888 multde⁰

239 4890 311 4952 bene
321 4892 467 4952 visendum
476 4901 648 4962 moueretur,
665 4894 861 4968 spernabatur,
877 4894 1038 4951 ridebatis
1077 4893 1204 4952 illumin
1227 4892 1299 4947 lecto
1311 4891 1375 4962 post
1394 4885 1464 4943 alios
1477 4884 1636 4950 retinebat,
1657 4893 1709 4952 quo
1719 4885 1785 4946 surb
1802 4875 1847 4960 liu

238 4982 376 5052 nusum
391 4999 457 5042 eun
472 4983 508 5040 os
527 4985 803 5044 manseramus
822 4984 921 5042 munes
939 4986 1037 5057 volup·
1078 4976 1420 5055 conquiramusque
1438 4972 1629 5046 sibiragebat.
1651 4957 1846 5060 masuam

239 5077 299 5130 tate
317 5073 437 5130 satiatm
457 5080 541 5142 esset,
557 5075 727 5132 monachum
739 5091 770 5132 se
781 5075 909 5132 tirturum
926 5090 1039 5146 respon·
1079 5070 1292 5136 scientissimus,
1308 5065 1471 5141 presidium
1495 5063 1554 5122 suis
1575 5065 1638 5120 erat
1650 5059 1742 5114 obuii*
1752 5053 1845 5114 ¹¹¹¹‘ll⁰⁸

239 5162 333 5232 dabat.
349 5164 479 5230 Quadam
491 5181 559 5236 ergo
577 5165 623 5224 die
643 5163 790 5224 Dominica
803 5179 854 5236 pro
869 5163 1038 5236 quibusdam
1078 5167 1232 5226 exactores,
1248 5163 1277 5215 et
1290 5157 1314 5213 si
1328 5156 1395 5230 quid
1415 5155 1491 5210 iuter
1504 5168 1553 5210 eos
1566 5142 1845 5208 muboreruunssoe·

189 5283 194 5288 ·
239 5253 455 5315 altercationum
481 5253 687 5321 controversiis,
715 5253 879 5328 predictum
906 5252 1037 5310 abbatem
1077 5253 1171 5319 batur,
1187 5247 1348 5324 equissimo
1359 5244 1507 5302 confestim
1521 5247 1597 5300 statu
1610 5217 1845 5316 compondffln'

239 5343 318 5411 adiit,
336 5361 420 5417 penes
435 5359 519 5416 quem
541 5344 704 5402 demoratus
724 5343 754 5400 in
776 5359 921 5415 vesperum
934 5362 942 5410 ;
956 5347 1038 5400 nocte
1078 5343 1234 5413 docunque,
1248 5338 1291 5394 sel
1310 5333 1523 5409 quibuscunque
1537 5328 1699 5404 loquebatur
1707 5316 1845 5376 mmmm

237 5435 298 5507 iam
309 5434 458 5507 ingruente
472 5449 551 5492 more
570 5432 652 5490 solito
668 5433 840 5501 admonitus,
862 5437 989 5504 rogatus,
1011 5438 1040 5490 et
1079 5430 1248 5505 dignitatem
1262 5428 1330 5484 inse
1346 5424 1497 5482 maximam
1509 5437 1610 5495 gerens
1624 5395 1844 5474 obaudiebsbffifli

239 5524 361 5583 irridens
371 5523 487 5582 domum
500 5522 593 5587 redut,
608 5527 638 5580 et
650 5522 725 5580 circa
738 5521 865 5594 eiusdem
880 5522 970 5580 nocua
980 5539 1037 5580 me·
1081 5523 1178 5580 doctor
1205 5519 1252 5576 ille
1274 5515 1413 5574 maximus
1428 5513 1457 5572 in
1470 5514 1592 5570 elaustro
1614 5515 1719 5566 omnem
1747 5495 1841 5594 0ill⁸l¹¹¹

277 5615 331 5684 (lt)
343 5612 465 5687 Reliqua
476 5617 586 5672 exstant
600 5612 630 5668 in
642 5612 708 5670 Vita
722 5611 858 5684 ejusdem.
