3986 6184
177 303 234 372 ’173
669 313 701 370 Β.
722 313 931 372 LANFRANOI
949 311 1130 372 damtuna.
1153 313 1323 373 secutur.
1763 319 1813 380 leo

180 442 256 496 onim
266 426 349 494 breve
359 441 418 506 est}
432 437 477 496 28.
490 438 632 510 reliquum
643 443 696 509 est,
706 443 894 509 consequitur,
905 443 937 494 ut
947 441 975 492 et
989 437 1036 509 qui
1048 437 1154 494 habent
1163 455 1275 506 uxores,
1287 445 1422 512 tanquam
1437 458 1494 498 non
1503 443 1639 500 habentes
1650 445 1721 514 eint;
1732 441 1814 504 aaa

160 563 163 570 ι
181 529 230 604 qui
244 529 321 584 flent.
331 533 468 610 tauquam
480 542 537 582 non
547 528 647 582 flantes
659 546 665 596 ;
677 531 705 582 et
721 528 769 600 qui
782 528 918 600 gaudent,
929 531 1064 598 tanquam
1075 544 1130 584 non
1140 528 1296 600 gaudentes
1308 547 1314 596 3
1327 531 1413 601 etqui
1426 539 1674 606 emunt,tanquarn
1685 551 1742 590 non
1750 551 1814 606 pos·

179 619 324 688 sidentes3
340 620 370 671 et
381 616 429 688 qui
445 621 564 672 utuntur
573 617 626 672 hoc
638 618 754 682 mundo,
768 623 904 690 tanquam
920 633 975 673 non
993 623 1111 673 utantur
1126 637 1131 672 :
1150 615 1195 684 30,
1211 616 1255 675 31.
1276 619 1402 690 praetsrit
1415 621 1489 676 enim
1500 625 1584 691 (rolto
1594 639 1645 678 cur
1657 641 1688 678 eo
1701 640 1760 692 qna
1770 641 1816 678 so·

178 711 276 780 perias
291 709 366 761 dicto
375 710 450 771 sunl,
465 709 546 775 quasi
558 721 615 761 non
629 709 696 773 sint,
713 709 876 762 estimanda
887 711 964 772 sunit)
977 708 1069 778 figura
1080 707 1166 778 huJus
1176 708 1283 764 mundi.
1295 709 1365 764 Volo
1379 713 1473 765 autem
1488 728 1537 766 vos
1555 713 1616 768 sine
1630 713 1817 768 sollicitudine

181 799 276 864 saculi
285 809 356 850 esse.
373 793 426 858 Qui
441 793 502 849 sina
511 810 598 849 uxore
613 799 665 861 est,
672 795 808 851 sollicitus
822 800 866 850 est
879 811 941 867 quae
954 795 1067 851 Domini
1081 799 1157 863 sunt,
1172 795 1313 867 quomodo
1332 797 1442 868 placent
1457 799 1524 854 Deo.
1540 801 1594 865 Qui
1608 805 1711 867 autem,
1729 804 1814 866 enim,

182 899 246 940 cum
260 898 347 939 uxore
357 888 409 948 est,
424 882 559 939 sollicitus
572 888 616 939 est
629 898 690 955 quse
700 889 767 939 sunt
780 883 888 952 mundi,
909 883 1049 955 quomodo
1068 884 1178 954 placeat
1191 884 1281 950 uxori,
1297 889 1327 940 at
1341 886 1446 941 divisus
1461 892 1513 942 est.
1531 890 1609 944 llole'o
1618 905 1670 944 car
1684 893 1814 944 mulieres

181 977 243 1030 sine
257 976 317 1028 uiro
327 989 380 1027 osec
391 974 514 1027 debeant.
531 971 566 1027 Et
579 973 681 1027 mulier
694 973 824 1046 innupta,
842 979 871 1027 et
884 973 973 1043 virgo,
989 972 1096 1043 cogitat
1105 989 1168 1044 quae
1182 973 1294 1029 Domini
1306 981 1381 1040 sunt,
1388 981 1420 1030 ut
1434 975 1471 1030 sit
1484 982 1581 1031 sancta
1590 992 1706 1049 corpore
1720 983 1748 1032 et
1757 981 1815 1049 spi·

181 1063 249 1118 ritu.
264 1063 332 1127 Qua
342 1066 438 1117 autem
452 1067 541 1133 nupta
551 1065 602 1129 est,
619 1063 725 1133 cogitat
738 1079 799 1134 quas
813 1067 879 1118 sunt
894 1060 1002 1127 mundi,
1019 1060 1159 1132 quomodo
1174 1062 1283 1134 placeat
1295 1063 1364 1134 viro.
1379 1064 1467 1119 Porro
1481 1065 1534 1120 hoc
1546 1066 1582 1120 ad
1593 1066 1742 1122 utilitatem
1753 1083 1815 1120 ves·

181 1155 255 1207 tram
271 1151 343 1217 dico,
359 1149 403 1207 3³2.
419 1167 476 1204 non
488 1155 522 1204 ut
537 1150 670 1222 laqueum
684 1150 762 1206 vobis
776 1151 911 1223 injiciam,
928 1165 985 1204 non
999 1154 1029 1203 ul
1042 1152 1074 1204 in
1081 1153 1178 1220 peloro
1192 1166 1236 1205 uos
1248 1153 1304 1206 labi
1316 1153 1432 1220 sociam,
1442 1154 1510 1208 dam
1529 1157 1745 1210 matrimonium
1758 1157 1816 1210 dis-

180 1241 294 1306 suadeo,
306 1238 350 1297 33.
361 1238 411 1294 sad
426 1237 510 1306 adid,
522 1238 597 1311 quod
610 1240 760 1296 honestum
778 1245 831 1305 est,
841 1255 937 1294 moneo
951 1255 1005 1304 oos,
1026 1242 1054 1293 at
1069 1238 1144 1309 quod
1158 1239 1321 1294 facultatem
1335 1239 1460 1311 praebeat
1474 1241 1534 1296 sine
1548 1241 1750 1315 impedimento
1761 1243 1815 1297 Do-

182 1328 291 1385 minum
311 1327 484 1395 obsecrandi,
497 1329 527 1383 id
537 1334 585 1395 cel,
600 1331 746 1384 serviendi.
764 1328 807 1387 31.
827 1329 858 1384 Si
873 1328 935 1399 quis
955 1325 999 1384 35.
1015 1330 1111 1381 autem
1128 1331 1251 1399 turpem,
1267 1331 1452 1396 insumemse
1469 1330 1559 1385 videri
1574 1331 1720 1386 existimat
1732 1347 1818 1402 super

181 1417 299 1489 virgine,
308 1419 378 1485 filio,
390 1432 451 1484 sua,
467 1415 542 1488 quod
557 1417 595 1472 sit
607 1418 800 1489 superadulta,
817 1422 846 1473 at
860 1417 900 1472 ita
914 1420 1025 1488 oportet
1037 1415 1111 1478 fieri,
1125 1419 1193 1486 quio
1208 1419 1286 1486 sirpo
1293 1420 1446 1472 castitatem
1456 1435 1566 1474 servaro
1577 1436 1633 1474 non
1646 1423 1720 1486 oull3
1738 1419 1811 1491 quod

181 1506 241 1561 vult
255 1505 348 1570 faciat,
364 1501 408 1560 36.
419 1521 486 1587 1190
498 1509 539 1560 val
552 1511 641 1575 paler,
657 1509 699 1560 ool
713 1509 773 1576 ipso
784 1508 844 1574 filio
861 1521 916 1560 non
933 1509 1038 1576 peccat,
1054 1502 1188 1559 sinubat.
1201 1503 1247 1560 Sic
1260 1507 1363 1569 dcislo,
1380 1521 1447 1561 nom
1462 1509 1494 1561 de
1505 1511 1562 1562 olio
1579 1511 1673 1563 alitor.
1685 1508 1816 1578 Numqui

178 1594 279 1650 statuit
292 1593 321 1649 in
331 1593 414 1650 corde
429 1609 480 1648 suo
493 1595 601 1660 armus,
613 1610 669 1650 non
678 1594 784 1650 habens
793 1595 990 1650 necessitatem
999 1593 1108 1648 bononi
1118 1595 1178 1660 filia
1186 1595 1282 1658 nabot,
1292 1597 1342 1662 qui
1352 1598 1492 1650 continere
1498 1599 1634 1663 noluerim
1646 1578 1816 1668 potestatem

181 1689 275 1740 autem
290 1681 397 1738 habens
409 1699 466 1738 sum
475 1683 637 1752 voluntatis,
650 1689 682 1739 nl
696 1687 775 1753 uirgo
789 1686 884 1750 nabot,
900 1687 941 1738 ool
956 1698 1022 1744 non,
1039 1684 1067 1735 et
1083 1681 1135 1735 hoc
1144 1681 1281 1751 judicavit
1295 1681 1324 1736 in
1338 1683 1422 1738 corde
1432 1698 1494 1749 suo,
1508 1685 1610 1738 scilicet
1632 1700 1746 1740 servare
1762 1684 1816 1738 vir-

179 1772 275 1846 ginem
289 1787 381 1839 suam,
395 1769 466 1827 bene
480 1771 555 1826 lacit.
572 1771 663 1844 Igitur
676 1777 705 1828 el
715 1772 764 1844 qui
777 1772 958 1828 matrimonio
969 1768 1065 1841 jungit
1078 1769 1214 1840 virginem
1229 1787 1320 1837 suam,
1348 1771 1419 1827 bene
1438 1773 1514 1840 facit,
1533 1779 1562 1828 et
1576 1773 1624 1846 qui
1638 1790 1694 1830 non
1707 1773 1812 1845 pingit,

183 1861 262 1928 benc;
279 1875 346 1914 nom
359 1860 460 1915 melius
472 1860 549 1916 facit.
563 1863 703 1917 Dnsooeio
716 1878 733 1917 a
745 1863 937 1917 matrimonio.
953 1858 1055 1914 Mulier
1075 1858 1189 1930 alligata
1216 1865 1259 1914 est
1272 1859 1339 1930 legi,
1354 1864 1457 1916 scilicet
1468 1866 1607 1928 morituti,
1622 1870 1728 1935 quanto
1743 1871 1817 1920 lem·

182 1963 251 2021 pore
262 1948 371 2020 virejus
380 1949 463 2017 eivit3
478 1950 553 2021 quod
563 1949 740 2005 sidormierit
749 1955 836 2005 morte
844 1948 888 2003 vir
896 1949 967 2018 ejus.
979 1948 1097 2002 liberato
1109 1951 1169 2016 sst;
1185 1947 1229 2002 cui
1244 1947 1304 2003 vult
1318 1947 1415 2016 nubat,
1426 1955 1538 2006 tantum
1548 1951 1577 2006 iu
1586 1951 1714 2018 Domino,
1724 1955 1818 2022 upote·-

184 2042 236 2093 tor.
250 2035 365 2091 Beatior
378 2041 473 2092 autem
486 2037 541 2092 erit
552 2038 577 2092 si
591 2038 640 2104 sic,
655 2041 716 2092 sine
730 2040 801 2102 siro,
816 2034 1004 2110 permanserit
1013 2034 1168 2091 secundum
1181 2052 1277 2092 meum
1290 2038 1439 2094 consilium
1454 2058 1460 2093 τ
1476 2039 1521 2097 37.
1537 2044 1605 2112 puto
1618 2046 1712 2096 autem
1729 2043 1818 2112 (alac

184 2127 342 2198 quisscotur
351 2127 465 2181 oonsilio
474 2127 564 2198 illins)
583 2126 658 2201 quod
672 2131 701 2182 et
714 2143 766 2198 ego
779 2125 916 2202 Spiritum
929 2122 981 2180 Dei
993 2121 1126 2182 habeam.

855 2299 1149 2360 COMMENTARIUS.

185 2483 253 2542 dicit
269 2500 331 2568 non
340 2485 441 2542 debera
455 2487 490 2542 ad
499 2487 692 2559 generandum
706 2486 839 2542 sollicitos
851 2499 931 2542 csse:
952 2483 1016 2548 etA
1029 2485 1066 2540 od
1076 2485 1106 2538 id
1114 2486 1186 2555 qood
1197 2485 1342 2541 tenutam
1358 2491 1405 2541 est.
1425 2485 1494 2541 cum
1510 2485 1551 2539 ait
1566 2503 1572 2538 :
1585 2485 1637 2542 Sed
1647 2487 1684 2541 od
1705 2487 1735 2541 id
1748 2489 1821 2556 quod

110 2581 117 2590 “
186 2577 325 2650 quillsat,
339 2582 476 2651 unquam
497 2594 553 2634 non
578 2580 677 2634 flentes
701 2577 767 2646 sint,
783 2578 903 2634 scientes
918 2591 983 2630 mox
1028 2576 1226 2630 bonestomcst.
1235 2575 1297 2630 Non
1308 2574 1675 2647 matrimoniumturpeesse
1685 2575 1818 2644 ostendit,

185 2667 407 2724 consolationem
416 2683 514 2723 eorum
539 2669 684 2736 futuram,
708 2671 737 2722 et
748 2667 796 2739 qui
808 2667 838 2724 in
851 2662 982 2739 praesenti
1024 2655 1073 2719 s'cd
1088 2663 1237 2735 quoderat
1263 2665 1379 2720 honesto
1405 2665 1465 2735 [ol.,
1481 2664 1643 2736 honestum]
1664 2665 1819 2732 honestius,

185 2756 321 2828 gaudent,
329 2757 419 2813 sciant
432 2773 496 2813 mox
509 2758 616 2814 luctum
628 2757 766 2812 futurum.
1023 2742 1164 2824 genesius
1175 2753 1286 2808 honesti
1301 2753 1414 2809 nomine
1427 2753 1641 2808 commendavit.

221 2843 266 2902 28.
284 2845 389 2903 Lmen.
406 2848 552 2917 Reliquum
575 2853 622 2902 est.
649 2845 731 2913 Quia,
745 2845 848 2918 inquit,
871 2852 983 2920 tempus
1060 2841 1105 2896 34.
1121 2843 1223 2898 Laura.
1241 2843 1274 2900 Si
1285 2846 1346 2912 puis
1365 2849 1469 2910 autem,
1486 2847 1539 2899 etc.
1561 2843 1633 2908 Quia
1646 2841 1822 2914 superiusad

186 2932 269 2990 breve
281 2939 333 3001 est,
357 2935 539 3008 consequitur
551 2939 583 2992 ut
598 2934 733 3007 quidquid
759 2935 790 2990 in
809 2936 861 2991 hoc
883 2938 984 2993 saculo
1025 2930 1214 3002 virginitatem
1240 2936 1429 2996 sumeretne
1456 2931 1518 3003 quis
1538 2937 1651 3004 putaret
1677 2936 1822 3003 peccatum

187 3023 247 3108 eive
262 3041 438 3098 prosperum,
453 3025 510 3080 sive
536 3025 684 3081 adversum
707 3019 912 3092 videturesse,
934 3043 984 3099 pro
1025 3018 1161 3093 1011111,
1178 3021 1300 3092 1011181
1327 3020 1415 3075 filiam
1443 3021 1587 3076 0011111116
1606 3021 1747 3076 nolentem
1762 3020 1821 3075 viro

188 3114 326 3185 parvitate
339 3115 475 3187 temporis
488 3115 581 3187 potius
595 3114 723 3170 videatur
736 3131 792 3170 non
803 3130 874 3171 esse.
1025 3109 1161 3176 traderet,
1178 3109 1246 3165 dicit
1258 3109 1283 3164 si
1297 3109 1359 3180 ipsa
1370 3109 1514 3164 continere
1543 3109 1622 3175 nolit,
1644 3125 1699 3164 non
1714 3115 1820 3180 peccat,

224 3200 269 3258 13.
283 3203 407 3259 Auousr.
419 3205 752 3272 (inespos.l’sol.oxns11,
765 3207 833 3258 tom.
849 3203 936 3266 vllll.
952 3205 984 3258 111
1025 3197 1049 3252 si
1060 3197 1154 3252 nubat.
1165 3197 1277 3252 Habeas
1287 3203 1382 3252 autem
1391 3196 1477 3252 filiam
1491 3213 1576 3269 quam
1592 3197 1735 3252 continere
1746 3196 1820 3261 velit,

187 3293 238 3360 qni
251 3294 327 3361 slent.
338 3291 471 3363 Quisquis
480 3297 574 3347 autem
585 3291 643 3347 sive
655 3291 818 3358 manducat,
829 3291 887 3346 sive
902 3289 983 3359 bibit,
1026 3302 1089 3341 cum
1099 3286 1158 3358 ipse
1166 3284 1268 3342 habeat
1276 3290 1443 3358 potestatem
1455 3287 1530 3358 quod
1544 3302 1578 3341 ea
1592 3283 1689 3350 nubat,
1700 3285 1743 3339 sel
1753 3301 1820 3352 non,

188 3379 334 3434 sivealiud
348 3379 453 3450 aliquid
476 3380 544 3450 agit,
560 3379 697 3434 omniain
711 3379 829 3450 gloriam
843 3379 893 3434 Dei
906 3379 981 3434 facit.
1026 3375 1051 3430 si
1061 3379 1142 3445 pater
1153 3375 1281 3442 voluerit,
1311 3375 1335 3430 si
1361 3375 1450 3430 tiliam
1478 3375 1614 3445 virginem
1629 3373 1822 3440 servetbcne

188 3471 254 3534 ω
267 3466 302 3522 Iit
313 3466 337 3522 si
350 3467 444 3539 aliqua
457 3468 573 3523 tristitia
589 3473 633 3523 est
644 3468 680 3523 de
693 3467 778 3523 rebus
794 3466 983 3535 soecularibus,
1025 3462 1100 3518 facit.

189 3555 230 3611 sic
240 3555 308 3611 fleat
321 3559 354 3612 ut
363 3556 439 3612 intus
454 3572 503 3628 spe
516 3556 647 3628 gaudeat.
665 3557 699 3611 Et
722 3556 747 3612 si
773 3555 868 3628 aliqua
889 3556 987 3612 laetitia
1062 3549 1106 3608 35.
1117 3552 1223 3608 Linea.
1238 3554 1355 3622 turpem
1372 3569 1398 3607 sc
1414 3554 1504 3608 uideri
1515 3555 1664 3618 coislimol,
1681 3552 1710 3606 id
1731 3557 1782 3614 est,
1798 3553 1822 3606 si

191 3649 234 3700 est
247 3645 276 3700 in
291 3643 375 3701 rebus
384 3645 574 3711 soecularibus,
588 3646 628 3701 sic
641 3645 765 3717 gaudeat
777 3652 810 3700 ut
837 3646 912 3700 intus
925 3645 983 3717 spi·
1025 3639 1087 3711 quis
1097 3640 1234 3712 virginem
1244 3640 1328 3696 babet
1338 3640 1538 3713 adultamque
1544 3640 1702 3696 castitatem
1712 3656 1823 3696 serrare

88 3749 90 3758 ³
188 3733 330 3790 ritualiter
344 3725 459 3802 timeat;
475 3750 526 3789 nec
537 3735 624 3790 donet
638 3750 668 3788 se
691 3734 927 3808 corrumpendum
943 3733 984 3788 le-
1026 3729 1106 3795 nolit,
1125 3735 1154 3784 et
1167 3735 1281 3786 curator
1294 3731 1356 3801 ejus
1371 3734 1453 3801 putat
1466 3729 1540 3801 quod
1564 3728 1709 3784 infamiam
1737 3728 1824 3800 turpi-

189 3821 300 3890 licitati,
311 3839 363 3878 nac
369 3824 464 3878 tradat
469 3823 630 3879 adversitati
639 3823 835 3894 frangendum,
843 3824 897 3878 hoc
910 3822 984 3878 enim
993 3827 1019 3892 n
1028 3817 1134 3873 tudinis
1149 3818 1314 3874 incursurus
1330 3817 1368 3873 sit
1379 3818 1402 3873 si
1428 3818 1585 3872 castitatem
1602 3833 1713 3872 servare
1726 3833 1824 3888 coege-

191 3917 235 3967 est
246 3911 608 3984 fleretanquamnonller03
620 3911 781 3983 etgeudere
790 3916 987 3983 tanquamnon
1027 3907 1077 3975 rit;
1094 3923 1150 3962 non
1162 3907 1310 3978 peccatvel
1325 3907 1393 3978 ipse,
1407 3907 1450 3962 vel
1465 3906 1584 3978 virgo,si
1598 3905 1687 3962 nubat
1698 3906 1785 3977 virgo.

187 4000 319 4073 gaudere.
1063 3993 1107 4052 36.
1118 3998 1241 4052 Auuuse.
1259 3997 1450 4064 (bibliebono
1461 3997 1573 4060 viduit,
1593 4012 1617 4052 c.
1634 3993 1661 4052 9.
1676 4000 1744 4050 torn.
1762 3993 1824 4065 lV.)

226 4087 270 4149 30.
281 4092 405 4147 Auuusr.
426 4088 483 4158 (lib.
499 4103 535 4145 xx
547 4091 584 4146 llo
598 4091 649 4144 cio.
674 4091 734 4159 lici,
749 4105 774 4144 c.
793 4087 846 4154 11).
860 4091 985 4146 Proiecit
1028 4085 1188 4153 Nonpccoot
1202 4087 1227 4140 si
1243 4087 1339 4140 nubat.
1355 4085 1423 4149 Qua
1436 4101 1466 4138 se
1489 4101 1546 4140 non
1560 4083 1695 4152 continet,
1713 4081 1820 4150 nubat;

190 4183 266 4237 onim
277 4183 380 4250 lipara
391 4179 496 4252 Figura
502 4178 635 4253 preterit,
645 4195 701 4234 non
713 4179 913 4243 naturalibtd.,
922 4194 983 4249 cup.
1026 4188 1088 4243 qua
1101 4187 1158 4229 non
1168 4173 1261 4246 caepit,
1273 4172 1426 4240 deliberet3
1443 4173 1517 4244 quod
1525 4189 1658 4245 aggressa
1665 4178 1716 4236 est,
1727 4188 1822 4243 perse·

188 4269 396 4338 liniamentis
410 4269 514 4341 quippe
527 4268 571 4323 his
583 4268 631 4340 qui
645 4267 742 4340 scripti
751 4283 808 4324 non
826 4273 892 4323 sunt
905 4267 934 4322 in
949 4267 984 4321 li-
1025 4267 1111 4318 veret.
1125 4263 1209 4320 Nulla
1222 4261 1382 4318 adserendo
1391 4263 1473 4317 datur
1487 4262 1594 4317 occasio
1606 4281 1613 4328 ;
1628 4262 1705 4317 nulla
1711 4261 1823 4317 Christo

189 4358 242 4415 bro
255 4359 329 4425 vitae,
341 4358 409 4415 etin
422 4364 560 4414 aternum
574 4358 668 4429 ignem
684 4357 787 4423 missis,
809 4362 877 4412 tunc
897 4357 988 4426 figura
1028 4350 1327 4407 subtrahaturoblisio.

188 4447 273 4517 hujns
289 4447 395 4511 mundi,
416 4446 622 4502 mundanorum
635 4445 743 4517 ignium
769 4444 988 4516 conflagratione
1064 4439 1108 4498 31.
1119 4442 1242 4498 Artocen.
1258 4443 1363 4512 (depos.
1379 4438 1423 4496 37.
1436 4443 1467 4496 in
1476 4441 1584 4508 donno.
1600 4439 1692 4508 loon.)
1704 4441 1824 4494 Putoou·

190 4534 354 4608 preteribit.
370 4534 415 4590 Sic
429 4535 532 4590 factum
549 4541 592 4590 est
614 4534 820 4590 mundanarum
848 4550 987 4604 aquarum
1028 4536 1080 4585 lom
1097 4533 1234 4601 qnodepo.
1251 4530 1385 4586 Homines
1410 4530 1446 4585 de
1471 4528 1515 4584 his
1538 4527 1632 4591 rebus,
1649 4544 1719 4600 quas
1733 4533 1824 4584 certas

188 4623 373 4680 inundatione
386 4623 529 4678 diluvium.
547 4623 608 4680 llla.
623 4628 656 4678 ut
676 4623 743 4689 dixi,
755 4623 985 4693 conflagratione,
1028 4619 1133 4676 habent
1148 4620 1299 4693 aliquando
1315 4619 1486 4691 increpative
1497 4616 1636 4678 dubitant,
1652 4615 1748 4683 idest,
1764 4633 1823 4672 ver·

190 4713 339 4768 mundana
355 4711 417 4784 [ol.,
432 4711 587 4784 mundana]
603 4712 805 4767 elementorum
821 4710 986 4782 corruptibi-
1026 4709 1093 4764 bum
1108 4707 1291 4764 dubitationis
1305 4707 1383 4779 ponit
1406 4708 1467 4778 lat,
1491 4703 1623 4779 ponunt],
1648 4722 1712 4760 cum
1732 4706 1820 4776 [odda

190 4802 259 4858 lium
275 4800 435 4873 qualitates,
446 4817 508 4872 qua
515 4799 678 4872 corporibus
686 4800 790 4855 nostris
799 4798 986 4871 corruptibili·
1026 4797 1067 4868 in]
1083 4798 1166 4853 corde
1187 4815 1243 4853 non
1269 4796 1406 4852 dubitent.
1422 4795 1507 4851 Velut
1532 4796 1557 4850 si
1571 4795 1725 4866 indigneris
1744 4810 1822 4849 servo

188 4889 241 4946 bus
252 4889 453 4960 congruebant,
464 4889 588 4944 ardendo
599 4888 712 4960 penitus
725 4887 889 4943 intesibunt.
1026 4892 1076 4942 tuo
1091 4891 1119 4942 et
1138 4887 1214 4942 dices
1227 4905 1232 4941 :
1261 4885 1424 4941 Contemnis
1447 4885 1511 4940 mei
1539 4884 1692 4940 Considera
1704 4885 1822 4938 forsitan

224 4977 268 5034 31.
285 4979 387 5034 Lassa.
398 4981 521 5034 Praleril
531 4980 607 5033 enim
617 4980 718 5046 Maro.
729 4977 811 5032 Ratio
820 4993 870 5032 cur
881 4993 914 5032 ea
924 4993 985 5049 quae
1027 4976 1163 5031 Dominus
1188 4981 1253 5032 tuus
1265 4992 1337 5031 suns.
1350 4975 1421 5030 llinc
1433 4980 1462 5028 et
1474 4974 1624 5046 Apostolus
1636 4973 1671 5027 ad
1686 4972 1820 5044 quosdam

189 5069 319 5142 superius
340 5068 414 5123 dicta
437 5077 513 5134 sunt,
531 5067 610 5139 quasi
636 5083 690 5122 non
717 5067 783 5132 sint,
800 5067 1013 5165 existimandae
1026 5071 1237 5122 contemnentes
1249 5081 1314 5120 suos
1327 5064 1454 5134 loquens,
1470 5063 1532 5118 ait:
1551 5065 1621 5118 Puto
1637 5066 1730 5116 antem
1749 5062 1820 5128 qood

189 5165 265 5216 sunt.
281 5158 372 5215 Omne
382 5158 456 5213 enim
472 5157 545 5230 quod
555 5156 689 5229 praeterit,
701 5157 892 5228 cujuscunque
901 5157 984 5228 proli·
1026 5161 1051 5210 et
1062 5173 1109 5223 epo
1122 5155 1263 5224 Spiritum
1275 5156 1325 5210 Dei
1335 5155 1418 5208 babeo
1441 5152 1494 5217 Qui
1508 5151 1576 5207 dicit
1595 5157 1672 5222 puto,
1691 5149 1820 5204 dubitare

187 5247 282 5305 nitetis
296 5249 342 5308 sit.
358 5245 509 5303 aternitati
521 5259 724 5318 comparatum,
742 5245 812 5301 nihil
825 5251 877 5300 est.
1026 5244 1144 5299 videtur.
1158 5243 1212 5299 Sed
1228 5243 1274 5298 ille
1284 5241 1457 5314 increpabat,
1473 5257 1530 5296 non
1544 5239 1699 5295 dubitabat.
1712 5239 1746 5294 et
1760 5239 1819 5310 ipsa

224 5337 342 5395 3311011
356 5341 538 5407 alloquium,
564 5335 591 5390 id
613 5341 665 5398 est,
681 5351 737 5390 non
751 5334 786 5390 ad
809 5333 861 5390 boc
883 5351 984 5390 moneo
1026 5332 1162 5388 Dominus
1175 5337 1271 5388 noster
1292 5332 1347 5387 alio
1375 5333 1434 5386 loco
1456 5329 1605 5402 increpans
1624 5327 1819 5384 infidelitatem

185 5428 343 5484 castitatem
358 5425 485 5499 diligere,
501 5431 534 5481 ut
561 5426 615 5481 hac
643 5425 789 5481 occasione
820 5425 902 5479 velim
923 5441 998 5502 nos.¹
1023 5420 1410 5493 futuramgenerishumani:
1427 5419 1496 5474 Cum
1509 5421 1622 5484 venerit,
1633 5417 1734 5490 inquit,
1745 5420 1819 5478 tiliae

183 5514 693 5588 propteriucontinentiaminluxuriae
704 5512 979 5585 laqueamincidere.
1022 5513 1154 5580 bominis,
1170 5515 1252 5582 pulos
1262 5513 1382 5571 investiet
1396 5509 1476 5578 idom
1490 5511 1522 5564 in
1534 5513 1633 5563 mesot

182 5628 197 5676 p
221 5601 266 5662 33.
283 5603 406 5664 Aeones.
422 5604 483 5674 (lib.
496 5605 535 5660 tie
560 5605 629 5660 bono
650 5604 765 5670 viduit,
782 5617 843 5674 cap.
866 5601 902 5672 5.)
918 5602 982 5673 [Sed
