3986 6184
109 251 143 306 sl
584 237 817 308 cuononem
834 239 1035 302 remonuit
1052 239 1286 304 assamonei.
1726 247 1760 308 98

109 375 169 440 siae,
182 379 323 446 quantum
336 385 440 453 nomen
449 370 691 452 veshpmeiitendi
702 369 1046 442 postestvitamAipsum
1060 370 1095 426 ad
1110 387 1251 428 summam
1264 377 1437 429 senectutem
1451 373 1611 445 pervenisse
1628 374 1698 430 mihi
1712 375 1755 430 se·

109 451 237 500 rosham
249 457 437 499 neccssarsam
453 457 514 496 esse
526 441 719 512 intelhgimus,
737 449 793 498 etc.
955 442 1007 496 cile
1029 441 1174 509 suadeam,
1191 443 1226 498 iis
1249 444 1428 514 potissimum
1440 444 1597 502 rationibus
1613 446 1754 512 inductus,

147 517 192 584 (⁸⁰)
205 517 344 571 Kalendas
357 516 449 570 lunii.
466 511 517 565 Vel
530 511 611 566 Nono
624 513 766 568 Kalendas
787 512 915 583 ejusdem
955 512 1088 567 nimirum
1106 526 1191 586 :cum
1201 514 1281 568 Becoi
1293 517 1459 571 monachum
1469 516 1616 580 induisset,
1627 523 1758 588 provecta

110 587 227 653 mensis,
248 591 280 640 ut
301 590 345 640 est
364 589 462 640 auctor
481 582 639 638 Florentius
657 583 773 654 Vigom.
796 583 916 653 scriptor
956 589 1018 639 erat
1031 589 1123 650 aetate,
1139 585 1193 638 hoc
1207 589 1250 638 est
1262 587 1449 658 quadraginta
1458 589 1582 659 quinque
1591 587 1654 658 plus
1662 588 1756 644 minus

111 675 222 712 maius
236 658 272 712 ad
282 673 330 711 an.
349 654 444 714 insa·
457 652 679 736 Dorebernensis
691 654 915 725 archiepiscopus
955 671 1104 720 annorum,
1117 656 1352 726 quemadmodum
1367 657 1426 730 ipse
1435 659 1541 730 liquido
1551 659 1669 714 innuere
1681 660 1757 715 vide-

111 729 289 784 Lansrancus
303 729 385 783 Nono
404 726 466 782 Kal.
483 725 567 790 lunii,
585 725 655 780 seria
689 725 769 779 uinta
782 725 852 778 obiit
866 739 915 778 eo·
955 730 1003 781 tur
1016 725 1146 796 precibus
1157 726 1213 782 illis
1224 743 1293 798 quas
1301 734 1382 783 nocte
1394 733 1421 796 (a
1432 728 1587 785 latronibus
1595 729 1687 784 arbori
1696 732 1758 801 ejus

111 801 177 855 dem
194 817 271 881 anno
289 817 295 852 :
313 805 342 853 et
354 798 439 853 tertio
455 796 522 852 Idus
531 743 799 866 Augusti,(iabbate
808 795 915 850 circum
956 796 1086 852 inanibus
1103 797 1235 868 alligatis)
1258 799 1293 853 ad
1309 800 1396 854 Deum
1416 801 1513 856 effudit
1524 801 1554 855 iri
1577 801 1636 856 haec
1648 802 1755 858 verba:

111 873 213 952 horam
229 871 288 925 diei
296 871 420 952 tertiam,
434 875 516 922 terrae
530 866 914 948 motuspermaximusexsti·
958 868 1108 923 «Domine
1119 869 1318 934 Deustantum
1328 875 1384 924 tem
1406 872 1756 944 usindiscendocirpendi‚

111 949 147 996 tit
161 959 214 1014 per
226 941 395 1012 Angham.›i
410 941 445 994 Et
455 940 491 992 de
503 943 584 992 terrae
596 943 673 992 motu
682 938 797 1008 quidem
804 937 917 991 Floren-
957 943 986 992 et
996 955 1043 993 cor
1064 955 1096 993 us
1111 945 1138 993 et
1149 940 1273 994 animam
1294 941 1324 995 iri
1337 889 1436 996 studiis
1449 942 1608 998 litterarum
1623 943 1727 1009 attrivi,
1741 963 1756 996 s

111 1013 152 1068 tio
167 1013 343 1084 astipulatur
356 1011 494 1066 hienricus
507 1007 915 1064 huntindonensisHistarlib.
958 1015 1011 1064 etc.
1057 1009 1144 1064 teniin
1168 1011 1262 1082 Papiae
1288 1013 1467 1094 jampridem.
1496 1019 1648 1084 antequam
1676 1031 1759 1086 pera-

112 1099 170 1138 sn:
190 1103 203 1134 ι
220 1083 397 1138 Lantrancus
410 1081 645 1152 archiepiscopus,
662 1079 711 1146 ait,
726 1079 825 1134 doctor
838 1078 917 1133 lucu·
957 1085 1067 1150 grasset
1082 1097 1114 1134 ex
1129 1086 1209 1152 parte
1222 1083 1353 1147 Galliam,
1378 1085 1454 1138 velut
1477 1085 1601 1140 scientiis
1617 1085 1757 1152 omnibus,

112 1156 207 1209 lentus
230 1153 409 1216 clericorum,
428 1158 457 1232 et
472 1157 551 1222 peter
571 1150 748 1204 dulcissimus
765 1149 916 1204 monacho·
958 1153 1052 1222 legum
1067 1153 1223 1222 prasertim
1241 1154 1350 1224 peritia,
1361 1155 1515 1224 polleret,a
1527 1155 1696 1211 doctissimis
1710 1173 1762 1212 un·

111 1241 206 1290 ruma
218 1225 306 1280 rebus
316 1223 567 1279 transitoriisanno
582 1226 716 1289 sequente
727 1218 918 1290 (1089)trans-
958 1223 1103 1293 decunque
1133 1223 1199 1277 viris
1225 1225 1423 1280 consulebatur
1450 1226 1534 1296 (quod
1558 1227 1686 1298 superius
1706 1228 1760 1284 suit

112 1299 146 1352 iit
161 1315 167 1350 :
185 1313 245 1368 quo
262 1297 294 1350 in
310 1311 383 1350 anno
398 1300 480 1349 terrae
500 1298 593 1347 motus
607 1293 662 1346 suit
672 1290 816 1347 terribilis.
834 1311 847 1342 r
863 1291 918 1344 llo·
958 1295 1123 1358 ostensum).
1137 1294 1242 1348 Deinde
1257 1296 1384 1366 pluribus
1399 1297 1480 1351 annis
1490 1296 1617 1351 Abrincas
1633 1297 1661 1351 iii
1677 1299 1760 1353 Nort

114 1369 243 1424 redeniis
257 1366 294 1420 ab
308 1367 353 1420 his
375 1366 451 1420 haud
465 1363 596 1419 dissentit
607 1370 681 1434 part.
721 1362 796 1416 riore
808 1361 913 1418 Annal.
961 1364 1076 1418 mannia
1090 1365 1218 1419 docuisse
1227 1383 1291 1420 vero
1301 1366 1392 1422 simile
1402 1374 1454 1422 est.
1464 1368 1591 1438 Denique
1602 1368 1629 1422 id
1641 1369 1762 1439 gravita-

114 1441 143 1494 in
154 1439 305 1492 Willelnio
319 1437 436 1492 luniorc
448 1454 454 1488 ι
466 1451 552 1517 penes
566 1451 650 1558 quem
675 1505 680 1515 1
719 1449 764 1487 em
777 1432 920 1514 rerbapro
960 1434 997 1488 tis
1010 1443 1095 1515 atque
1109 1436 1200 1490 aetatis
1214 1437 1309 1502 fuisse,
1331 1440 1405 1508 quod
1420 1439 1511 1493 virum
1532 1439 1622 1504 dccet,
1646 1456 1731 1509 quem
1746 1456 1764 1495 a

114 1527 165 1564 suo
181 1526 263 1564 more
276 1508 366 1580 (quod
380 1507 467 1562 semel
478 1521 568 1576 Jama
589 1505 761 1572 notavimus)
786 1507 871 1574 atque
891 1519 922 1556 in
962 1506 1085 1560 consitiis
1093 1506 1216 1576 elegerat
1227 1508 1394 1564 Guillelmus
1409 1515 1468 1564 tum
1488 1510 1681 1564 Nortmaniiiae
1696 1511 1761 1578 dur,

115 1581 263 1636 Florentio
278 1579 373 1649 legere
384 1585 436 1633 est.
446 1575 584 1632 Robertus
594 1575 629 1630 de
639 1576 922 1630 Monteterraemotus
962 1593 1014 1648 par
1029 1582 1072 1630 est
1091 1577 1214 1632 credere.
1234 1578 1329 1633 Addas
1344 1597 1411 1650 ergo
1434 1579 1468 1636 45
1489 1581 1571 1634 annis
1593 1579 1638 1647 47,
1658 1581 1706 1652 qui
1729 1581 1764 1636 ab

115 1668 233 1706 causam
247 1650 373 1704 ostendit
382 1649 413 1703 in
424 1648 563 1704 Chronico
575 1663 628 1700 ms.
643 1646 679 1701 ad
694 1645 723 1700 id
737 1645 805 1698 anni
821 1662 827 1698 τ
841 1645 923 1698 «Hoc
963 1663 1037 1702 auno
1050 1645 1122 1703 toli
1137 1664 1192 1718 quo
1205 1649 1256 1702 reli
1278 1650 1348 1704 ionis
1373 1651 1522 1705 collobium
1549 1651 1704 1720 assumpsit
1727 1652 1764 1707 ad

114 1739 189 1778 anno
203 1729 291 1776 term
306 1727 399 1775 motus
413 1721 503 1775 lactus
513 1716 836 1798 terribilisprotendens
849 1716 954 1788 malaB
964 1717 1056 1772 obitus
1070 1734 1176 1772 annum
1199 1667 1276 1776 108&
1282 1721 1423 1786 effluxere,
1440 1721 1564 1792 reperies
1589 1721 1665 1776 haud
1679 1721 1764 1778 dubie

114 1793 235 1848 forsitan
251 1809 315 1863 quae
330 1797 446 1862 propter
468 1789 615 1846 hominum
629 1803 791 1859 iniquorum
807 1791 922 1857 peccata
962 1787 1115 1845 triveram
1127 1790 1162 1843 de
1176 1790 1220 1844 his
1230 1791 1293 1862 plus
1303 1792 1381 1846 satis.
1391 1792 1570 1864 Epitaphium
1583 1791 1679 1863 magni
1693 1793 1766 1848 Lan-

110 1867 170 1935 jam
198 1863 308 1918 nostris
335 1862 511 1934 temporibus
540 1860 660 1915 vidimus
684 1858 811 1929 impleta.
837 1857 922 1912 »Sed
963 1860 1052 1914 franci
1066 1877 1083 1914 a
1097 1860 1320 1942 PhilippoBonae
1336 1864 1401 1933 Spei
1416 1862 1566 1932 abbatatut
1580 1861 1764 1934 colophonem

113 1934 240 1989 maxime
253 1951 269 1989 e
284 1933 356 1988 vivis
371 1934 482 1990 sublato
501 1933 533 1987 Β.
551 1930 719 1994 lanfranco,
735 1928 784 1983 ubi
797 1927 922 1983 habenas
963 1930 1040 1985 hisce
1054 1931 1284 1986 annotationibus
1305 1933 1417 2002 addam)
1430 1935 1504 1990 haud
1520 1949 1662 2006 quaquam
1686 1939 1765 1992 extra

113 2005 276 2077 omnigenis
291 2004 444 2060 sceleribus
456 2004 577 2058 laxasset
587 2001 754 2056 Guillelmus
764 1998 853 2053 Rutus
863 2015 920 2065 rex,
963 2018 1025 2056 rem
1039 2001 1261 2058 subnectendum
1276 2010 1354 2076 puto.

114 2085 180 2132 tum
196 2077 335 2149 quidquid
343 2075 547 2147 nequissimum
556 2079 667 2142 est‚per
676 2070 924 2141 Angliamuniver-
1154 2113 1159 2125 .
1232 2114 1237 2124 .
1373 2115 1378 2126 ,
1428 2114 1433 2125 .
1593 2115 1598 2128 ,

114 2147 427 2230 emgmeancoepu.
442 2145 484 2201 ne
499 2143 721 2200 nemeaea
737 2139 921 2212 epistolant,
1106 2110 1607 2182 Efflf‘lt'l‘um''¹⁰⁹²“r2ffl'2sffl'20b

115 2221 159 2274 lit.
177 2237 210 2301 p.
723 2283 728 2294 Ι
869 2281 875 2294 ¹
1001 2216 1110 2282 Vixisti,
1124 2218 1282 2272 venerande
1294 2217 1387 2284 Pater,
1404 2220 1547 2290 sapienter
1561 2224 1589 2274 et
1602 2237 1702 2292 ecque:

151 2291 258 2362 Liquet
270 2291 301 2346 S.
311 2289 501 2346 lanfrancum
510 2293 613 2368 tumen
622 2283 828 2367 praelatatum
839 2287 925 2337 etiam
1036 2288 1136 2343 Vixisti
1148 2290 1250 2356 vivens,
1265 2305 1405 2361 morsque
1425 2307 1460 2344 uc
1475 2291 1532 2344 vita
1542 2290 1602 2344 tibi.

116 2379 152 2417 ex
177 2361 267 2432 gestis
287 2360 385 2432 ipsius,
410 2377 428 2414 a
459 2375 496 2414 ue
518 2358 581 2412 aliis
605 2354 798 2427 scriptoribus,
821 2355 926 2408 infulas
1001 2359 1079 2414 Inter
1093 2359 1204 2415 divitias
1218 2377 1333 2432 pauper,
1351 2307 1513 2426 lanimuce,
1530 2360 1624 2428 luisti;

117 2432 343 2488 cantuarienses
354 2431 436 2486 annis
464 2429 483 2485 9
496 2427 646 2494 detulisse;
658 2441 733 2480 anuo
745 2425 781 2480 ab
791 2426 924 2480 lucarna—
1038 2430 1145 2486 Divitiis
1155 2447 1283 2496 manens,
1299 2448 1454 2504 pauperum
1468 2439 1579 2487 amator
1591 2449 1654 2490 eras

115 2505 197 2558 tione
207 2503 323 2558 Domini
337 2502 416 2566 1089,
438 2500 519 2582 regni
531 2515 596 2554 vero
610 2495 753 2578 Guillelmi
768 2497 794 2551 II
806 2496 869 2577 Ruti
883 2512 926 2550 se·
1001 2501 1056 2556 Per
1066 2506 1094 2555 te
1107 2504 1240 2558 florentes
1251 2507 1326 2558 artes
1340 2504 1452 2559 valuere
1467 2504 1590 2571 Latinae3

116 2574 214 2630 cundo
223 2581 384 2630 mmum
397 2573 531 2628 clausisse
545 2569 634 2638 diem;
661 2569 726 2623 hinc
737 2568 770 2622 tit
789 2572 822 2622 ut
844 2567 925 2622 illurn
1037 2572 1135 2629 Gratia
1150 2574 1185 2628 de
1198 2573 1276 2630 vobis
1291 2589 1353 2629 ecce
1366 2575 1524 2646 triumphat
1536 2591 1632 2630 ovans,

142 2885 201 2949 DE
217 2883 352 2948 Bnnrl
367 2880 621 2949 LANFRANCI
638 2880 905 2948 SANCTITATE
919 2881 1201 2958 QUORUMDAM
1217 2879 1457 2946 lucrosum
1470 2880 1746 2948 TnsTtMONIA.

815 3075 1068 3094 ψ

159 3213 335 3283 Quanquam
347 3209 378 3266 in
392 3209 459 3266 viu
470 3205 668 3278 B.Lantranci,
676 3209 787 3266 elnotls
795 3210 831 3265 ad
838 3209 1105 3281 illam,creligione
1117 3225 1150 3264 ac
1161 3209 1300 3282 sapientia
1319 3223 1382 3264 vere
1402 3206 1526 3262 nobilem
1543 3205 1648 3274 videre,
1664 3203 1772 3276 alloqui

120 3304 185 3374 ejus
193 3301 334 3357 sanctitas
348 3299 418 3354 satis
436 3315 575 3371 superque
589 3299 753 3367 innotuerit,
765 3315 821 3371 quo
835 3303 931 3354 tarum
973 3306 1003 3355 et
1014 3299 1174 3356 cohabitare
1183 3298 1289 3354 voleus.
1305 3295 1545 3352 Excellentissima
1559 3293 1673 3367 quidem
1695 3293 1772 3348 fama

121 3391 274 3446 nonnullis
287 3390 362 3444 torte
377 3387 549 3444 dubitaturis
565 3389 711 3460 scrupulos
725 3401 823 3442 omnes
841 3394 932 3444 matu·
972 3389 1048 3444 illius
1072 3388 1290 3459 circumquaque
1313 3385 1521 3458 percrebuerat,
1537 3389 1566 3438 ct
1583 3381 1772 3439 nobilissimos

122 3481 184 3536 rius
199 3477 376 3551 expedirem,
387 3477 558 3533 mihivisum
570 3483 614 3532 est
627 3494 685 3533 uon
699 3477 734 3533 ab
748 3493 780 3532 re
791 3477 930 3544 futurum,
972 3494 1099 3550 quosque
1113 3476 1278 3532 clericorum
1293 3475 1329 3531 ad
1342 3491 1408 3531 eum
1423 3475 1458 3530 de
1468 3473 1576 3530 cunctis
1591 3471 1690 3528 mundi
1704 3487 1772 3543 par·

122 3571 158 3636 si,
180 3585 247 3640 quar
273 3585 292 3622 a
317 3566 474 3634 coetaneis,
493 3565 671 3638 supparibus,
694 3567 933 3622 recentioribusve
972 3567 1048 3621 tibus
1061 3565 1171 3637 agebat,
1186 3571 1239 3620 etc.

122 3656 325 3730 titfilli‘ffib'ss»
339 3672 391 3710 ¹¹⁰⁰
404 3671 462 3711 ¹¹⁰ss
476 3660 505 3710 et
520 3654 728 3726 Mffiill⁰¹⁰8fi⁸
750 3655 933 3710 ”mistam
974 3672 1126 3730 osismus
1141 3675 1275 3728 lercensis
1286 3672 1447 3738 monachor,
1464 3672 1585 3725 scribens
1600 3670 1628 3723 ll.
1645 3665 1774 3724 Anselmo

123 3746 379 3818 suppeditarentur
381 3788 389 3814 ι
403 3743 450 3798 1¹5⁰
463 3759 515 3815 per
529 3743 646 3799 ¹¹¹⁰d¹¹m
657 3743 741 3814 Sissiffi
751 3759 931 3815 apponerem.
1010 3767 1042 3818 ut
1055 3779 1136 3818 suern
1149 3764 1395 3830 e'noopuroti'oncm
1406 3761 1542 3828 acceleret,
1554 3760 1603 3814 lib.
1611 3771 1652 3824 111,
1666 3756 1774 3826 epistb,

1011 3854 1131 3908 e'usdein
1144 3848 1279 3907 Anselmi.

123 3927 304 3980 mmm
314 3937 382 3978 Μ
395 3922 433 3989 Π’
443 3925 475 3977 m
487 3923 759 3992 privi²⁶9i⁰⁰bb⁰⁸i⁸
770 3920 935 3991 mmmmm
1011 3869 1220 4021 liecuperemus
1233 3948 1263 4004 in
1273 3951 1312 4018 te,
1326 3947 1401 4021 quod
1419 3947 1449 4002 iri
1472 3951 1584 4001 mortuo
1598 3942 1776 4001 sanctissimo

272 4011 450 4067 cmm
464 4027 584 4067 ⁰⁰²¹⁶⁶⁸⁸⁰
598 4025 685 4081 ”pm
698 4013 749 4066 ⁶⁰¹·
762 4007 807 4066 71·
974 4037 1059 4094 Patre
1068 4037 1223 4093 Lentianco
1237 4053 1288 4094 nos
1302 4054 1367 4093 cum
1380 4041 1440 4092 toto
1462 4035 1566 4090 mundo
1581 4032 1774 4106 perdidimus3

975 4143 1060 4199 quem
1084 4131 1229 4183 mortuum
1253 4143 1364 4198 semper
1390 4122 1556 4190 dolebimus,
1594 4122 1777 4194 quoadusque

975 4215 1097 4272 illumin
1105 4221 1134 4272 te
1147 4214 1310 4270 viderimus.

978 4315 1156 4371 Guitcaciius
1168 4313 1431 4377 ldalmesburiecsis,
1444 4311 1492 4366 lib.
1500 4323 1541 4376 iu,
1553 4309 1662 4378 Deerat.
1679 4322 1778 4376 repom

1056 4405 1154 4472 duplo.
1171 4405 1203 4457 i'u
1219 4401 1366 4458 duillelmo
1379 4403 1480 4469 premo,
1493 4399 1544 4453 sub
1558 4399 1691 4452 medium.

1001 4493 1780 4570 Monasteria,unuminAnglia,alteruminNortmanuia

163 4181 248 4247 Unde
274 4189 353 4261 quia,
375 4189 539 4245 charissime
561 4188 603 4243 ssli
616 4187 772 4244 Lansrance
794 4185 891 4255 abbas,
905 4185 935 4242 in

127 4286 242 4334 nutam
265 4283 298 4332 te
320 4277 473 4332 excrevisse
491 4275 658 4347 religionem
680 4273 883 4345 cognoscimus,
904 4277 937 4327 ut

127 4385 187 4423 nen
200 4367 299 4422 solum
314 4365 350 4420 de
368 4365 484 4437 propria
508 4365 599 4420 salute
621 4362 764 4420 studiosus
791 4361 935 4429 existeres,

128 4456 322 4512 rei-umetiam
340 4470 520 4510 communem
537 4453 625 4508 vitam
641 4449 808 4522 eligentibus
827 4467 938 4506 monas·

125 4547 237 4600 terium
252 4549 443 4612 construeres,
459 4543 623 4599 acformam
648 4538 938 4612 religionisprovide-
986 4575 988 4580 -
1113 4589 1119 4601 ‚
1190 4589 1195 4600 ,
1400 4586 1405 4597 Ι
1470 4585 1476 4597 .

125 4651 185 4702 Μ,
201 4639 261 4690 θη,
979 4589 1277 4646 construxit.Primum
1292 4587 1419 4655 Oadomi,
1430 4586 1477 4642 ubi
1488 4592 1517 4641 et
1530 4585 1718 4641 Lanlrancum
1733 4583 1781 4641 ab·

126 4725 327 4781 nummus
340 4719 533 4790 mmmm,
548 4723 586 4778 Do
598 4723 679 4792 qam-3
695 4719 842 4778 qummi
860 4647 1083 4782 dum-snbstem,
1098 4683 1162 4752 post
1171 4678 1257 4734 etiam
1271 4676 1430 4732 cantuaria
1444 4674 1685 4747 archiepiscopum
1699 4671 1780 4728 insti·

979 4775 1045 4838 tuit,
1059 4769 1151 4825 virum
1166 4767 1290 4839 antiquis
1299 4765 1426 4834 scientia,
1437 4763 1606 4836 etreligione
1615 4779 1780 4835 comparan-

981 4859 1058 4929 dum,
1075 4860 1175 4932 dequo
1189 4857 1262 4914 serio
1277 4856 1332 4912 dici
1346 4859 1438 4929 potest
1459 4872 1465 4908 :
1485 4855 1616 4910 Tertiuse
1630 4857 1692 4910 celo
1713 4853 1781 4908 ceci-

982 4953 1022 5008 dit
1037 4951 1123 5007 dato:
1140 4949 1211 5004 adeo
1224 4946 1345 5004 coelestis
1363 4961 1448 5018 sapor
1462 4948 1559 5018 pectus
1569 4944 1641 5016 ejus,
1658 4947 1687 4999 et
1701 4942 1782 5015 pala·

467 4828 533 4883 pao.
549 4813 612 4870 ms.

166 4903 216 4960 Illi
231 4899 414 4975 (Lanirancol
425 4901 554 4956 consulta
571 4900 672 4956 anima
691 4915 758 4967 sue,
778 4897 820 4953 illi
839 4913 937 4970 specu·

125 4995 189 5048 lani
218 4991 385 5064 quamdam,
401 4991 475 5045 unde
500 4987 645 5045 ordinibus
672 4985 865 5044 ecclesiasticis
891 5001 942 5058 per
1059 5039 1064 5052 ,

124 5097 251 5138 omnem
271 5079 491 5135 Nortmanniam
514 5079 683 5144 consuleret,
698 5075 840 5132 commisit
855 5075 942 5145 (Guil-
982 5047 1044 5098 tum
1057 5039 1201 5105 mseoemt’
1216 5042 1269 5092 ω’·

124 5173 260 5238 letaniis).
271 5169 369 5225 Potuit
380 5185 482 5241 nempe
495 5167 549 5224 viri
562 5167 628 5223 talis
643 5165 760 5237 vigilans
782 5181 860 5231 cura,
878 5179 942 5218 cum
1001 5147 1161 5205 Uunsnicns
1178 5145 1300 5212 Virrius,
1320 5141 1449 5200 Historia
1463 5141 1659 5206 ecclesiastice,
1676 5139 1728 5195 lib.
1746 5150 1781 5191 ιιι.

125 5261 296 5316 maximam
307 5257 505 5314 auctoritatem
519 5255 665 5328 sapientie
679 5255 785 5328 pariter
797 5270 829 5309 ac
843 5251 943 5308 sancti·
1018 5248 1100 5302 Auno
1114 5243 1266 5300 Dominicae
1291 5240 1497 5298 iucarnationis
1512 5237 1592 5308 toro,
1611 5235 1784 5292 Lanfrancus

126 5349 206 5405 tatis
221 5347 408 5420 praerogativa
422 5345 604 5418 comparavit,
621 5343 800 5400 securitatem
811 5357 866 5397 non
878 5355 944 5414 par·
985 5334 1203 5392 cadomensium
1217 5331 1325 5404 primus
1339 5330 1425 5385 abbas
1439 5329 1573 5385 divinitus
1586 5323 1682 5394 Anglis
1701 5321 1786 5377 iristi-

128 5457 201 5494 ram
219 5435 403 5492 sollicitudini
417 5435 593 5508 promittere.
984 5431 1063 5482 tutor
1077 5423 1161 5479 datus
1177 5429 1228 5489 est,
1246 5427 1275 5477 et
1288 5419 1488 5476 honestissima
1504 5413 1649 5479 electione,
1672 5427 1705 5466 ac
1718 5410 1787 5467 lide·

145 5529 319 5595 finiamus,
334 5525 430 5580 libror
448 5527 510 5580 Vita
524 5524 554 5581 S.
570 5523 704 5587 Auselmi,
718 5525 780 5592 post
798 5521 926 5576 initium.
986 5513 1096 5571 lissima
1107 5511 1315 5568 consecratione
1329 5503 1540 5565 cantuariensis
1555 5500 1683 5558 Ecclesia
1695 5501 1786 5558 archi-

166 5614 395 5674 Nortmanniam
410 5613 471 5670 edit
482 5608 702 5684 [anselmustibi
712 5607 863 5682 quemdam
876 5608 947 5664 Lan·
987 5604 1091 5677 prasul
1109 5618 1136 5658 ιι
1150 5602 1213 5658 Kal.
1238 5597 1412 5672 Septembris
1426 5591 1631 5651 inthronizatus
1655 5597 1707 5660 est,
1730 5597 1786 5648 etc.

125 5711 270 5768 naucum
293 5705 387 5763 rhum
413 5703 542 5763 videlicet
562 5701 644 5760 valde
664 5697 782 5772 bonum,
801 5695 948 5774 prestami
988 5694 1145 5754 Praesente
1160 5696 1189 5748 et
1206 5689 1336 5747 absentes
1357 5685 1444 5742 totius
1470 5680 1597 5741 Albioois
1619 5680 1718 5740 incole
1737 5679 1789 5738 tri-
