3986 6184
148 284 184 346 81
510 291 598 350 DOM.
618 293 726 352 LUOAE
744 292 918 352 Dncnnml
936 291 1044 352 NOTAE
1062 293 1107 352 ET
1125 291 1432 354 obscurationes.
1753 279 1790 350 ΒΞ

148 413 608 498 Goisbertivilla,teiramdaorum
615 421 1074 486 Francorumhominum,Aderet
1086 417 1347 488 ecclesia,'Radullo
1363 420 1398 476 de
1416 418 1560 476 Thodenio
1580 420 1732 489 annuente,
1753 419 1789 476 de

147 503 203 568 pro
221 487 282 541 llha
298 503 351 570 sua
368 486 444 569 facta
456 489 594 570 monacha
607 493 637 548 iii
652 494 778 548 ecclesia.
795 493 952 548 Balduinus
993 492 1099 547 honore
1117 494 1197 562 cujus
1216 497 1295 559 erat;
1316 492 1362 546 cui
1379 507 1430 574 ego
1456 490 1596 548 blathildis
1618 491 1716 562 regina
1756 507 1790 546 ro

147 559 226 612 filius
240 563 352 640 comitis
365 557 530 640 Gislerberti
543 565 572 614 et
586 579 656 618 uxor
673 566 735 635 ejas
752 565 854 632 Emina
867 565 952 618 dede·
992 579 1124 618 concessu
1135 564 1182 618 illo
1192 563 1256 618 dedi
1266 564 1300 617 dc
1309 563 1643 634 pecuniamea.Gumnor
1652 507 1788 617 Witiefmi

147 634 218 684 runt
231 629 325 683 eidem
338 628 470 695 ecclesiae,
488 647 537 702 pro
552 633 642 689 salute
654 637 814 690 animarum
824 651 949 701 suarum,
992 635 1027 688 de
1042 636 1157 705 Braj0sa
1171 639 1272 700 mater,
1285 639 1387 688 sanctae
1398 633 1544 688 Trinitatis
1553 633 1700 697 monacha,
1710 633 1788 688 dedit

147 700 282 754 ecclesias
309 702 342 754 de
362 707 391 754 lc
408 703 488 755 Feret
514 719 578 756 cum
607 706 732 772 decimis,
762 710 792 760 et
816 706 951 760 ducentos
992 705 1081 760 eidem
1098 705 1225 760 coenobio
1248 710 1354 759 terram
1370 720 1455 775 quain
1470 703 1590 758 habebat
1609 703 1639 758 in
1657 705 1786 769 Ratrent,

146 787 245 852 accros
256 777 342 826 terrae
354 771 385 826 in
399 772 497 826 eodem
511 773 583 842 loco,
595 776 698 858 quibus
713 793 763 848 pro
772 777 951 831 concessione
992 776 1180 831 annuentibus
1189 777 1307 846 Hugone
1321 775 1463 847 pincerna.
1475 780 1503 828 et
1518 774 1637 844 Rogerio
1648 775 1684 830 de
1693 774 1788 841 (luilli,

145 843 708 971 {fffflffi'uffnfflfflffl-dedi
722 847 757 902 de
771 862 949 973 cqpisptmeo.
991 847 1169 975 dmetpuqqrum
1193 848 1299 928 honore
1316 853 1393 971 darpis,
1416 845 1461 946 cni
1480 846 1601 915 Rogerio
1616 845 1790 972 egoquqginq

144 985 229 1039 dictae
244 985 371 1066 ecclesiae
381 930 789 1067 ΙΟἐῐιιίιι·ιιιιι11113ιιιίὶιῗιιιιιιῃιῗιξιυοῗξι
805 934 951 1056 εἳῐοωῗὲῗο
991 935 1076 1043 etiam
1085 932 1422 1044 eppeppcglppprpprtqrrpsi
1428 931 1786 1058 dufffissddbsddinadddss,

145 1059 246 1110 tamen
260 1062 295 1109 ut
312 1073 343 1109 in
361 1062 420 1110 rita
433 1071 486 1110 sue
500 1073 563 1112 eam
578 1064 697 1120 teneret.
710 1065 739 1115 et
753 1066 816 1132 post
830 1066 951 1114 mortem
993 1064 1021 1113 et
1034 1060 1063 1114 in
1082 1060 1202 1123 Cirreni,
1218 1059 1290 1113 etin
1304 1057 1542 1123 Graiscentevilla,
1559 1061 1588 1111 et
1600 1057 1630 1112 in
1645 1057 1712 1112 villa
1725 1074 1788 1129 quae

147 1142 231 1180 suam
245 1131 341 1180 mater
354 1126 471 1181 ecclesia
483 1128 513 1183 in
535 1145 587 1184 sua
600 1132 771 1203 proprietate
784 1131 950 1201 possideret,
992 1130 1096 1184 dicitur
1109 1130 1236 1194 Quatuor
1251 1130 1341 1195 Putei,
1357 1128 1491 1183 Mauricio
1506 1133 1535 1182 et
1548 1126 1689 1182 alberada
1701 1145 1790 1184 uxore

146 1197 293 1252 Willelmo
308 1197 344 1252 ds
362 1197 487 1253 Brethoil
510 1202 698 1265 concedente;
719 1203 764 1256 cui
784 1219 835 1270 ogo
854 1201 952 1284 regina
992 1202 1052 1272 ejus
1066 1217 1229 1256 concessum
1239 1199 1436 1271 praebentibus,
1447 1199 1482 1253 de
1513 1214 1613 1252 uorum
1623 1199 1788 1255 hereditate

145 1267 294 1349 hlathildis
309 1268 385 1350 ¹dedi
405 1269 440 1351 de
467 1271 587 1340 pecunia
614 1289 678 1327 mea
702 1289 753 1344 pro
771 1289 950 1327 concessmne
991 1273 1093 1326 suerat.
1117 1273 1274 1354 Radbertus
1303 1271 1378 1325 filius
1395 1215 1660 1352 Anslridiudapileri
1681 1274 1789 1324 terram

143 1339 856 1486 etlttiettt,titillatur-ditia
870 1359 951 1484 {tel
990 1359 1075 1467 tlte
1091 1343 1380 1478 llbtlhlelldl
1397 1340 1790 1483 tlldtltltttlt

143 1481 798 1554 suusdederateiinvillaqumdicilurdailloa,
808 1491 949 1540 annuente
990 1485 1088 1539 endem
1104 1484 1220 1539 ccclesia
1235 1484 1372 1538 monacha
1386 1482 1468 1541 facta.
1484 1481 1549 1536 filiis
1563 1481 1622 1535 suis
1636 1481 1789 1537 conceden-

143 1552 246 1606 eodem
268 1552 406 1622 Fulgone,
427 1569 490 1624 quae
516 1571 580 1609 cum
604 1560 679 1610 esset
700 1556 776 1610 illins
794 1556 848 1611 loci
870 1573 950 1611 soror
991 1554 1219 1610 tibusRadulfus
1231 1555 1266 1608 de
1278 1553 1391 1608 Aneriis
1405 1553 1523 1624 triginta
1538 1569 1585 1607 sex
1597 1569 1692 1606 aceres
1705 1559 1789 1607 terra

143 1623 258 1694 sepulta
282 1623 390 1677 ibidem
413 1625 490 1695 jacet
517 1625 547 1680 in
574 1627 656 1681 atrio.
684 1627 858 1682 Billetheldis
892 1627 950 1682 silia
990 1642 1074 1697 quam
1093 1626 1209 1681 tenebat
1229 1625 1259 1679 in
1273 1625 1370 1680 eadem
1384 1623 1583 1688 villaAneriis,
1601 1623 1680 1677 dedit
1696 1623 1789 1678 eidem

144 1693 271 1764 Rogerii,
289 1694 366 1764 quod
389 1699 470 1764 pater
487 1712 555 1750 suus
573 1697 725 1752 donaverat
739 1698 764 1752 ei
779 1698 809 1752 in
823 1698 948 1752 Vennum
990 1697 1182 1768 ecclesiae,pro
1193 1696 1358 1762 animasua,
1387 1711 1438 1748 uos
1448 1711 1465 1748 a
1475 1694 1617 1748 Willelmo
1628 1693 1789 1748 chimillei

142 1765 351 1836 proconjugio,
364 1765 411 1820 eti
432 1782 464 1819 sa
473 1765 551 1821 dedit
561 1768 698 1838 praedicte
708 1768 839 1834 ecclesie,
848 1775 949 1838 nepote
990 1775 1106 1832 emerat,
1124 1773 1266 1822 annuente
1288 1767 1355 1820 huic
1369 1712 1513 1820 donationi
1527 1763 1669 1818 Willelmo
1683 1763 1718 1817 de
1733 1763 1788 1818 Co-

144 1838 206 1905 ejus
228 1843 376 1890 mouente
427 1835 532 1892 illelmo
547 1838 581 1892 de
595 1840 677 1909 cnjus
696 1840 802 1894 honore
816 1845 886 1902 erat,
903 1803 1141 1902 cuiBlombariis,
1161 1839 1196 1892 de
1216 1839 1295 1907 cujus
1319 1837 1401 1892 feodo
1416 1840 1487 1890 erat.
1504 1834 1630 1890 Ursellus
1645 1833 1723 1888 dedit
1737 1849 1788 1905 pro

142 1923 195 1976 pro
222 1923 362 1961 concessa
388 1923 440 1961 suo
465 1924 516 1978 ego
543 1910 641 1980 regina
668 1911 812 1965 Mathildis
830 1909 895 1964 dedi
913 1910 948 1965 de
990 1909 1084 1964 anima
1107 1925 1159 1964 sue
1181 1913 1287 1963 terram
1310 1924 1395 1978 quam
1416 1905 1537 1960 habebat
1557 1905 1586 1959 in
1606 1905 1673 1958 villa
1693 1905 1790 1960 Sancti

144 1993 231 2032 censu
249 1995 327 2032 meo.
348 1978 487 2048 Rogerius
505 1979 539 2037 de
558 1980 685 2052 Molbray
704 1982 781 2036 dedit
809 1980 948 2052 praedictaa
988 1979 1101 2034 riniani.
1116 1980 1275 2035 Rodbertns
1290 1976 1468 2033 Camerarius
1490 1975 1569 2030 dedit
1581 1981 1688 2030 terram
1702 1991 1789 2046 quani

144 2048 267 2103 ecclesia
286 2053 397 2109 terram
417 2065 502 2120 quam
520 2051 579 2122 ipse
602 2051 725 2107 habebat
741 2053 771 2106 in
795 2051 950 2107 Graniville
990 2050 1194 2108 hadebrandus
1212 2049 1328 2111 tenebat
1350 2049 1380 2103 in
1399 2047 1520 2102 Lorenio
1536 2061 1586 2116 pro
1605 2045 1701 2100 anima
1725 2061 1787 2112 sua,

142 2135 194 2190 pro
208 2120 268 2174 tilia
283 2137 338 2174 sua
351 2119 456 2174 ibidem
471 2122 608 2176 monacha
622 2123 702 2178 lacta.
721 2123 858 2192 Rogerius
878 2139 948 2193 quo·
990 2127 1019 2176 et
1038 2138 1088 2192 pro
1107 2138 1204 2176 amore
1227 2120 1331 2176 sororis
1351 2135 1419 2184 sure,
1440 2134 1502 2189 quie
1525 2121 1585 2171 erat
1604 2116 1742 2170 monacha
1758 2116 1790 2170 in

143 2206 209 2260 que,
226 2191 262 2244 de
277 2191 461 2245 monasteriis
475 2209 526 2264 pro
541 2198 631 2248 matre
645 2210 697 2248 sua
710 2194 814 2249 ibidem
830 2194 949 2248 Domino
991 2187 1646 2248 ecclesia.WillelmusCamerariusdeditunum
1654 2187 1788 2242 molendi·

142 2267 265 2328 sacrata,
282 2261 363 2316 dedit
377 2262 472 2316 Salam
487 2279 551 2317 cuni
568 2266 676 2319 cunctis
690 2282 708 2318 a
728 2265 860 2335 penditiis
879 2265 947 2330 suis,
990 2279 1059 2319 num
1069 2265 1149 2333 juxta
1164 2262 1299 2326 Ohctaoil,
1316 2267 1345 2316 et
1357 2266 1462 2316 terram
1476 2274 1561 2330 quam
1575 2257 1680 2313 ibidem
1692 2255 1727 2312 dc
1742 2274 1789 2314 re·

141 2338 171 2386 et
184 2332 335 2387 dimidiam
347 2333 448 2387 silvam
461 2333 495 2388 de
510 2336 605 2389 Monte
619 2283 740 2402 alboldi,
751 2341 835 2406 atque
850 2345 948 2390 mona·
990 2333 1057 2405 gina
1071 2335 1204 2389 Mathildc
1219 2332 1344 2388 tenebat.
1584 2401 1589 2411 ἰ
1712 2399 1719 2412 ·

140 2404 261 2457 sterium
277 2404 314 2458 de
329 2404 398 2459 Vals
417 2421 482 2458 cum
495 2405 612 2471 decima,
629 2411 658 2460 et
672 2413 779 2461 terram
793 2407 877 2461 unius
890 2423 950 2461 car·
1028 2401 1788 2476 alldhaecepiscopusBejocensisOdo,1ntervemente

139 2490 216 2528 rucei
233 2474 265 2528 in
280 2475 383 2529 eadem
398 2476 473 2542 villa,
496 2481 524 2530 et
539 2493 595 2531 nno
611 2477 782 2544 molendino,
803 2477 856 2532 hoc
874 2478 948 2548 quod
988 2477 1081 2546 gratia
1095 2483 1124 2530 et
1137 2476 1285 2529 dilectione
1299 2480 1405 2539 nostra,
1420 2472 1583 2545 praedictam
1602 2471 1711 2526 Sanctae
1724 2470 1787 2525 Tri-

139 2544 247 2599 habeat
261 2546 291 2599 in
305 2546 424 2627 proprio
439 2547 573 2608 dominio,
588 2555 616 2603 et
628 2555 733 2602 terram
752 2565 836 2620 quam
850 2549 948 2603 Ricar-
989 2547 1087 2602 nitatis
1097 2547 1242 2601 ecclesiam
1254 2562 1317 2601 cum
1328 2545 1411 2610 atrio,
1423 2543 1604 2610 abbatissam,
1613 2559 1678 2597 cuni
1687 2542 1789 2596 sancti-

139 2616 195 2670 dus
207 2621 291 2671 tenet
304 2634 334 2672 in
350 2616 417 2671 villa
432 2634 493 2688 quae
506 2618 609 2674 dicitur
622 2620 674 2676 Lu.
685 2619 790 2674 Fulcho
804 2625 899 2674 autem
913 2621 948 2674 dc
989 2617 1168 2683 monialibus,
1186 2634 1298 2672 omncrn
1313 2617 1418 2670 clerum
1433 2615 1462 2668 in
1474 2615 1572 2668 eodeni
1584 2613 1645 2668 loco
1663 2613 1787 2668 servien-

137 2687 213 2741 Alno
237 2688 320 2742 dedit
337 2688 429 2742 eidem
452 2689 575 2744 ecclesiae
595 2690 689 2746 villam
715 2689 863 2755 Fulebech,
884 2708 948 2744 cum
989 2693 1058 2754 tem,
1085 2689 1245 2743 universam
1269 2687 1406 2742 lamiliam
1430 2685 1556 2756 ejusdem
1580 2684 1703 2740 ecclesiae
1726 2683 1787 2738 cibo

139 2758 318 2813 molendinis
341 2758 505 2831 cunctisque
527 2761 706 2832 appenditiis,
731 2768 789 2815 tarn
808 2761 838 2815 in
857 2761 949 2832 planis
990 2757 1453 2823 sustentatam,abomniexactione
1478 2755 1679 2826 ecuniaeepisco
1700 2754 1788 2809 alium

138 2845 227 2900 quam
252 2830 283 2884 in
304 2828 391 2894 silvis,
428 2847 459 2884 ιο
474 2847 560 2886 uxore
582 2848 635 2887 sua
648 2833 789 2887 Haduissa
807 2832 835 2886 in
851 2833 948 2887 eodem
989 2830 1142 2896 redituum,
1159 2830 1277 2884 liberam
1291 2846 1352 2884 esse
1371 2773 1506 2909 concedit.
1521 2826 1576 2881 Sed
1590 2831 1620 2880 et
1639 2771 1787 2879 scedasiam

139 2901 272 2955 cenobio
304 2847 444 2956 monenda
470 2902 563 2968 lacta,
593 2909 734 2958 annuente
765 2903 823 2958 lilio
851 2919 948 2957 eorum
990 2902 1070 2958 Beati
1083 2901 1195 2984 AEgidii,
1213 2917 1276 2955 cum
1303 2899 1375 2954 atrio
1402 2899 1499 2970 ipsius.
1525 2895 1665 2967 quomodo
1685 2911 1786 2966 supra·

138 2971 322 3026 Fnlcholino.
336 2973 500 3027 Athselinoc
515 2973 572 3028 tilio
585 2975 702 3028 Aluredi
717 2973 856 3044 Giganfis,
873 2973 950 3028 dedit
990 2971 1094 3026 dictam
1108 2971 1226 3026 liberam
1242 2975 1270 3024 et
1285 2971 1419 3042 quietam,
1437 2973 1466 3023 at
1483 2967 1597 3021 clericos
1610 2964 1715 3020 ibidem
1729 2981 1787 3020 ser-

140 3043 269 3098 ecclesiae
283 3042 435 3114 praedicte,
449 3047 555 3098 terrain
573 3062 658 3116 quani
677 3045 799 3099 habebat
813 3045 842 3099 in
857 3045 979 3139 Gran-C
990 3043 1106 3102 vientes.
1122 3059 1155 3097 eo
1169 3041 1319 3112 modoque
1334 3055 1428 3111 supra,
1442 3037 1544 3092 liberos
1559 3052 1620 3090 esse
1634 3034 1784 3107 permittit.

138 3113 284 3185 dicampo,
297 3119 327 3168 et
341 3115 370 3168 in
385 3115 448 3180 Gai,
461 3131 595 3170 concessu
605 3115 740 3171 Willelmi
755 3115 806 3170 tilii
819 3115 945 3182 Aluredi,
989 3113 1129 3168 Praeterea
1145 3113 1176 3166 in
1192 3129 1226 3166 ea
1239 3117 1319 3183 parte
1332 3109 1414 3180 burgi
1430 3111 1517 3179 (exim
1529 3123 1642 3162 murum
1655 3105 1786 3162 videlicet

137 3193 361 3267 propterquam
375 3202 540 3241 concessum
557 3187 649 3258 neptis
668 3204 721 3242 sua
739 3187 797 3241 filia
810 3187 947 3241 Willelmi
987 3185 1105 3239 cadomi
1129 3185 1176 3238 siti
1201 3199 1298 3237 versus
1322 3180 1466 3236 ecclesiam
1491 3179 1600 3234 Sanctae
1625 3177 1783 3259 Trinitatis,

136 3255 173 3309 de
197 3255 291 3311 Miller
317 3255 423 3311 ibidem
445 3258 521 3311 facta
552 3262 595 3312 cst
622 3258 768 3313 monacha.
786 3257 946 3312 Willelmus
1006 3272 1072 3310 uam
1088 3271 1140 3326 ego
1153 3254 1312 3309 Willclmus
1335 3269 1383 3306 rex
1404 3249 1543 3322 praedictae
1567 3249 1688 3330 ecclesiae
1707 3247 1782 3330 dedi)

135 3325 231 3380 Becco
244 3327 317 3381 duas
330 3333 426 3398 partes
440 3329 555 3383 decimae
570 3331 602 3383 dc
615 3331 701 3397 lllcer,
713 3332 743 3383 et
756 3345 844 3383 unum
859 3329 945 3382 rusti·
986 3273 1060 3381 dlius
1074 3326 1163 3398 partis
1176 3325 1258 3394 burgi
1277 3322 1454 3395 parrochiam
1473 3321 1509 3375 ad
1529 3319 1676 3374 scelestam
1688 3318 1785 3402 Sancti

134 3413 204 3452 cum
218 3397 250 3452 in
271 3399 372 3452 eadem
386 3399 454 3453 villa
464 3400 543 3454 dedit
577 3417 608 3454 ro
623 3416 719 3455 sorore
734 3416 785 3454 sua
802 3398 944 3454 ineodem
985 3397 1088 3468 AEgidii
1100 3396 1205 3460 venire,
1221 3395 1401 3458 oblationem,
1417 3392 1555 3447 decimam
1567 3390 1602 3444 dc
1624 3390 1781 3461 pecoribus,

134 3467 198 3522 loco
225 3469 366 3523 monacha
387 3469 469 3524 facta.
486 3417 642 3525 Goisdridus
659 3473 751 3526 Lunai
764 3471 835 3525 duas
849 3475 944 3541 partes
984 3485 1049 3522 cum
1063 3485 1093 3524 se
1113 3468 1219 3532 altura,
1233 3466 1347 3521 clericos
1369 3463 1407 3519 ibi
1431 3462 1584 3518 servientes
1604 3460 1782 3543 quiete'per-

133 3539 256 3594 decimae
276 3540 313 3593 de
334 3540 431 3595 decem
453 3546 483 3596 et
504 3547 566 3596 octo
584 3541 704 3607 villanis,
726 3547 755 3596 et
776 3558 824 3596 sex
849 3557 943 3597 accros
984 3539 1073 3594 mittit
1093 3485 1209 3593 habere.
1231 3538 1286 3592 Sed
1311 3541 1341 3590 ct
1365 3533 1480 3606 gablum
1504 3539 1533 3588 et
1551 3531 1783 3614 consuetudinem

133 3615 233 3677 terrai,
255 3611 287 3665 in
307 3609 440 3666 Colevilla
457 3612 535 3667 dedit
561 3628 612 3684 pro
632 3613 691 3666 fllia
708 3629 760 3667 sua
777 3612 807 3667 in
827 3612 945 3667 ccclesia
984 3609 1173 3674 culcitrarum,
1190 3607 1263 3681 qnod
1281 3608 1311 3662 in
1330 3607 1429 3661 eadem
1448 3609 1529 3687 parte
1547 3602 1629 3672 burgi
1648 3601 1779 3685 habebat,

133 3681 210 3736 facta
226 3683 378 3736 monacha.
984 3681 1107 3736 ecclesie
1126 3681 1234 3736 Sanctae
1247 3676 1393 3733 Trinitatis
1416 3674 1539 3730 ascribit.
1556 3675 1647 3745 Super
1664 3689 1699 3728 ea
1717 3689 1781 3744 qui-

175 3774 187 3800 ·
204 3753 363 3808 Bremsnns
377 3753 566 3835 quadraginta
577 3759 764 3810 accrosterrre
775 3754 804 3808 in
815 3753 943 3825 Anglica-
983 3768 1094 3822 cunque
1108 3751 1138 3805 in
1152 3751 1195 3805 his
1215 3749 1324 3804 duabus
1339 3747 1462 3802 ecclesiis
1481 3751 1511 3800 ct
1532 3743 1561 3799 in
1584 3744 1666 3826 atriis
1683 3760 1780 3798 earum

133 3823 215 3888 silla,
227 3830 258 3879 et
271 3825 371 3896 viginti
385 3842 415 3879 in
430 3825 552 3892 Charon,
564 3831 592 3880 ct
606 3826 640 3880 de
654 3825 771 3880 dimidia
784 3826 894 3880 decima
908 3826 943 3879 de
983 3822 1188 3877 forisfacturam
1207 3819 1312 3887 lecerit,
1328 3817 1553 3874 emendationem
1568 3831 1703 3886 pecuniae,
1718 3831 1780 3886 quie

134 3895 255 3950 Charon
274 3896 346 3950 duas
363 3895 475 3967 garbas,
496 3901 525 3950 ct
544 3897 572 3952 in
586 3896 692 3951 Willon
705 3897 843 3951 decimam
858 3912 942 3966 quam
983 3892 1018 3946 ab
1042 3893 1192 3964 episcopali
1215 3889 1417 3946 consuetudine
1435 3905 1486 3960 pro
1511 3887 1689 3942 forisfactura
1707 3886 1780 3956 exigi

133 3967 285 4091 emitsppse
300 3983 317 4020 a
330 3967 436 4022 Murier
450 3983 546 4022 sorore
560 3966 694 4023 Richardi
708 3967 853 4040 principis,
865 3967 943 4022 dedit
982 3964 1063 4030 solet,
1084 3965 1209 4035 ejusdem
1229 3962 1281 4018 loci
1295 3960 1442 4016 abbatisse
1463 3958 1591 4030 episcopo
1600 4028 1606 4040 ι
1615 3957 1714 4012 codem
1727 3972 1779 4011 an-

155 4053 190 4090 ro
243 4037 270 4091 'a
298 4054 350 4092 sua
367 4039 397 4091 in
420 4039 519 4092 eodem
543 4037 668 4094 coenobio
693 4039 831 4093 monacha
856 4038 940 4092 lacta.
981 4039 1087 4090 nuente
1105 4033 1230 4090 donabit.
1247 4032 1411 4102 Quicunque
1423 4035 1517 4085 autern
1531 4030 1679 4109 hominum
1691 4027 1781 4082 Cedo·

133 4053 242 4162 ξεῖνοι
256 4109 334 4180 quod
348 4107 470 4163 habebat
487 4109 516 4162 in
530 4109 709 4164 monasteriis
723 4110 801 4166 dedit
815 4125 865 4180 pro
884 4109 942 4163 lilia
982 4105 1121 4160 mensium
1133 4106 1162 4160 in
1171 4105 1229 4160 vita
1238 4120 1290 4158 sua
1299 4104 1473 4174 sepulturam
1485 4098 1538 4154 sibi
1548 4099 1578 4153 in
1587 4104 1660 4153 atrio
1670 4098 1778 4152 Sanctae

133 4194 199 4244 sua,
220 4196 284 4251 quoe
299 4180 340 4234 ibi
354 4179 427 4234 tacta
442 4185 485 4235 est
499 4181 644 4236 monacha.
660 4180 721 4235 Odo
739 4180 856 4235 clericus
871 4196 943 4261 qua·
982 4177 1128 4232 Trinitatis
1140 4175 1267 4246 elegerit,
1278 4175 1396 4228 licenter
1409 4171 1512 4225 habere
1525 4170 1586 4223 sine
1595 4168 1778 4250 requisitione

134 4249 273 4319 draginta
288 4267 385 4306 accros
406 4258 490 4306 terrae
513 4252 543 4306 in
562 4251 675 4307 (lambis
689 4251 768 4306 dedit
781 4267 832 4322 pro
845 4266 941 4304 anima
982 4249 1133 4319 sepulturae
1147 4247 1223 4301 idem
1234 4246 1381 4316 episcopus
1392 4259 1409 4296 a
1419 4258 1469 4296 suo
1484 4240 1627 4321 sacerdote
1638 4237 1776 4320 concedit.

135 4337 201 4384 sna,
216 4321 357 4376 Willelini
368 4321 486 4377 Osberni
497 4321 548 4377 filii
563 4339 705 4382 concessu,
722 4323 757 4377 de
771 4323 851 4392 cuius
859 4321 940 4375 feodo
982 4319 1017 4373 Et
1041 4319 1107 4390 quia
1130 4316 1289 4388 Bajocensis
1312 4315 1458 4396 episcopus
1479 4315 1603 4393 quietem
1624 4308 1776 4390 libertatis,

134 4400 211 4453 erat,
233 4393 383 4446 ecclesiam
400 4393 598 4448 Burnolsivillae
613 4409 678 4448 cum
691 4393 809 4458 decima,
826 4399 941 4463 excepto
983 4405 1043 4461 quae
1057 4389 1133 4444 dicta
1146 4393 1197 4451 est,
1215 4385 1354 4458 praedictis
1374 4387 1512 4465 concessit
1533 4380 1669 4462 eccle-siis,
1686 4378 1714 4463 di
1754 4397 1778 4436 ae

133 4463 214 4531 quod
234 4463 376 4534 Rogerius
388 4464 463 4519 lilius
483 4463 619 4519 Hunsredi
632 4463 737 4518 ibidem
755 4467 842 4528 tenet,
859 4433 1248 4531 dede-Dracompensationis
1257 4457 1361 4538 donum
1372 4453 1542 4536 praebuimus
1551 4456 1671 4507 antistiti
1686 4467 1778 4534 erem

132 4539 206 4588 runt
221 4534 354 4589 homines
367 4535 402 4589 dc
420 4535 518 4590 eadem
531 4537 597 4590 villa
629 4552 660 4589 ro
675 4536 766 4589 salute
781 4535 940 4589 animarum
982 4531 1142 4586 etecclesiae
1156 4531 1309 4600 Bajocensi.
1325 4527 1355 4584 Si
1395 4542 1439 4580 uis
1453 4523 1631 4579 verohorum
1650 4538 1779 4577 omnium

130 4621 269 4670 suarum,
287 4606 416 4678 episcopo
438 4607 583 4676 Bajocensi
602 4553 698 4662 deone
713 4605 854 4677 praebente
872 4620 940 4659 con·
982 4619 1043 4674 quae
1070 4601 1208 4673 predictae
1240 4600 1349 4680 Sanctae
1376 4543 1524 4652 diluimus
1544 4593 1680 4676 ‘ecclesiia
1711 4593 1779 4648 data

130 4691 267 4730 sensum.
284 4677 425 4731 Alberada
443 4693 515 4732 uxor
537 4677 649 4732 Radulfi
662 4677 782 4732 Taxonis
805 4675 941 4731 concessit
981 4681 1093 4730 ostensa
1119 4678 1194 4734 sunt,
1214 4675 1367 4725 temeraria
1409 4673 1608 4738 resumptione
1626 4663 1777 4737 aliquando

129 4747 290 4801 servitium
304 4748 339 4802 de
352 4753 428 4803 terra
442 4763 527 4820 quam
541 4748 707 4803 Pulcher-ius
724 4747 887 4802 Malaherba
906 4747 940 4800 de
979 4745 1076 4818 (quod
1094 4743 1205 4810 absitll
1225 4741 1344 4822 violator
1362 4755 1377 4794 e
1399 4745 1477 4820 ectus
1495 4739 1526 4819 ip
1551 4753 1602 4791 sua
1620 4735 1779 4808 impudenti

130 4818 200 4890 ipsa
208 4817 328 4873 tenebat
337 4819 366 4872 in
374 4819 521 4874 Blcdiiilla.
531 4819 608 4874 Gisla
616 4819 674 4873 lilia
682 4819 826 4874 Thnrstini
835 4824 940 4872 terrain
981 4815 1168 4871 obstinatione
1193 4815 1357 4884 perstiterit,
1378 4814 1488 4864 noverit
1505 4809 1552 4862 ille
1571 4824 1602 4862 se
1626 4806 1779 4889 anathema

129 4905 227 4961 qnam
239 4888 364 4944 habebat
375 4891 405 4945 in
419 4891 495 4958 drap
507 4896 536 4946 et
550 4890 580 4944 in
594 4891 742 4955 llumvilla,
759 4889 836 4943 dedit
849 4889 941 4943 eidem
981 4887 1085 4942 factum
1097 4903 1113 4941 a
1125 4885 1254 4950 Domino,
1266 4887 1363 4937 sancta
1374 4897 1409 4962 ac
1420 4880 1503 4962 beata
1512 4879 1637 4962 fidelium
1650 4893 1779 4960 omnium

127 4957 268 5015 ecclesiae
281 4977 331 5032 pro
344 4962 441 5016 anima
453 4976 514 5026 sua,
527 4976 660 5017 concessu
673 4960 817 5016 Thurstini
832 4961 941 5031 nepotis
981 4956 1177 5013 communione
1191 4955 1340 5026 privatum,
1354 4952 1449 5006 divino
1457 4951 1565 5021 Judicio
1577 4949 1779 5021 perpetuahter

128 5032 193 5096 sui,
217 5033 303 5102 cujus
317 5033 429 5087 feodum
443 5039 514 5087 erat.
528 5033 586 5103 Ego
606 5037 700 5086 autem
714 5031 872 5086 Willelmus
891 5046 941 5085 rex
981 5046 1042 5084 esse
1056 5026 1244 5100 plectendum.
1255 5025 1293 5080 Ut
1304 5025 1392 5094 igitur
1404 5023 1535 5078 universa
1549 5019 1779 5103 haec-secundum

128 5103 270 5158 concessi
301 5104 447 5158 servitium
473 5103 544 5158 illud
571 5103 645 5175 quod
671 5102 836 5158 Goisfredus
865 5102 940 5156 illius
981 5099 1055 5171 quod
1070 5116 1087 5153 a
1101 5097 1180 5152 nobis
1203 5096 1333 5151 instituta
1355 5110 1417 5148 esse
1436 5097 1600 5157 noscuntur,
1614 5105 1780 5146 inconcussa

128 5174 304 5230 Salomonis
313 5174 454 5229 etHeltho
464 5174 574 5300 dappger
582 5173 736 5229 reddebant
746 5172 940 5240 mihideGray
981 5173 1011 5226 in
1033 5176 1200 5242 perpetuum
1222 5167 1355 5222 firmitate
1374 5165 1538 5235 perdurent,
1559 5163 1707 5218 adversum
1726 5157 1778 5214 nei

129 5263 168 5301 sn
194 5246 315 5300 radicta
344 5246 475 5300 ecclesiae.
546 5244 668 5316 dulphus
696 5245 770 5299 tilius
798 5244 864 5314 [al.,
891 5259 941 5314 pro
982 5241 1112 5298 Ecclesia
1132 5239 1261 5294 inimicos
1282 5253 1334 5308 ego
1348 5235 1515 5297 Willelmus,
1533 5251 1582 5289 rex
1599 5229 1778 5304 privilegium

179 5325 232 5372 ute
246 5315 352 5370 anime
368 5317 436 5388 snae]
458 5316 537 5370 dedit
550 5321 656 5371 terram
674 5331 759 5386 quani
773 5313 895 5369 habebat
913 5315 942 5368 in
983 5313 1066 5384 regiae
1081 5311 1238 5382 majestatis
1248 5308 1607 5390 opponens,·episcoporum
1621 5317 1654 5356 ac
1663 5315 1778 5369 magna-

127 5389 280 5444 Aderilla.
289 5387 430 5442 Alberada
439 5387 604 5458 Hugoniset
618 5387 730 5458 Rogerii
745 5391 845 5452 mater,
855 5385 941 5450 dedit,
982 5392 1045 5439 tura
1055 5399 1192 5442 meorum,
1205 5396 1324 5451 quorum
1334 5395 1450 5434 nomina
1458 5376 1615 5460 subscripta
1626 5371 1778 5454 habentup,

128 5455 334 5514 minuentibus
357 5458 438 5530 ipsis,
459 5459 511 5512 hoc
536 5458 610 5529 quod
633 5457 755 5512 habebat
772 5457 801 5510 in
817 5457 941 5522 ecclesia,
984 5453 1170 5525 irrefragabili
1183 5451 1363 5532 attestatione
1374 5449 1498 5532 probari,
1509 5458 1634 5526 memque
1647 5457 1779 5526 imaginis

128 5541 161 5588 et
179 5533 213 5586 in
226 5531 339 5584 decima
353 5529 388 5584 ds
403 5529 579 5594 Hainolailla,
592 5535 622 5584 et
635 5545 723 5584 unum
737 5543 849 5582 accrum
862 5534 944 5582 terrae
984 5526 1161 5581 munimento
1187 5527 1319 5594 praesenti
1342 5521 1469 5591 legitima
1494 5521 1639 5597 sanctione
1658 5515 1779 5597 firmavi,

129 5606 162 5658 in
181 5603 289 5656 eadem
306 5601 373 5656 villa
385 5616 439 5682 pro
459 5600 555 5655 anima
568 5617 629 5655 sua.
646 5601 727 5726 Herpa
742 5599 875 5671 pincerna
896 5615 944 5653 su·
985 5613 1060 5652 anno
1073 5595 1108 5650 ab
1123 5594 1319 5651 incarnatione
1328 5591 1441 5673 lloinini
1451 5588 1602 5668 millesimo
1612 5593 1782 5670 octogesimo

129 5673 281 5748 pradictae
293 5673 418 5726 ecclesiae
430 5670 508 5726 dedit
519 5677 625 5726 terram
641 5671 676 5726 de
712 5670 826 5742 ego,ita
839 5675 871 5724 ut
884 5669 945 5741 ipse
985 5669 1117 5736 secundo,
1132 5666 1285 5721 indictione
1299 5667 1407 5733 quinta,
1424 5658 1581 5731 apostolicae
1600 5660 1674 5716 sedis
1692 5657 1786 5712 cathe-

128 5749 256 5804 tenera
270 5741 298 5798 in
311 5743 371 5798 rita
384 5757 446 5808 sua,
458 5747 562 5813 etpost
575 5742 683 5798 obitum
697 5743 759 5812 ejus
773 5741 848 5796 dicta
858 5739 946 5813 possi·
987 5740 1067 5796 dram
1081 5737 1242 5811 possidente
1254 5749 1329 5805 papa
1340 5731 1475 5806 Gregorio
1490 5729 1621 5802 septimo,
1638 5729 1718 5800 regni
1730 5727 1789 5782 inei
