3856 6176
198 262 253 321 tit
692 267 722 321 a
744 265 954 324 th-NF'RANCI
972 260 1153 326 elman.
1173 258 1342 324 intutae.
1761 265 1808 335 itti

199 405 309 446 menam
320 387 438 454 imum
452 392 527 442 sutae
541 396 605 444 cura
614 388 726 446 initiunt
735 394 888 465 accepisset
899 395 1078 458 (terrnititalls
1088 397 1181 462 pratia
1194 389 1391 455 dicitinrrotis,
1405 395 1499 447 11111111
1509 396 1540 448 ta
1549 396 1809 468 iptdc'onitririartlur,

199 481 309 536 dmcrui
325 483 467 533 1111111111111
482 479 516 531 ut
529 481 566 532 cis
580 484 722 550 accepisse)
735 482 861 537 enarrari
876 497 926 554 per
937 483 1089 537 Dominum
1105 482 1245 536 diaetam
1255 479 1290 534 ab
1300 481 1349 545 eie,
1367 483 1504 549 apostolis,
1517 479 1564 551 qui
1578 482 1725 549 audierant,
1734 486 1759 540 in'
1769 494 1812 543 tros

199 569 364 624 confirmatu
373 571 426 632 est,
439 572 614 622 contestante
626 569 694 635 Deo,-
710 574 899 626 testimonium.
911 574 1069 640 prrlritauto
1078 573 1222 625 vertor-aar
1235 570 1332 641 signis,
1345 576 1373 624 et
1387 570 1535 640 portentis,-
1547 573 1576 624 et
1585 571 1663 625 variis
1672 565 1812 643 virtutibus,

200 661 229 711 et
248 656 369 726 Spiritus
382 655 472 710 sancti
484 659 679 724 spiritualium
693 664 855 726 gratiarum
870 660 1114 715 distributionibus
1127 662 1224 714 ttictsis
1239 655 1392 714 secundum
1404 667 1485 713 suant
1496 659 1673 714 voluntatem.
1685 663 1741 716 Not
1751 663 1816 719 enirn

198 743 226 803 8.
242 745 350 815 angelis
369 745 489 814 subiecit
502 746 577 800 Deus
590 745 616 801 9.
630 747 727 802 orbern
742 755 827 805 terra
840 751 979 818 tulerunt,
990 745 1024 803 de
1040 759 1096 820 quo
1110 749 1262 820 tuquinidr.
1283 749 1431 808 irrotatur
1452 751 1519 816 qaia
1543 751 1662 814 dipnior,
1675 753 1736 819 qoiu
1749 753 1819 807 Plio·

198 833 312 902 subjecit
328 837 354 888 oi
364 837 457 888 ortem
472 841 560 898 terrae
572 851 639 890 raaia
653 841 758 903 ornata,
776 843 843 908 quio
857 837 1008 894 Psaitnista
1024 841 1102 906 dicit,
1117 839 1190 906 qood
1204 841 1316 892 testatio
1329 842 1377 902 cst,
1393 828 1456 906 eit]
1471 825 1519 893 ro'.
1541 831 1669 891 'i'cstattrs
1683 843 1723 894 est
1736 843 1818 896 udtein

200 922 230 978 iu
245 923 367 993 quodam
381 924 444 978 locu
459 924 531 994 quis,
547 928 588 978 ret
601 928 634 980 ric
647 941 701 994 qao
715 930 858 996 loquimar
872 933 919 981 lori
931 934 984 980 stris
999 934 1035 982 est
1054 929 1179 996 quidam.
1196 926 1292 981 dicens
1310 948 1315 980 :
1330 925 1403 990 Quid
1418 930 1461 980 est
1480 926 1574 990 nonio,
1589 927 1661 996 quod
1680 943 1779 983 mernor
1796 939 1821 985 es·

201 1013 273 1082 ejus,
287 1019 337 1067 unt
349 1011 470 1068 littltius
480 1013 611 1080 hominis,
623 1016 756 1086 (leonium
766 1017 948 1072 visitassem?
959 1017 1084 1071 Minuisti
1094 1023 1159 1070 eum
1170 1015 1253 1086 paulo
1265 1015 1357 1069 minus
1370 1005 1401 1070 i‘t'
1412 1014 1447 1068 ab
1457 1014 1566 1084 angelis
1576 1055 1582 1080 ,
1594 1015 1681 1084 gloria
1693 1013 1820 1070 ethonore

201 1103 341 1158 coronasti
350 1113 425 1165 eum,
437 1110 467 1158 et
475 1105 645 1160 constituisti
656 1123 719 1160 eum
729 1110 831 1168 tornata
840 1109 865 1160 ei
875 1109 994 1176 sirijrrlo
1003 1107 1148 1171 scrip-ria
1160 1107 1214 1172 ipre
1225 1119 1308 1172 super
1317 1106 1413 1157 opertio
1427 1104 1591 1158 constitutas
1604 1104 1653 1172 orl)
1666 1107 1826 1175 superopcrd

200 1206 335 1246 munuum
350 1197 474 1247 tuarum.
491 1193 595 1248 Orirnia
607 1194 750 1264 subiecisti
765 1195 817 1248 sub
837 1193 954 1266 pedibus
969 1195 1040 1264 ojus.
1057 1191 1092 1246 In
1105 1209 1137 1246 eo
1156 1193 1231 1246 enirn
1252 1196 1360 1261 (omnia
1373 1193 1494 1260 subjecit,
1510 1197 1578 1245 narn
1604 1191 1676 1246 nihii
1686 1192 1826 1261 dimittile

202 1281 357 1350 contrario)
372 1281 447 1350 quod
462 1283 557 1336 omnia
572 1283 598 1336 ei
611 1283 740 1354 subjecit,
756 1283 827 1338 nihil
841 1284 948 1337 dimisit
961 1281 1183 1352 noneubjecturn
1200 1286 1224 1334 et
1238 1285 1277 1335 ιιιι
1289 1283 1380 1335 oriam
1401 1283 1516 1350 subierit
1543 1280 1579 1334 ei.
1607 1281 1740 1334 Prolatos·
1765 1280 1828 1350 quod

203 1372 300 1434 m
312 1370 396 1431 alsit,
412 1372 546 1436 fretorum
558 1376 595 1424 cst
609 1373 641 1424 de
654 1387 707 1439 pao
723 1375 875 1440 innitimur.
892 1373 973 1426 Nunc
984 1375 1078 1424 autem
1099 1370 1219 1424 necdum
1237 1370 1363 1446 ridemus
1377 1371 1507 1438 prasenti
1532 1369 1714 1438 speculatione
1745 1370 1829 1423 cainiti

204 1454 331 1524 subjecta
350 1456 385 1510 ei.
407 1454 448 1512 13.
466 1459 536 1512 Eum
551 1464 656 1524 autera,
682 1459 730 1530 qui
747 1459 856 1514 modico
872 1474 956 1530 quem
980 1459 1072 1529 angeli
1099 1459 1256 1513 minoratus
1274 1464 1326 1525 est,
1344 1458 1470 1512 ridemus
1489 1459 1595 1522 iesum,
1611 1461 1722 1530 propter
1736 1459 1830 1530 passio·

204 1559 269 1596 nent
283 1545 328 1608 ii,
344 1543 385 1600 15.
405 1547 512 1610 toartis,
529 1547 620 1616 gloiia
634 1549 803 1616 reserpendi)
828 1553 856 1602 et
881 1549 987 1602 honore
1006 1550 1182 1604 coronatum.
1204 1543 1242 1605 16.
1259 1553 1291 1604 ut
1303 1549 1396 1619 gretia
1411 1547 1461 1602 Dei
1473 1549 1503 1602 ill
1517 1555 1564 1612 est,
1581 1551 1636 1617 iprae
1655 1545 1833 1612 &limitationi

199 1636 395 1704 pergratiam,
411 1633 456 1688 ii.
472 1651 523 1705 pro
536 1635 666 1689 omnibus
681 1642 810 1706 gustaret
821 1643 950 1702 mortem,
965 1642 1078 1706 proprie
1092 1645 1212 1706 prestaret
1240 1637 1281 1695 18,
1304 1625 1507 1692 [iecdbstenidt
1518 1640 1593 1690 eutii.
1607 1637 1718 1691 Patrem
1731 1641 1833 1706 propter

204 1737 287 1792 quem
302 1721 406 1786 omnia,
420 1739 472 1791 pro
482 1726 561 1791 crpus
573 1726 655 1778 lauda
666 1731 694 1778 et
707 1741 757 1795 per
772 1741 855 1796 quem
870 1725 966 1780 omnia
979 1728 1064 1792 iacta,
1076 1729 1235 1798 quianultos
1251 1727 1322 1781 tilios
1335 1727 1364 1780 in
1379 1725 1499 1796 gloriam
1510 1742 1561 1795 per
1572 1728 1832 1795 predestinationem

204 1809 515 1872 adduxeratauctorem
530 1815 672 1868 itin-istam
686 1813 785 1868 salutis
800 1825 896 1870 eorum
913 1815 1133 1885 perpessionem
1147 1816 1410 1879 consummare.Qut
1423 1816 1499 1869 enini
1513 1815 1671 1869 sanctificat
1680 1811 1835 1878 (lirisluaet

205 1898 253 1970 qui
266 1899 479 1954 sanctificantur
491 1901 623 1966 liciniae»,
645 1901 685 1968 re,
700 1901 743 1958 ²20.
761 1920 793 1958 ex
809 1919 864 1958 uno
873 1905 953 1957 Patro
966 1917 1072 1958 omnes.
1085 1906 1205 1976 Propter
1214 1917 1298 1975 quum
1310 1918 1433 1970 causant,
1449 1909 1500 1973 qut
1514 1907 1549 1958 uri
1561 1913 1619 1958 torto
1632 1907 1708 1969 tuat,
1719 1907 1837 1957 nenton·

202 1986 342 2052 iunditur,
352 1990 494 2054 erubescit,
510 1988 659 2046 *iliratree
673 2007 721 2045 eos
736 1992 943 2057 roaare‚dicons
953 2009 959 2044 1
969 1991 1111 2048 Nuntiabo
1127 2010 1228 2048 nornen
1243 2001 1323 2048 tuum
1339 1993 1476 2048 iratribus
1486 1992 1604 2052 metata
1617 1987 1838 2046 mediolirelesiae

204 2074 326 2132 laudabo
341 2081 377 2132 te.
393 2076 427 2134 iit
441 2077 544 2133 iterum
561 2083 711 2148 innonatur,
725 2084 793 2148 quia
807 2083 880 2136 otoo
891 2084 999 2149 mactet)
1014 2080 1065 2138 ti:
1083 2082 1140 2152 Ego
1160 2098 1208 2137 ero
1235 2081 1324 2136 tideus
1351 2081 1380 2136 in
1396 2094 1473 2135 oum.
1499 2077 1533 2134 Et
1554 2081 1661 2138 iteruin
1694 2082 1768 2149 [quia
1791 2083 1840 2147 ipsc

205 2167 354 2234 episeopus,
368 2172 393 2220 cl
402 2167 568 2223 sitisutditi
576 2170 741 2238 pendeatat
751 2172 812 2237 itio)
825 2187 833 2222 .·
845 2170 915 2224 Ecce
927 2169 1043 2240 agadii,
1055 2169 1101 2227 at.
1112 2178 1140 2226 et
1154 2171 1234 2242 pueri
1247 2171 1311 2237 inei,
1329 2179 1398 2242 quos
1412 2169 1492 2224 dedit
1500 2169 1568 2224 mitti
1584 2165 1671 2224 Deus.
1682 2165 1840 2235 ‘tatiana

910 2277 1208 2334 COMMENTARIUS.

241 2363 267 2418 ’1.
282 2362 386 2418 Leaen.
398 2365 461 2431 Qua
472 2381 536 2420 oum
551 2368 677 2420 isitium.
698 2365 810 2420 Diceret
827 2367 910 2436 quie:
935 2367 1035 2432 QuisA
1048 2367 1144 2422 Gloria
1160 2372 1310 2422 coronatus
1324 2371 1367 2421 est
1389 2365 1418 2420 in
1437 2365 1667 2420 resurrectione:
1691 2364 1795 2418 honoro
1816 2359 1842 2415 in

204 2448 286 2504 nobie
298 2452 477 2508 annuntiavit
490 2453 567 2510 illam
582 2454 725 2508 saluam?
750 2455 927 2526 Respondet:
943 2458 1006 2522 Qua
1046 2448 1221 2502 consessione
1236 2455 1360 2519 paternae
1375 2445 1543 2516 maJestatis.

206 2555 270 2594 cum
285 2543 414 2607 initium.
429 2549 481 2598 etc.
1082 2544 1125 2599 ii.
1141 2545 1244 2599 Laura
1266 2545 1319 2598 Pro
1342 2544 1472 2598 coraibus
1489 2546 1615 2610 putaret
1639 2546 1766 2596 merleia.
1784 2537 1845 2592 Ideo

240 2626 267 2686 8.
283 2631 403 2697 tapeta.
418 2631 517 2686 Adhuc
531 2633 657 2703 persistit
669 2631 698 2687 in
710 2633 818 2700 eodem,
829 2634 926 2689 rolens
941 2650 1005 2704 pro·
1044 2634 1177 2704 gustarit,
1192 2649 1258 2687 num
1272 2632 1398 2687 decebat.
1406 2631 1531 2686 Docebat
1544 2631 1648 2698 Deum,
1662 2636 1692 2685 et
1705 2627 1795 2702 potuit
1801 2641 1847 2698 per

204 2714 272 2774 bara
290 2717 531 2790 differentiuspree
544 2721 652 2792 angelis
667 2722 811 2778 Christum
833 2722 937 2779 habore
956 2739 1006 2778 no·
1045 2723 1188 2778 Christum
1214 2737 1418 2784 consummare,
1435 2721 1464 2775 id
1487 2720 1539 2786 est,
1567 2721 1681 2774 salvare
1711 2735 1772 2784 nos,
1788 2716 1849 2788 qula

205 2821 281 2860 11¹0ss-
1046 2812 1173 2867 chiatus
1186 2817 1215 2866 et
1227 2827 1279 2866 noe
1293 2810 1385 2865 abillo
1397 2824 1504 2877 sumus,
1520 2809 1597 2880 quod
1613 2814 1659 2863 est
1675 2823 1682 2862 1
1697 2805 1754 2873 Qui
1764 2809 1844 2870 anim,

240 2891 267 2952 o.
280 2897 386 2952 artem.
399 2897 501 2952 Orbem
508 2899 640 2954 terrmhie
650 2899 1003 2970 intelligitunirersiteiem
1045 2909 1097 2956 etc.

205 2986 297 3040 omnis
311 2991 448 3042 creaturae
462 2987 491 3044 in
507 2988 726 3054 lustrationum
743 2990 840 3060 dequo
847 2995 924 3044 terra
933 2990 1003 3044 uliae
1078 2988 1123 3046 18.
1139 2991 1262 3047 Docebat,
1282 2989 1404 3044 Docebat
1418 2989 1503 3054 enirn,
1515 2987 1622 3058 inquit,
1637 2987 1730 3041 Deam
1740 2985 1849 3039 Patrem

205 3073 324 3142 dicitar;
340 3077 434 3130 Portis
449 3093 509 3132 mou
525 3081 555 3134 ia
570 3083 644 3132 tarra
660 3081 824 3132 or’ocrrtiron.
1044 3085 1077 3134 ut
1091 3095 1141 3150 per
1155 3081 1276 3133 mortem
1297 3083 1509 3132 consummarat
1530 3077 1682 3132 Christum
1710 3077 1851 3130 auctorem

245 3160 284 3219 10.
299 3164 423 3219 Anonos.
441 3167 562 3220 Testatos
585 3173 633 3225 erl.
655 3167 713 3224 Cur
736 3183 839 3222 nomen
859 3168 1003 3238 prophete
1044 3167 1143 3222 salutis
1155 3168 1293 3222 hainonia.
1311 3167 1478 3220 cursuum
1493 3165 1632 3230 decuerit,
1650 3163 1751 3218 multia
1765 3159 1852 3216 causis

206 3268 262 3309 noa
276 3253 390 3323 posuit?
406 3253 540 3310 Existimo
554 3273 609 3310 non
625 3257 941 3322 abscondentisaiiectu,
956 3258 1004 3312 sed
1046 3256 1251 3328 pretermissis,
1261 3256 1337 3310 duas
1353 3256 1435 3326 paulo
1451 3259 1514 3326 post
1522 3254 1591 3308 dicit
1604 3271 1611 3306 1
1632 3253 1665 3309 lit
1677 3269 1730 3322 per
1741 3256 1853 3306 mortem

207 3342 380 3396 ostendentis
395 3343 515 3398 inultum
529 3361 577 3398 cos
590 3345 694 3400 trabere
714 3346 861 3400 scientiam
883 3347 1006 3416 Scriptu-
1046 3348 1195 3400 adstrueret
1210 3361 1274 3400 eura
1287 3349 1337 3412 qui
1357 3346 1470 3398 traiciat
1486 3347 1584 3397 risoriis
1605 3344 1798 3412 principiam,
1824 3340 1852 3392 al

206 3444 313 3486 rarum.
1046 3441 1092 3495 est,
1110 3437 1270 3496 diabolicam·
1287 3440 1310 3488 ei
1325 3435 1465 3495 liberaret,
1482 3435 1536 3489 etc.

242 3518 287 3574 tt.
307 3521 395 3576 Filius
415 3521 545 3576 leontinis.
567 3522 696 3578 Visitarit
715 3537 780 3578 cum
807 3523 921 3576 Verium
941 3538 1005 3578 caro
1083 3521 1361 3589 tttsonoomna,
1377 3521 1472 3591 idest,
1488 3521 1619 3577 etunius
1643 3521 1741 3576 Patris
1765 3519 1857 3590 dispo·

207 3608 313 3676 suatum
328 3615 375 3674 cst.
391 3615 415 3664 ot
430 3611 564 3666 lectitavit
577 3616 610 3666 in
625 3613 701 3668 troiia
718 3613 806 3681 ilcan.
823 3615 853 3676 11.
870 3612 941 3666 Num
964 3612 1005 3666 ri·
1017 3604 1151 3667 Baitione
1164 3612 1296 3683 pendant.

208 3695 295 3752 sitam
310 3698 423 3766 dicitur,
438 3700 690 3770 quando„medirus
712 3701 747 3756 ud
767 3701 893 3756 infirmos
914 3700 1009 3771 ingre.
1085 3699 1129 3758 20.
1146 3701 1322 3756 Annaealicc
1334 3715 1392 3754 trau
1404 3715 1506 3754 amnas.
1522 3700 1605 3754 Unus
1620 3699 1703 3755 enim
1718 3698 1859 3754 esiliam.

207 3785 293 3840 ditur.
1050 3805 1135 3861 aquo
1150 3790 1244 3846 omnia
1256 3808 1263 3856 ;
1275 3789 1324 3844 sed
1340 3789 1387 3844 ille
1400 3789 1492 3854 aliter,
1506 3789 1590 3844 aliter
1605 3805 1680 3857 nos3
1697 3789 1759 3852 itte.
1784 3785 1862 3860 quusi

242 3875 291 3932 tt.
310 3877 551 3946 itartpeliassene
566 3879 853 3948 autemdixit:poulo
867 3880 1009 3932 rainucci
1049 3881 1180 3951 proprius
1199 3879 1287 3934 Filius
1303 3897 1310 3946 ;
1324 3892 1385 3945 noe,
1402 3878 1533 3950 adoptivi.

208 3967 323 4032 eupolis,
345 3965 411 4036 quia
423 3965 475 4020 etsi
490 3983 591 4038 corpus
605 3969 724 4024 mortale
739 3969 902 4040 assumpsit.
913 3974 1008 4024 minen
1085 3969 1129 4025 ii.
1145 3971 1254 4024 iratres
1276 3984 1328 4022 aon.
1344 3969 1377 4022 ln
1391 3985 1424 4022 eo
1439 3968 1514 4039 qood
1528 3967 1599 4022 dicit
1616 3991 1623 4024 ε
1641 3969 1709 4024 Non
1723 3966 1865 4024 erubescit

207 4060 353 4125 peccatum
369 4071 425 4108 non
444 4054 551 4111 habuit.
1048 4058 1150 4112 iratres
1165 4073 1273 4122 vocare,
1285 4056 1409 4111 ostendit
1425 4073 1482 4112 non
1506 4061 1620 4112 naturus
1642 4075 1710 4112 esse
1733 4056 1865 4112 fraterni-

246 4138 287 4200 13.
300 4139 404 4199 Leaen.
417 4133 489 4199 liora
503 4151 606 4200 autern.
625 4145 715 4202 Ordo:
728 4163 792 4200 curn
802 4149 897 4202 autem
913 4147 1008 4200 iesum
1049 4151 1136 4200 tatem
1153 4155 1288 4212 nostram,
1304 4145 1353 4200 sed
1363 4145 1561 4201 misericordiae
1572 4148 1641 4217 ejus
1651 4151 1684 4202 ει
1695 4143 1866 4202 humilitatis

208 4233 256 4304 qui
271 4229 381 4289 modico
394 4251 479 4309 quam
490 4236 597 4306 angelis
608 4237 763 4293 minoratus
773 4241 938 4308 estpropter
949 4252 1009 4306 pas·
1051 4236 1154 4290 multat.

206 4315 316 4376 sionem
331 4323 440 4390 mortis,
455 4331 486 4378 ut
497 4325 590 4395 gratia
601 4325 650 4379 Dei
666 4342 716 4397 pro
732 4325 861 4378 omnibus
881 4330 1010 4394 gustaret
1085 4325 1129 4381 tl.
1146 4326 1200 4393 apo
1214 4341 1270 4378 oro.
1287 4325 1327 4377 De
1338 4329 1468 4394 suscepto
1482 4324 1598 4380 homine
1612 4325 1672 4382 hoc
1688 4331 1736 4382 eat
1750 4325 1867 4380 dictum.

207 4416 336 4476 mortem,
351 4413 477 4467 ridemus
495 4413 585 4483 gloria
600 4415 746 4468 ethonore
767 4420 932 4470 coronatum
948 4432 954 4479 ;
981 4419 1009 4468 ει
1084 4413 1130 4468 ⁶23.
1144 4415 1178 4468 iit
1192 4416 1275 4482 picari
1289 4416 1353 4468 mei.
1363 4414 1468 4469 Pueros
1479 4419 1595 4484 propter
1608 4414 1815 4474 innocontiam
1825 4427 1870 4468 rto·

208 4501 251 4552 eet
264 4498 448 4569 hyperbaton,
466 4501 493 4555 id
509 4504 561 4566 est,
580 4501 648 4556 ordo
662 4503 814 4571 consessus,
837 4519 891 4574 qun
917 4503 1008 4573 figura
1050 4502 1176 4566 minavit,
1191 4503 1226 4558 de
1240 4501 1392 4573 quibueeit
1403 4501 1576 4558 dominuein
1588 4503 1870 4574 praeparamenta

207 4585 381 4658 frequentius
393 4588 483 4642 utitur
495 4589 523 4642 in
540 4589 663 4660 Epistola
678 4591 740 4644 hac.
1048 4595 1178 4660 pernicior
1197 4595 1290 4646 sortire
1308 4592 1344 4644 art
1356 4607 1398 4645 mc
1414 4591 1508 4659 teliore.
1529 4593 1568 4659 xl.

244 4674 289 4730 it,
304 4679 406 4731 Mortis.
422 4678 508 4741 Quasi
523 4679 624 4749 uliquis
639 4680 761 4735 diceret:
777 4679 820 4735 Α11
836 4677 910 4735 [teus
925 4676 1009 4736 Pater
1083 4678 1127 4736 at.
1145 4680 1246 4736 Lerna.
1263 4681 1356 4734 Pocri.
1372 4679 1479 4734 Pueros
1500 4687 1580 4734 rocett
1607 4681 1729 4749 adeles,
1752 4681 1829 4736 siout
1844 4677 1873 4734 iu

209 4763 294 4816 morti
312 4765 429 4819 tradidit
442 4766 544 4821 Filium
560 4769 668 4822 suurn?
682 4770 735 4836 lte,
749 4770 840 4840 inquit
852 4789 858 4822 :
870 4771 922 4836 Qui
932 4773 1007 4824 enim
1048 4768 1214 4838 Evangelio:
1231 4769 1322 4828 Pueris
1341 4769 1471 4836 conputat
1481 4772 1729 4836 prr-linanturiam
1750 4771 1876 4845 imbelle?

209 4856 372 4920 sanctificat,
388 4859 412 4908 et
426 4859 485 4923 qui,
500 4862 553 4911 etc.
1052 4858 1140 4926 (loco.
1158 4861 1224 4922 aar.)
1241 4857 1275 4914 Et
1287 4856 1371 4910 eliae:
1387 4857 1451 4912 Nisi
1465 4847 1639 4924 efficiamini
1648 4863 1731 4916 sicut
1743 4861 1876 4929 puericie

247 4942 511 5011 tetartemoria,
525 4945 553 4999 id
569 4951 621 5013 est,
639 4946 737 5000 mortis
754 4947 793 5001 ita
808 4953 953 5018 sirempse,
979 4953 1010 5002 ut
1052 4949 1127 5014 (tric.
1146 4949 1236 5016 xrrn.)
1264 4945 1298 5000 Et
1316 4945 1484 5016 Apostolus:
1509 4946 1625 5000 Malitia
1645 4952 1776 5018 purvuli
1798 4951 1878 5006 otoo

210 5031 362 5100 prosatore
375 5031 522 5088 homiuum
537 5041 665 5105 gustaret
679 5037 808 5100 mortem,
830 5037 883 5089 hoc
905 5043 948 5090 est
964 5037 1039 5106 cuti]
1052 5037 1075 5102 ii
1087 5037 1148 5090 t'or.
1164 5041 1230 5104 11111.

206 5120 353 5190 juugitur:
366 5123 397 5176 iit
407 5124 556 5189 prutiailai
564 5139 617 5192 pro
626 5127 754 5178 oronites
762 5124 885 5191 prestaret
894 5131 1010 5180 mortem
1086 5124 1131 5182 25.
1149 5126 1218 5191 itala
1231 5140 1294 5192 arpo
1307 5127 1389 5192 pueri
1402 5126 1709 5190 romrirunicauerunt,
1727 5131 1787 5182 eta.
1805 5125 1880 5191 Quia

212 5208 337 5280 alioquin
348 5209 402 5266 nisi
415 5217 543 5281 gustaret
555 5227 607 5284 pro
622 5213 749 5268 omnium
763 5213 854 5267 salute
879 5221 1008 5282 mortem,
1051 5213 1166 5272 dederat
1182 5213 1266 5268 Peter
1279 5212 1408 5268 hominos
1421 5212 1462 5266 itti
1475 5212 1586 5270 tuturos
1615 5212 1742 5281 honori,
1770 5223 1802 5270 nt
1828 5215 1878 5279 itti.

212 5315 292 5354 cassa
310 5308 385 5355 esset
402 5305 430 5356 et
441 5301 532 5356 irritu.
1051 5301 1199 5366 futurisui‚
1213 5319 1296 5356 carne
1307 5309 1335 5356 et
1344 5301 1481 5372 sanguine
1491 5302 1637 5372 compacti
1648 5309 1752 5372 erant,
1770 5305 1881 5377 placuit

252 5389 292 5446 itt.
308 5392 432 5446 duanae.
453 5392 482 5446 iit
502 5397 596 5459 pratia
620 5395 676 5448 ilai.
700 5393 795 5464 ipsum
815 5393 936 5462 gratiam
963 5411 1011 5448 no-
1052 5391 1163 5448 Christo
1172 5391 1256 5448 horno
1269 5391 1340 5450 steri.

213 5479 313 5547 minat,
329 5481 377 5551 qui
395 5498 446 5551 pro
465 5481 592 5538 omniura
611 5481 702 5536 salute
724 5482 847 5552 gustarit
869 5489 1008 5551 atartorap
1085 5481 1130 5538 26.
1144 5483 1270 5537 Anonos.
1287 5483 1358 5550 Quia
1384 5498 1445 5551 erpo
1466 5483 1558 5551 puerit
1577 5481 1621 5538 itt
1646 5483 1783 5544 haberat
1806 5485 1885 5544 unde

213 5568 470 5640 propriegustsrit,
483 5569 550 5640 quie
576 5569 795 5642 brentemeirs
818 5570 849 5628 iu
869 5569 919 5628 itte
944 5570 1009 5631 tuit
1050 5576 1178 5644 gustaret
1195 5575 1316 5634 moriem
1329 5587 1381 5642 pro
1390 5581 1543 5650 puerorum
1560 5569 1675 5630 suuis
