4046 6186
186 313 258 374 tals
852 323 978 381 nurnvl
999 323 1162 384 EPISGOPI
1752 321 1829 383 ¹⁶0⁰

186 446 220 498 ut
236 440 309 499 sicut
322 460 374 516 ego
390 443 419 501 in
434 447 570 504 mundum
579 447 682 504 missus
696 465 791 520 pacem
799 447 903 505 mundo
919 449 1138 511 red-Anuimus
1158 449 1294 504 veraciter
1316 448 1462 521 appellari.
1488 449 1567 515 Quod
1596 451 1625 506 in
1658 450 1766 522 psalmo
1798 453 1828 506 ct

188 533 255 598 didi,
272 533 312 588 ita
330 540 359 588 et
373 552 447 590 rosa
460 554 506 592 me
517 538 595 592 missi
619 539 670 606 eis,
695 539 795 610 quibus
813 539 982 610 evangeliza·
1024 539 1173 610 Evangelio
1182 557 1245 594 curn
1259 540 1379 609 legimus
1395 541 1574 611 profitentem
1588 560 1594 594 :
1607 559 1621 593 ι
1635 541 1714 596 Sicut
1731 541 1827 612 proxi-

186 624 294 689 veritis,
314 624 398 693 hujus
414 627 490 697 pacis
518 628 641 682 ministri
663 629 725 682 sitis
749 629 896 684 dicentes:
924 631 982 684 «ln
1024 645 1101 684 mum
1116 639 1142 682 ot
1158 630 1230 683 sicut
1244 628 1359 682 tratrem
1374 637 1501 684 nostrum
1516 630 1556 683 ita
1571 630 1825 700 complacebam.»

188 729 384 784 quamcunque
393 716 507 770 domum
517 717 665 778 intrabitis.
677 735 732 789 pax
744 719 808 772 huic
818 719 943 782 domuin
954 726 985 773 ut
1026 718 1059 772 Et
1073 736 1079 770 :
1095 737 1107 770 «
1125 717 1176 779 Ite,
1190 718 1319 772 nuntiate
1330 718 1464 774 fratribus
1478 719 1557 786 meis,
1570 725 1602 773 ut
1616 727 1679 774 cunt
1702 723 1733 774 in
1751 721 1830 776 Guli-

186 800 217 856 iu
231 801 308 860 vobis
323 805 445 860 mundus
465 823 529 860 vere
549 807 718 878 completum
739 808 887 878 intelligat.
911 810 985 880 quod
1027 811 1146 861 tacta.»

187 891 254 945 olim
270 909 465 964 per-organum
476 897 670 968 propheticum
682 897 985 962 cantabatur:xQuam
1061 896 1187 970 Denique
1214 912 1271 950 non
1299 897 1414 968 indigne
1432 913 1530 969 pacem
1545 899 1629 954 istam
1651 899 1830 955 aeterniorem

187 981 298 1052 pulchri
312 996 398 1053 super
409 991 518 1039 montes
528 986 613 1057 pedes
623 986 873 1056 evangelizantium
885 987 982 1042 bonai·
1012 985 1118 1056 „priore
1144 987 1298 1058 posuimus.
1320 988 1436 1041 Pactum
1456 987 1531 1042 enim
1554 988 1630 1043 illius
1657 989 1748 1060 pacis,
1774 1005 1830 1060 quo

188 1068 281 1139 Hujus
291 1073 366 1142 pacis
382 1079 495 1144 pactum
522 1092 584 1128 cum
611 1075 668 1129 Deo
694 1075 812 1146 quisquc
831 1076 984 1132 reformare
1026 1075 1103 1146 prior
1117 1077 1238 1147 populus
1253 1076 1417 1131 conciliatus
1440 1078 1558 1131 Domino
1577 1077 1735 1142 videbatur,
1755 1077 1832 1148 quod

187 1161 375 1228 cognoscitur,
399 1179 463 1217 cum
485 1163 684 1218 abrenuntiare
704 1164 815 1218 diabolo
829 1171 858 1219 et
878 1166 986 1236 pompis
1028 1163 1132 1219 scilicet
1155 1183 1205 1236 ρετ
1220 1167 1401 1237 patriarchas,
1423 1167 1587 1238 perlegens,
1613 1183 1662 1237 per
1676 1166 1832 1237 prophetas

189 1248 251 1318 ejus
266 1247 294 1302 in
309 1249 370 1320 ipso
383 1252 572 1308 conversionis
587 1271 644 1308 suae
659 1254 812 1325 primordio
826 1255 984 1326 pollicetur.
1027 1268 1090 1305 cum
1107 1253 1147 1307 eis
1162 1254 1272 1322 inierat,
1289 1255 1377 1327 culpis
1396 1271 1493 1309 eorum
1519 1253 1702 1316 merentibus,
1717 1254 1760 1308 irr
1771 1263 1833 1307 tum

187 1335 323 1407 Dequ'us
347 1340 422 1410 pacti
444 1342 670 1411 praevaricatione
691 1343 819 1398 dolenter
844 1343 985 1416 Propheta
1025 1343 1129 1397 factum
1155 1348 1206 1406 est,
1229 1348 1258 1398 et
1285 1360 1338 1414 pax
1361 1343 1492 1411 quesibi
1521 1359 1568 1398 cos
1591 1349 1710 1414 paterno
1738 1343 1834 1398 lavore

189 1424 279 1479 dicit:
304 1445 317 1479 (ι
338 1427 402 1482 vidi
425 1445 481 1484 non
504 1437 646 1486 servantes
672 1438 786 1503 pactum
811 1437 840 1488 et
867 1434 990 1488 tabesce-
1029 1431 1213 1500 conjunxerat
1226 1432 1462 1502 dissoluta,juxta
1476 1433 1549 1504 quod
1560 1449 1649 1488 unum
1665 1449 1698 1487 ex
1708 1432 1751 1488 eis
1761 1433 1835 1502 legi·

189 1512 264 1568 bam.
282 1533 295 1568 a
1030 1536 1092 1574 mus
1107 1530 1344 1592 conquerentem:
1359 1544 1370 1574 ι
1383 1523 1499 1578 lrritum
1510 1525 1614 1578 lactum
1625 1528 1669 1577 est
1678 1527 1805 1594 pactum.
1820 1542 1832 1575 a

1030 1611 1149 1679 projecit
1162 1611 1298 1676 civitates,
1315 1629 1371 1667 non
1386 1613 1527 1684 reputavit
1541 1614 1699 1668 homines«
1716 1614 1788 1668 item
1805 1613 1835 1667 in

1029 1699 1168 1754 teremia:
1189 1722 1200 1752 ι
1218 1703 1269 1768 Νε,
1285 1702 1386 1773 inquit.
1402 1703 1562 1757 consoleris
1575 1719 1632 1760 cos.
1649 1703 1716 1773 quio
1730 1699 1836 1756 ahstuli

997 1779 1126 1858 Bpacem
1142 1807 1233 1845 meam
1255 1808 1271 1846 a
1294 1793 1397 1862 populo
1422 1791 1487 1857 isto,
1505 1791 1544 1845 ait
1570 1791 1716 1848 Dominus.
1744 1792 1836 1860 liujus

226 1872 880 1934 Pulchreveromelioribusconditionibushanc
891 1897 986 1950 pacem
1029 1881 1311 1950 cutempacisfoedus,
1321 1881 1394 1951 quod
1404 1881 1546 1935 mediante
1559 1881 1670 1935 Christo
1687 1881 1835 1934 Deusrum

190 1961 313 2017 diximus
329 1964 510 2019 reformatam
538 1968 602 2021 ilaec
617 1969 691 2022 enim
705 1985 756 2040 pax
769 1969 859 2039 priore
875 1969 986 2023 univer·
1029 1967 1151 2022 Ecclesia
1171 1970 1278 2028 statuit.
1296 1971 1476 2040 sempiternis
1491 1977 1585 2024 manet
1600 1969 1711 2040 legibus
1734 1971 1837 2024 contir-

190 2051 286 2120 salior,
308 2053 420 2107 allinior
433 2059 462 2108 et
476 2056 606 2110 aeternior
616 2065 666 2110 est.
681 2057 744 2110 Fuit
755 2057 895 2128 siquidem
907 2059 987 2112 istius
1029 2063 1146 2119 matum,
1167 2059 1403 2128 quemadmodum
1417 2060 1446 2113 in
1463 2060 1603 2113 Ezechielc
1620 2057 1775 2129 spopondit
1790 2059 1837 2112 di-

191 2139 267 2209 pacis
290 2142 317 2194 in
330 2144 550 2212 procedentibus
566 2145 692 2216 patribus
707 2146 883 2217 aliquantula
901 2147 986 2200 resor-
1030 2161 1096 2199 cons
1112 2164 1118 2198 ε
1133 2165 1145 2196 «
1163 2148 1247 2202 David
1263 2165 1360 2202 servus
1374 2165 1460 2210 meus,
1481 2149 1533 2202 hoc
1555 2154 1606 2208 est.
1622 2148 1763 2208 Christus,
1781 2145 1837 2200 erit

190 2229 287 2296 matio,
301 2237 333 2284 ut
346 2238 414 2301 puta
429 2233 458 2286 in
468 2233 546 2296 Abel,
559 2235 592 2287 ad
607 2251 690 2304 quem
707 2235 838 2289 Dominus
847 2245 875 2288 ct
884 2236 919 2289 ad
930 2236 989 2305 ejus
1030 2234 1158 2306 princeps
1169 2253 1265 2291 eorum
1282 2237 1309 2291 in
1326 2244 1502 2308 per-potuum,
1519 2243 1547 2291 et
1563 2237 1625 2306 ejus
1641 2237 1833 2292 interventu.»

192 2332 311 2372 munera
325 2318 429 2390 legitur
443 2323 607 2392 respexisse,
621 2324 685 2376 etin
695 2324 787 2377 Enoch
798 2325 898 2388 etNoe,
912 2331 988 2378 uter·
1030 2321 1191 2388 subaudias,
1216 2342 1229 2374 τ
1246 2325 1399 2396 percutiam
1419 2325 1474 2379 illis
1500 2325 1589 2378 loedus
1603 2323 1691 2395 pacis,
1718 2331 1836 2393 pactum

192 2421 246 2477 que
262 2408 404 2477 quoniam.
417 2411 490 2465 sicut
502 2411 714 2474 scribitur,cum
727 2413 845 2467 Domino
861 2413 988 2468 ambula·
1030 2412 1233 2482 sempiternum
1245 2413 1299 2468 erit
1313 2413 1363 2468 eis.
1377 2433 1391 2466 a

191 2494 240 2549 vit.
269 2497 301 2550 In
325 2497 466 2553 Abraham
496 2516 616 2571 quoque,
645 2501 679 2555 dc
708 2518 763 2571 quo
789 2502 900 2568 dicitur,
925 2503 991 2572 quia

195 2601 207 2634 x
220 2585 339 2641 credidit
348 2587 489 2642 Abraham
501 2590 558 2643 Deo
566 2595 594 2643 et
602 2597 813 2661 reputatumest
821 2592 846 2644 ei
859 2592 894 2645 ad
906 2592 991 2662 justi·

191 2673 271 2740 ham,
288 2680 316 2729 et
330 2676 437 2730 amicus
451 2678 500 2731 Dei
511 2679 667 2750 appellatus
681 2685 732 2736 est.
753 2699 763 2730 v
780 2679 814 2734 In
829 2680 889 2750 ipso
904 2681 989 2734 ctiam

190 2763 304 2835 populo,
322 2765 369 2835 qui
393 2766 428 2820 de
454 2767 539 2838 hujus
563 2769 650 2838 patris
675 2769 778 2823 lumbis
800 2770 987 2841 progignitur.
1068 2768 1117 2821 Est
1126 2773 1154 2822 et
1164 2767 1219 2823 alia
1235 2768 1365 2839 quaedam
1380 2785 1432 2840 pax
1445 2769 1588 2831 secretior,
1606 2767 1680 2822 inter
1702 2766 1792 2822 Deum
1807 2773 1837 2823 et

190 2852 619 2922 gentevidelicetHebraeorum.
645 2858 728 2928 huius
743 2858 819 2931 pacis
839 2859 988 2913 reviruisse
1031 2855 1173 2912 hominem
1197 2858 1297 2912 divinae
1322 2859 1473 2928 Scripturae
1501 2856 1670 2912 testimoniis
1692 2856 1835 2924 innotata,

192 2940 318 2996 amicitia
333 2949 449 2998 eatenus
464 2945 619 3010 videbatur,
637 2953 668 3002 ut
682 2947 742 3018 ipse
754 2947 891 3002 Dominus
901 2965 988 3018 gene·
1029 2962 1093 2999 cum
1102 2945 1230 3000 videlicet
1242 2946 1398 3017 spiritualis
1413 2947 1455 3001 vir
1470 2946 1542 3002 bona
1556 2947 1658 3000 merita
1671 2946 1836 3000 divinorum

191 3029 329 3085 rationem
352 3033 430 3087 illam
446 3035 580 3106 populum
600 3035 653 3090 sibi
674 3035 842 3107 peculiarem
874 3037 984 3099 laceret,
1031 3035 1209 3107 praemiorum
1225 3035 1338 3104 subjicit
1356 3036 1507 3106 maJ'estati.
1530 3035 1671 3090 aestimans
1688 3035 1837 3106 passiones

193 3135 313 3191 eumque
328 3122 507 3178 filiumsuum
518 3125 735 3196 primogenitum
746 3126 901 3197 appellaret
908 3099 1019 3196 juxtaG
1030 3125 1115 3194 hujus
1126 3125 1261 3194 temporis
1273 3125 1350 3180 nullo
1365 3126 1447 3180 modo
1466 3125 1619 3196 condignas
1634 3140 1695 3178 esse
1709 3125 1743 3178 ad
1757 3125 1838 3179 lutu-

191 3207 260 3262 illud
276 3210 362 3264 Exodi
379 3228 384 3263 :
399 3230 411 3262 v
428 3212 516 3266 Filius
530 3230 608 3268 meus
621 3216 825 3286 primogenitus
836 3215 936 3272 israel.
957 3235 969 3267 s
1030 3229 1090 3266 ram
1106 3213 1235 3282 gloriam.
1252 3230 1313 3284 quae
1329 3214 1499 3268 revelabitur
1525 3215 1553 3268 in
1574 3213 1662 3268 nobis.
1689 3213 1729 3266 De
1752 3215 1836 3282 cujus

229 3298 283 3353 Sed
298 3305 372 3354 certe
389 3302 575 3369 particularis,
591 3310 620 3357 et
638 3321 692 3358 non
711 3305 876 3358 universalis
891 3305 989 3375 hujus-
1031 3302 1107 3372 pacis
1119 3303 1219 3367 forma,
1229 3311 1255 3356 ct
1271 3303 1343 3356 bello
1354 3304 1427 3374 quod
1440 3303 1511 3356 hanc
1522 3319 1617 3374 pacem
1637 3303 1772 3372 praevenit
1786 3301 1838 3355 illa

192 3388 268 3441 modi
279 3405 330 3460 pax
346 3394 416 3444 erat.
438 3392 500 3446 Non
519 3391 592 3445 enim
608 3393 692 3463 hujus
707 3393 782 3463 pacis
799 3393 916 3464 pignora
932 3410 990 3446 om·
1031 3391 1164 3461 parabola
1179 3391 1289 3446 Domini
1306 3391 1452 3446 texebatur
1463 3411 1487 3446 :o
1505 3391 1573 3456 Quis
1589 3408 1635 3444 rex
1650 3391 1742 3444 iturus
1756 3407 1835 3445 rom·

192 3477 285 3544 nibus,
295 3479 343 3532 sed
353 3479 530 3536 illistantum
544 3482 587 3535 rel
601 3482 656 3536 illis
666 3482 802 3553 patribus,
819 3488 848 3535 ct
862 3482 911 3536 uni
930 3489 991 3536 tan·
1031 3480 1486 3534 mitterebellumadversusalium
1498 3495 1592 3548 regem
1603 3479 1721 3532 ?Nonne
1731 3479 1835 3532 seriens

191 3572 253 3621 tum
269 3569 372 3639 populo
382 3570 597 3640 prestabantur.
616 3570 710 3625 divino
726 3587 775 3641 per
786 3570 860 3624 hunc
876 3571 988 3625 modum
1030 3569 1109 3639 prius
1123 3576 1277 3639 computat,
1293 3570 1316 3622 si
1332 3569 1420 3640 possit
1433 3585 1495 3622 cum
1520 3569 1616 3622 decern
1639 3567 1764 3621 millibus
1786 3583 1837 3620 oc·

192 3655 990 3728 eloquioexprimente:‹Dicdomuilsrael,d1cdomui
1030 3674 1143 3712 currere
1165 3659 1189 3711 ei
1209 3659 1333 3729 quicum
1349 3658 1447 3728 viginti
1465 3657 1590 3711 millibus
1614 3657 1689 3710 venit
1717 3656 1753 3710 ad
1782 3655 1839 3710 se?

192 3743 488 3800 tuda.»Tuncenim
504 3753 587 3801 notus
612 3755 722 3802 tantum
748 3749 778 3803 in
800 3750 897 3804 Judaea
915 3749 989 3804 Deus
1030 3747 1162 3817 Alioquin
1177 3746 1330 3801 adhucillo
1346 3747 1427 3817 longe
1442 3752 1543 3815 agente
1573 3745 1743 3816 legationem
1772 3745 1838 3798 mit-

193 3836 263 3894 erat,
276 3831 305 3885 in
316 3831 403 3886 Israel
419 3836 614 3890 tantummodo
632 3853 764 3906 magnum
775 3854 877 3892 nomen
888 3839 991 3908 ejus.et
1032 3842 1094 3890 tens
1113 3842 1195 3906 rogat
1207 3853 1250 3900 ea,
1267 3851 1329 3906 quae
1345 3836 1420 3907 pacis
1436 3839 1509 3889 sunt.
1525 3853 1538 3888 a

191 3919 231 3974 ibi
244 3919 274 3974 in
286 3938 354 3992 pace
367 3922 457 3978 tactus
472 3929 515 3978 est
524 3925 601 3980 locus
616 3927 677 3995 ejus
692 3932 720 3980 et
734 3926 763 3980 in
774 3926 841 3981 Sion
855 3927 992 3981 duntaxat
1069 3925 1125 3978 Rex
1142 3925 1275 3978 adversus
1303 3924 1389 3978 alium
1407 3940 1500 3994 regem
1524 3922 1629 3977 bellum
1650 3927 1741 3993 parat,
1772 3937 1840 3974 cum

192 4009 330 4066 habitatio
340 4015 411 4082 ejus.
1033 4012 1134 4084 aliquis
1144 4029 1175 4066 se
1184 4013 1348 4066 salvandum
1365 4013 1422 4066 suis
1441 4013 1549 4066 meritis
1560 4018 1683 4082 reputat.
1696 4009 1750 4066 Sed
1760 4014 1839 4064 certe

190 1654 259 1714 Gar.
275 1657 309 1711 V.
324 1687 356 1702 -
368 1660 504 1727 θυοτηοάο
513 1677 568 1730 pac
580 1664 629 1716 Det
640 1665 678 1717 od
691 1664 814 1718 homiacs
829 1667 989 1720 melioribus

375 1735 410 1784 sit
425 1735 628 1788 conditionibus
643 1737 805 1802 reformato.

1032 2553 1159 2610 Clavi.
1177 2583 1209 2594 —
1231 2555 1267 2609 ilc
1290 2557 1411 2624 quodum
1436 2557 1494 2610 alio
1509 2571 1574 2625 pace
1596 2557 1671 2609 inter
1694 2555 1781 2610 Deum
1810 2561 1836 2610 ct

1360 2629 1509 2681 hominem.

228 4099 428 4156 Reconciliatio
446 4118 510 4157 vero
525 4103 698 4174 pacis‚quam
710 4103 873 4159 mediatoris
888 4104 992 4158 Christi
1032 4118 1088 4156 non
1105 4101 1331 4156 salvabiturtatis
1344 4119 1389 4155 rex
1406 4117 1456 4172 per
1470 4100 1587 4154 multam
1599 4101 1731 4154 virtutem
1742 4115 1838 4164 suam,

193 4188 365 4260 dispensatio
381 4191 683 4262 procuravit.omnilms
694 4193 807 4247 omnino
820 4193 993 4263 promittitur
1035 4191 1198 4246 «universae
1214 4191 1287 4244 enim
1301 4191 1419 4260 justitiae
1433 4195 1535 4244 nostrae
1556 4190 1586 4243 in
1600 4193 1753 4260 conspectu
1771 4185 1838 4252 Dei,

194 4283 223 4331 et
232 4279 358 4338 otientur.
369 4281 521 4334 secundum
532 4281 605 4352 quod
615 4281 662 4335 illc
671 4282 829 4352 loquiturin
840 4283 989 4353 Propheta:
1033 4279 1187 4334 secundum
1202 4281 1455 4350 prophetissam
1465 4277 1545 4349 quasi
1557 4294 1667 4349 pannus
1679 4282 1841 4330 menstrua·

196 4367 324 4422 ‹Creavi
338 4369 459 4424 fructum
476 4370 614 4424 labiorum
636 4387 743 4446 pacem,
769 4387 863 4440 pacem
885 4371 927 4424 his
942 4371 989 4440 qui
1032 4375 1076 4422 tae.
1092 4387 1105 4422 τ
1122 4369 1192 4423 Cum
1216 4369 1312 4422 decem
1338 4367 1462 4421 millibus
1480 4373 1548 4421 tunc
1570 4368 1627 4421 Deo
1643 4365 1707 4436 quis
1729 4363 1839 4430 obviat,

193 4455 287 4527 longe,
299 4463 328 4512 et
341 4475 437 4530 pacem
452 4459 495 4513 his
510 4461 557 4530 qui
566 4476 679 4530 prope.»
693 4460 781 4523 Quam
791 4460 875 4512 etiam
891 4459 991 4514 divinae
1032 4475 1096 4510 cum
1108 4474 1224 4528 operum
1237 4461 1335 4510 riverita
1347 4456 1596 4527 superbusjactut?
1605 4455 1659 4509 Sed
1673 4455 1746 4508 Deus
1755 4453 1840 4524 quasi

143 4541 150 4550 ’
194 4547 270 4617 pacis
285 4547 497 4602 universitatem
513 4555 542 4602 et
555 4551 655 4603 Petrus
683 4549 798 4612 notavit,
819 4565 881 4603 cum
897 4549 989 4603 dixit:
1033 4563 1095 4600 cum
1125 4546 1267 4616 duplicato
1286 4562 1403 4600 numero
1419 4551 1517 4599 contra
1539 4561 1603 4598 eum
1619 4549 1703 4607 vemt,
1723 4541 1841 4613 quando

196 4635 254 4689 «ln
269 4637 386 4691 veritate
396 4638 519 4709 comperi
533 4637 599 4709 quia
617 4654 673 4692 non
690 4643 733 4692 est
748 4655 930 4708 personarum
945 4655 991 4692 ac·
1033 4635 1077 4688 vix
1090 4635 1118 4689 in
1139 4635 1198 4688 solo
1218 4641 1349 4705 paratum
1361 4650 1455 4704 opere.
1471 4633 1506 4687 de
1522 4648 1605 4704 opere
1620 4631 1705 4686 simul
1721 4630 1842 4684 discutit

194 4729 291 4793 ceptor
303 4724 386 4786 Deus.
397 4725 445 4779 sed
457 4729 486 4780 in
501 4727 577 4780 omni
589 4733 682 4796 gente.
700 4727 747 4798 qui
762 4727 843 4780 timet
862 4728 949 4780 Deum
965 4731 993 4780 et
1035 4730 1064 4778 et
1078 4724 1256 4795 cogitatione.
1282 4725 1354 4778 Dum
1374 4723 1469 4793 itaque
1491 4721 1583 4776 adhuc
1606 4737 1657 4792 ρετ
1670 4719 1842 4774 dilationem

195 4817 328 4882 operatur
339 4813 491 4882 justitiam.
517 4814 561 4868 hic
582 4824 712 4884 acceptus
736 4820 779 4868 est
802 4813 854 4867 illi.
870 4813 992 4867 Verbum
1031 4812 1128 4881 judicii
1144 4814 1227 4882 longe
1243 4829 1307 4866 eum
1318 4811 1468 4876 credimus,
1476 4811 1645 4880 legationem
1654 4807 1708 4862 sibi
1721 4823 1843 4879 precum

194 4899 273 4954 misit
284 4899 349 4955 filiis
362 4901 449 4954 Israel
460 4902 631 4956 annuntians
641 4919 738 4973 pacem
747 4904 899 4973 pertesum
910 4902 992 4956 Chri·
1036 4901 1191 4967 mittamus,
1207 4908 1338 4972 rogantes
1350 4917 1455 4971 eaquae
1466 4899 1542 4970 pacis
1554 4905 1629 4965 sunt,
1646 4903 1676 4952 et
1689 4897 1818 4951 dicentes
1833 4913 1841 4948 ε

194 4995 280 5044 stum.
292 4989 343 5044 Hic
362 4997 406 5044 est
419 4989 554 5045 Dominus
569 4991 731 5044 omnium.»
1039 5010 1050 5040 x
1077 4991 1118 5044 Nc
1133 4991 1220 5045 intres
1234 4990 1262 5043 in
1284 4989 1424 5059 judicium
1443 5005 1506 5044 cum
1530 5004 1609 5042 serso
1631 4993 1690 5048 tuo,
1707 4985 1842 5052 Domina,

229 5077 359 5134 Allmiori
374 5095 485 5150 quoque
499 5078 628 5132 arriicitim
644 5077 753 5132 vinculo
767 5078 796 5132 in
811 5077 896 5149 hujus
911 5077 996 5131 retor-
1037 5081 1103 5151 quia
1118 5096 1173 5134 uon
1185 5079 1385 5149 justificabitur
1403 5078 1431 5131 in
1447 5082 1597 5148 conspectu
1618 5081 1667 5130 tuo
1690 5075 1784 5130 omnis
1797 5074 1845 5128 vi·

194 5169 319 5224 mationa
339 5169 425 5239 pacis,
451 5184 512 5238 quoe
536 5183 587 5238 per
610 5167 752 5220 Christum
777 5167 916 5231 moreest,
939 5168 995 5220 Deo
1037 5186 1114 5224 vens.
1130 5189 1143 5222 ›>

195 5258 357 5313 reloederari
371 5259 498 5312 homines
513 5263 687 5311 meruerunt.
706 5257 776 5310 Nam
797 5272 860 5310 cum
875 5255 952 5326 prius
967 5256 996 5308 in
1176 5258 1243 5312 er.
1260 5256 1355 5311 v11.-
1365 5259 1401 5311 Dc
1412 5272 1477 5324 pace
1491 5256 1596 5309 diaboli
1607 5253 1644 5307 ad
1658 5269 1694 5306 se.

196 5347 363 5419 quibusdam
380 5347 510 5401 Patribus
533 5353 643 5400 tantum
668 5346 751 5399 amici
776 5345 824 5399 Dei
848 5345 994 5409 fuerimus,
1073 5347 1248 5419 Simplicium
1273 5345 1383 5400 aurium
1406 5345 1541 5398 offensam
1572 5347 1710 5404 metuens,
1738 5354 1844 5410 pacem

195 5455 271 5492 nunc
286 5455 335 5508 per
351 5438 533 5492 mediatorem
562 5437 715 5498 Christum,
739 5435 786 5504 qui
810 5451 923 5488 carnem
949 5451 995 5487 no·
1038 5434 1498 5496 diaboliadscnullamdicerem,
1523 5431 1577 5486 nisi
1603 5446 1664 5484 eam
1681 5432 1809 5482 notatam
1826 5443 1847 5480 a

196 5534 283 5581 stram
300 5527 397 5580 deitati
419 5543 476 5580 suae
497 5525 577 5579 unire
592 5525 724 5596 dignatus
744 5529 795 5586 est,
814 5540 869 5576 non
885 5530 996 5576 tuntum
1038 5525 1158 5580 Dmnino
1171 5526 1323 5579 invenirem
1343 5542 1373 5576 :r
1391 5523 1462 5576 Cum
1482 5521 1561 5574 sortis
1576 5525 1702 5573 armatus
1717 5517 1848 5571 custodit

197 5617 280 5678 amici
300 5616 363 5687 Dei,
377 5616 427 5671 sed
450 5616 537 5670 etiam
555 5617 617 5684 ejus
635 5616 737 5670 iratres
750 5621 779 5668 et
792 5613 911 5685 proximi
927 5612 997 5667 obti-
1038 5615 1142 5669 atrium
1154 5630 1248 5679 suum,
1263 5613 1291 5668 in
1307 5629 1375 5683 pace
1390 5617 1457 5668 sunt
1470 5609 1575 5676 omnia,
1590 5623 1652 5678 quae
1670 5603 1807 5678 possidet.
1828 5624 1844 5657 ι
