3970 6172
192 302 260 364 1375
703 345 704 349 =
740 308 896 366 ROBERTl
915 305 1067 362 aasauls
1085 305 1116 360 S.
1136 304 1284 360 vtuouls
1739 297 1797 355 latu

190 431 321 505 lacrymae
341 435 507 492 dellluentes
520 438 676 510 exprimere
694 434 895 508 permittebant
907 432 981 504 quod
990 431 1016 492 Α
1025 423 1497 496 mirantibus.Psallebamusigitur
1505 426 1639 493 quantum
1645 423 1796 492 poteramus,

190 521 327 577 volebam.
345 524 472 598 Suscepit
488 527 582 598 itaque
598 544 616 581 a
636 527 731 592 fratre,
748 526 793 580 cui
815 529 984 595 preceptum
1026 525 1219 591 exspectantes
1240 523 1272 571 ut
1296 516 1402 570 rediret
1413 514 1448 568 ad
1464 527 1572 575 sensus,
1591 516 1619 564 et
1636 509 1758 563 sciremus
1769 509 1799 564 ab

191 615 243 676 est,
260 619 361 667 exutus
377 616 509 670 staminio
521 617 659 687 judicium
674 616 815 686 virgarum
829 629 892 666 cum
905 616 985 665 tanta
1026 625 1058 663 eo
1078 624 1165 679 quare
1180 608 1232 662 hoc
1255 605 1373 660 lecisset.
1399 605 1434 658 Et
1457 617 1520 656 ecce
1545 599 1636 664 rediit,
1656 598 1757 669 planctu
1774 615 1799 652 se

189 699 359 770 humilitate,
375 703 448 758 sicut
457 705 525 758 inihi
541 711 635 777 pusteu
649 704 779 776 privatim
790 701 825 757 ab
836 702 984 755 ecdicium
1026 697 1200 762 concutiens,
1212 701 1240 750 et
1249 695 1363 749 dicens:
1379 713 1391 743 ι
1412 692 1497 754 Deus,
1510 689 1593 752 Deus,
1608 691 1734 757 qnantum
1747 702 1800 740 con·

189 792 242 850 est,
264 796 296 844 ut
317 807 416 861 purum
435 793 487 848 sibi
510 794 658 848 videretur¹
675 793 748 864 quod
764 789 983 863 percutiebatur.
1026 787 1160 856 stringor.
1181 784 1255 839 »Cui
1267 799 1332 838 cum
1346 798 1408 852 ego,
1421 776 1604 851 psallentibus
1618 774 1801 838 ceterisdiee-

188 874 311 950 Praecepi
331 880 418 950 igitur
431 882 574 948 fratribus,
591 883 639 954 qui
653 899 703 954 per
717 881 812 936 omnia
824 879 986 934 obedientes
1026 882 1124 930 rerirut
1134 874 1200 946 quid
1209 889 1275 944 erga
1284 889 1314 927 se
1324 863 1691 940 fieretaperiret,respondit
1701 881 1722 916 :r
1733 861 1801 917 Male

190 973 280 1031 erant,
295 975 328 1022 ut
339 968 387 1023 illa
401 970 445 1024 die
457 973 619 1041 jejunantes
633 977 661 1026 et
674 973 881 1045 pulmentorum
895 973 985 1022 cocto·
1027 964 1120 1019 bestie
1136 979 1180 1018 me
1195 963 1343 1035 impetunt.
1360 961 1404 1012 all
1418 973 1473 1028 quo
1483 971 1546 1020 cum
1558 967 1707 1025 quaererem
1720 956 1801 1005 utrum

189 1067 254 1106 rum
262 1057 440 1128 perceptione
450 1060 562 1129 penitus
572 1058 911 1114 abstinerent.Prandium
921 1071 985 1109 vero
1026 1074 1101 1113 nunc
1111 1059 1345 1128 praesentessunt,
1358 1069 1394 1106 an
1405 1053 1590 1114 recesserunt,
1601 1046 1672 1100 ait:‹
1687 1045 1803 1099 Recesse-

189 1146 323 1208 vestrum,
339 1144 465 1216 inquam,
477 1163 510 1202 ex
523 1152 583 1202 toto
598 1164 659 1218 ego,
670 1153 701 1202 ut
715 1147 827 1202 solitum
842 1149 894 1210 est,
909 1141 986 1197 vobis
1027 1152 1103 1200 runt.
1121 1143 1271 1214 »Pracepi
1289 1142 1364 1197 illico
1378 1138 1512 1194 fratribus
1525 1134 1654 1190 omnibus
1672 1138 1703 1187 ut
1719 1139 1802 1186 euntes

191 1231 285 1302 parari
298 1232 407 1296 luciam,
424 1236 499 1306 quod
518 1253 568 1307 pro
587 1236 664 1290 vobis
679 1251 815 1307 pauperes
839 1234 869 1288 in
887 1233 984 1286 eadem
1026 1238 1142 1304 agerent
1169 1231 1310 1287 orationes
1333 1234 1361 1283 et
1383 1228 1481 1283 laudes
1504 1223 1686 1296 vespertinas.
1712 1219 1803 1285 Quibus

191 1317 274 1374 doruu
298 1322 445 1377 refectoria
456 1340 512 1378 una
524 1325 594 1378 hora
616 1331 682 1380 ante
705 1341 752 1378 vos
776 1319 985 1398 discumbentes
1026 1321 1155 1392 egressio,
1171 1336 1320 1375 remanens
1340 1335 1391 1390 ego
1408 1318 1485 1372 solus
1510 1331 1573 1370 curn
1601 1313 1687 1367 fratre
1709 1312 1803 1381 jacente

191 1409 349 1476 comedant,
359 1417 390 1466 ut
406 1412 571 1467 inornnibus
582 1430 641 1484 quae
657 1429 814 1484 possumus,
831 1417 860 1464 et
871 1410 986 1481 jejuniis
1026 1410 1188 1466 sciscitabar
1200 1410 1360 1480 diligenter,
1383 1410 1414 1460 ut
1436 1405 1564 1460 audirem
1577 1402 1613 1458 ab
1628 1417 1661 1456 eo
1684 1400 1717 1454 de
1738 1399 1804 1469 signo

192 1500 221 1550 et
235 1498 408 1554 orationibus
426 1508 456 1556 et
479 1502 664 1574 eleemosynis
686 1501 767 1556 lintri
778 1501 806 1554 in
820 1498 986 1554 necessitate
1027 1501 1116 1555 crucis
1126 1499 1200 1571 quod
1210 1505 1255 1554 ter
1265 1498 1380 1564 fecerat,
1391 1502 1419 1550 et
1433 1493 1529 1550 bestiis
1542 1507 1612 1564 quas
1622 1490 1734 1556 dixerat,
1747 1489 1805 1541 veri·

192 1589 271 1644 ianm
286 1588 377 1658 P⁰⁵il0
389 1606 595 1646 succurramus·
638 1590 642 1599 ¹
1026 1595 1124 1645 taleni.
1145 1591 1185 1644 De
1211 1605 1266 1660 quo
1291 1603 1354 1642 curu
1375 1585 1526 1642 sollicitum
1546 1598 1590 1636 me
1613 1579 1733 1634 vidisset
1750 1577 1802 1630 ait:

227 1674 333 1739 Quibus
348 1679 477 1734 omnibus
491 1680 639 1744 concessis,
651 1681 802 1752 petitisque
814 1677 987 1733 orationibus
1030 1698 1041 1729 ι
1062 1679 1145 1733 Visus
1160 1682 1203 1733 est
1216 1677 1286 1732 mihi
1299 1675 1381 1730 modu
1394 1673 1525 1730 ostiolum
1540 1669 1615 1726 istud
1623 1669 1724 1723 intrare
1735 1667 1805 1721 bomo

191 1762 315 1832 alratre,
330 1766 478 1836 quicoram
489 1768 600 1822 astabat
611 1769 681 1823 llens
695 1769 816 1823 ubertim
827 1773 854 1822 et
865 1751 1018 1837 graviterss
1028 1767 1197 1838 nigerrimus
1220 1772 1249 1822 et
1272 1765 1403 1820 horridus
1427 1763 1574 1835 plusquam
1597 1758 1690 1813 dicere
1704 1755 1806 1818 ualeam,

191 1850 345 1922 suspirans,
353 1860 382 1908 et
398 1855 550 1925 praemissis
563 1874 579 1910 a
594 1857 674 1911 nobis
692 1857 739 1928 qni
752 1857 926 1919 sedebamus,
945 1856 986 1909 vix
1028 1858 1122 1912 oculos
1134 1857 1240 1911 habeus
1253 1855 1351 1926 igneos
1361 1859 1389 1908 et
1404 1852 1439 1908 ab
1453 1868 1502 1906 ore
1511 1851 1605 1918 ignem
1618 1847 1721 1919 jaciens
1734 1849 1760 1898 et
1771 1860 1808 1898 su·

190 1939 273 1994 fletus
287 1949 319 1996 ut
333 1943 514 2014 loqueremur
534 1945 781 2018 interrumpentes,
804 1945 986 2011 surreximus
1028 1961 1079 2016 per
1103 1961 1147 1999 me
1171 1944 1280 2008 esllans,
1303 1942 1474 2011 trahensque
1490 1938 1561 1993 duos
1586 1948 1671 1991 canes
1695 1932 1808 1988 horridos

189 2035 288 2084 euntes
303 2048 366 2086 cum
377 2034 548 2105 psalmorum
557 2042 665 2106 septem
675 2035 869 2090 decantatione
880 2034 909 2088 in
921 2048 986 2087 ora·
1026 2050 1120 2098 manu,
1141 2033 1215 2088 sicut
1228 2037 1289 2087 erat
1303 2031 1410 2102 etipse,
1426 2043 1569 2099 quoscum
1583 2025 1613 2080 in
1628 2040 1673 2078 me
1686 2022 1809 2078 animaret

188 2117 304 2186 torium,
325 2121 372 2174 ubi
391 2124 525 2192 prostrati
542 2125 692 2195 jacuimus,
706 2125 795 2179 donec
813 2123 885 2178 liniti
909 2128 984 2178 sunt.
1027 2129 1055 2178 et
1069 2129 1190 2193 cogeret,
1203 2137 1310 2192 egoque
1325 2120 1387 2174 illos
1400 2135 1446 2172 me
1460 2115 1636 2187 impedentes
1647 2113 1724 2167 ualde
1735 2127 1808 2181 erpa-

189 2204 259 2260 Post
269 2224 330 2278 que
341 2210 435 2264 ornnia
445 2214 563 2284 praecepi
577 2213 626 2268 uni
635 2230 666 2268 ex
677 2213 810 2268 iratribus
825 2219 857 2268 ut
872 2213 986 2268 missam
1027 2227 1178 2270 vesseram,
1200 2227 1287 2264 unum
1302 2224 1409 2273 eorum,
1425 2207 1474 2277 qui
1488 2203 1624 2268 anteibat,
1645 2216 1734 2274 pugno
1754 2213 1808 2270 per-

190 2309 242 2364 pro
257 2298 378 2366 peccatis
389 2299 565 2356 illiusstatim
576 2302 689 2366 diceret,
699 2319 783 2373 quam
794 2302 905 2357 audiret
915 2303 984 2372 ipse,
1027 2300 1101 2354 cussi
1117 2304 1146 2353 et
1160 2299 1289 2369 effugavi,
1301 2313 1422 2367 cumque
1436 2294 1599 2350 accessisset
1610 2285 1689 2354 alte'r,
1701 2305 1748 2344 nee
1758 2295 1808 2343 tam

191 2388 221 2435 et
233 2393 409 2442 sacramenta
428 2391 553 2462 corporis
567 2397 595 2446 et
614 2392 759 2461 sanguinis
777 2390 881 2446 Christi
898 2390 988 2462 perci·
1028 2389 1273 2461 proximus,quam
1284 2388 1357 2442 alius
1363 2385 1465 2450 suerat,
1476 2385 1565 2446 fieret,
1578 2379 1703 2453 percussi
1716 2389 1743 2432 et
1754 2392 1809 2431 eum

191 2478 279 2542 peret.
289 2474 380 2530 Factis
391 2477 478 2547 igitur
487 2479 846 2550 omnibusquaedictasunt,
858 2479 987 2551 datisque
1028 2494 1133 2550 pugno,
1142 2483 1170 2532 et
1179 2476 1371 2548 postprimum
1383 2473 1487 2545 expuli.
1502 2471 1545 2526 Ab
1554 2471 1588 2524 iis
1604 2470 1736 2524 liberatus
1749 2467 1810 2520 ellu-

190 2563 359 2632 pauperibus
379 2567 488 2621 relectis
503 2568 691 2638 persingulas
711 2569 830 2639 singulis
853 2568 984 2634 denariis,
1027 2569 1099 2638 gatis
1114 2567 1150 2620 ivi
1163 2566 1198 2620 ad
1214 2565 1366 2628 bominem,
1379 2563 1426 2634 qui
1436 2563 1497 2617 loco
1507 2562 1638 2624 haeserat,
1654 2563 1682 2612 et
1696 2555 1811 2611 similiter

189 2647 242 2704 saci
256 2651 340 2707 etiam
355 2671 448 2710 coram
470 2655 566 2723 frume,
583 2664 697 2728 propter
718 2673 801 2728 quem
819 2657 987 2712 haecomnia
1026 2671 1120 2728 pugno
1140 2654 1308 2728 percutiens,
1320 2660 1384 2724 post
1396 2667 1479 2706 canes
1494 2650 1574 2721 ejeci,
1587 2648 1693 2718 sicque,
1706 2643 1810 2700 Domino

190 2737 304 2806 fiebant,
314 2744 486 2810 comedente,
509 2761 660 2817 pauperem
675 2746 723 2818 qui
739 2746 868 2800 inventus
884 2750 928 2799 est
941 2763 985 2800 se·
1027 2747 1189 2808 miserante,
1204 2744 1295 2799 tribus
1305 2742 1406 2798 ictibus
1419 2741 1490 2796 liber
1498 2742 1588 2794 lactus
1599 2755 1664 2794 sum
1675 2737 1709 2791 ab
1721 2737 1761 2790 his
1771 2734 1812 2788 tri·

189 2824 266 2894 dere,
282 2833 314 2883 ut
328 2846 391 2884 cum
406 2848 439 2886 eo
451 2834 619 2888 comederet.
636 2834 769 2890 Volebam
781 2834 855 2890 anim
870 2834 984 2888 omnino
1025 2835 1078 2890 bus
1091 2834 1229 2890 hostibus.
1243 2833 1371 2889 Intellexi
1385 2831 1482 2902 igitur,
1507 2828 1585 2900 quod
1601 2835 1661 2883 tres
1683 2827 1750 2881 ictus
1771 2823 1811 2878 isli

188 2919 221 2971 ut
235 2932 292 2971 non
306 2919 397 2975 solum
410 2938 460 2994 pro
475 2939 517 2988 eo,
529 2924 577 2978 sed
592 2923 677 2979 etiarn
692 2940 756 2978 cum
771 2941 805 2979 eo
816 2924 944 2979 Christus
958 2924 987 2978 in
1027 2925 1142 2980 fuerunt
1156 2924 1212 2980 tria
1225 2923 1306 2994 signa
1318 2921 1408 2977 crucis
1423 2935 1484 2992 quae
1498 2918 1633 2985 videram,
1655 2915 1733 2970 nobis
1746 2913 1811 2985 psal·

188 3001 280 3059 forma
290 3009 420 3080 pauperis
429 3012 602 3074 reticeretur,
614 3029 696 3083 quem
708 3011 737 3066 in
746 3012 914 3067 necessitate
927 3017 985 3066 tarn
1027 3015 1159 3080 lentibus,
1174 3012 1245 3069 fieri.
1267 3031 1281 3065 v

188 3095 985 3172 proximeluturadeprecabamuromneslieriadjutorem.
1063 3103 1185 3170 Interea,
1200 3105 1328 3155 revocato
1344 3114 1400 3153 uno
1419 3115 1453 3153 ex
1467 3096 1601 3152 fratribus
1618 3095 1668 3166 qui
1686 3092 1810 3153 abierant,

189 3180 253 3237 Dati
265 3190 331 3239 sunt
349 3187 433 3242 etiarn
447 3188 513 3243 lvuic
527 3190 582 3244 duo
598 3189 716 3258 denarii,
731 3207 800 3261 quos
814 3191 850 3244 ad
864 3191 915 3245 hoc
934 3206 985 3260 ego
1027 3206 1144 3262 pensum
1162 3190 1322 3244 orationum
1336 3187 1560 3258 vespertinarum
1579 3191 1608 3240 et
1628 3184 1811 3239 laudunicam

188 3268 269 3326 flami
284 3274 642 3349 tradideravn.Cumitaque
652 3278 983 3344 comedissemusomnes,
1027 3285 1141 3350 aegroto,
1153 3279 1200 3350 qui
1211 3279 1305 3350 etipse
1314 3277 1458 3332 nobiscum
1468 3275 1616 3347 psallebat,
1629 3270 1809 3346 persolvimus.

189 3359 299 3416 ethera
313 3379 375 3434 quse
389 3363 542 3419 timebatur
557 3366 684 3437 proxima
699 3367 787 3429 fieret,
804 3382 856 3436 ego
870 3366 985 3420 domum
1026 3368 1128 3423 Postea
1141 3368 1227 3423 etiam
1237 3367 1313 3422 aliud
1327 3365 1419 3421 vocari
1439 3364 1565 3436 precepi,
1579 3369 1612 3418 ut
1624 3369 1684 3418 tres
1699 3373 1811 3415 essemus

188 3446 297 3504 intrans
309 3450 425 3506 fratrem
437 3454 582 3508 sedentem
602 3455 696 3508 inveni
719 3461 748 3508 et
765 3455 915 3521 timidum,
938 3454 985 3525 qui
1027 3473 1090 3512 oum
1102 3457 1189 3511 fratre
1199 3458 1327 3527 jacent03
1344 3455 1393 3509 alii
1413 3470 1477 3509 vero
1491 3469 1599 3519 ornnes,
1616 3452 1705 3506 linitis
1723 3447 1811 3504 officiis

187 3535 262 3591 illico
277 3539 346 3594 milri
360 3541 430 3596 dans
440 3559 554 3597 manum
570 3549 600 3597 et
615 3558 632 3596 a
646 3560 691 3598 me
704 3549 850 3614 susceptus
864 3543 986 3598 surrexit
1026 3545 1212 3607 diurnalibus,
1233 3563 1267 3600 ex
1285 3549 1423 3617 precepto
1443 3549 1539 3598 nostro
1559 3541 1715 3612 temperius
1736 3551 1810 3609 quam

188 3639 205 3676 a
221 3625 281 3680 loco
291 3625 320 3680 in
331 3645 385 3700 quo
396 3629 520 3696 sedebat,
534 3633 751 3686 vadensmecum
761 3639 789 3686 et
793 3631 901 3701 jaciens
916 3647 946 3685 se
955 3631 984 3686 in
1025 3635 1235 3690 consuevissent
1261 3633 1415 3688 dormitum
1433 3633 1535 3687 ierunt.
1553 3629 1730 3701 Reputabam
1747 3625 1812 3680 enim

188 3711 302 3780 lectum,
314 3715 362 3770 ubi
376 3733 546 3773 cumeorum
560 3736 593 3775 eo
607 3721 744 3786 sederem,
761 3727 823 3792 post
837 3720 982 3791 paululum
1025 3731 1151 3778 tractans
1165 3725 1194 3777 in
1209 3723 1303 3786 corde,
1315 3722 1376 3776 utsi
1388 3721 1510 3775 maxima
1522 3720 1690 3774 imminente
1702 3713 1812 3771 necessi-

188 3802 344 3872 SUSPifflssssr
369 3805 430 3860 flii:
450 3827 462 3859 ‘
483 3808 554 3874 Heu,
580 3809 673 3873 Pater,
696 3817 833 3880 quantum
853 3809 936 3865 modo
954 3809 983 3862 in
1025 3819 1083 3868 tute
1097 3819 1147 3868 aut
1159 3813 1257 3867 mortis
1270 3817 1320 3866 aut
1335 3811 1452 3881 alicujus
1467 3809 1553 3875 exitii,
1569 3808 1638 3880 quid
1658 3808 1733 3863 enim
1747 3805 1813 3859 lutu-

187 3891 279 3962 capite
289 3892 369 3948 doleo
382 3895 388 3948 l
399 3897 481 3950 modo
491 3897 558 3951 mihi
566 3913 658 3968 genua
667 3898 772 3964 dolent,
785 3899 867 3952 modo
881 3914 964 3952 crura
975 3917 981 3966 ;
1025 3909 1171 3956 rumesset
1180 3901 1279 3955 incerti
1291 3915 1414 3963 eramus,
1422 3897 1569 3971 oportebat
1577 3914 1678 3952 omues
1688 3896 1814 3951 affuturos

128 4035 132 4041 .
187 3991 262 4032 ¹¹¹1ssss
278 3979 517 4049 brechinensem
532 4002 581 4057 per
593 3993 685 4040 totum
700 3985 983 4058 ⁰0rpusd010ringe-
1025 4007 1086 4046 esse
1098 4009 1104 4057 ;
1116 3990 1219 4045 bonurn
1230 3995 1291 4044 erat
1307 3990 1331 4044 si
1346 3988 1522 4059 aliquantum
1542 4001 1642 4041 somno
1657 3983 1751 4041 relecti
1764 3983 1813 4036 lue

187 4067 313 4124 minatur
325 4075 353 4125 et
365 4073 475 4129 crescit.
494 4075 641 4147 »cumque
656 4075 714 4130 hec
729 4074 825 4130 dicens
838 4074 985 4130 vehemen·
1024 4081 1091 4146 rint,
1112 4084 1141 4134 et
1162 4079 1251 4150 magis
1270 4078 1362 4133 sobrie
1386 4077 1511 4130 facerent
1529 4065 1668 4147 quidquid
1682 4071 1812 4144 agendum

187 4159 232 4210 Ψ
250 4157 365 4225 dmm»
388 4162 469 4217 affuit
491 4163 605 4234 quidam
625 4164 722 4230 laicus,
742 4164 787 4218 cui
810 4168 841 4218 ut
854 4163 985 4235 loquerer
1026 4175 1109 4224 esset.
1123 4169 1239 4222 Fuimus
1254 4167 1349 4238 itaque
1362 4173 1420 4220 tres
1431 4181 1494 4219 curu
1505 4164 1553 4219 illo
1568 4171 1671 4236 quarto
1681 4161 1728 4234 qui
1737 4159 1814 4232 patie-

187 4246 344 4315 ⁰P0lteb³b
361 4255 390 4305 el
404 4250 484 4305 exivi·
501 4268 565 4306 cum
580 4253 675 4306 statim
694 4257 840 4306 revocatus
855 4269 872 4305 a
885 4268 982 4323 puero,
1025 4255 1117 4322 batur,
1130 4257 1277 4327 loquentes
1291 4273 1354 4311 cum
1370 4271 1403 4309 eo
1417 4259 1445 4309 et
1458 4253 1635 4308 consolantes
1649 4265 1812 4321 eumquae-

188 4333 236 4404 qui
247 4343 352 4408 ae8f⁰t0
367 4339 524 4404 assistebat,
535 4341 751 4412 ingrediensque
762 4341 877 4395 domum
891 4341 1087 4404 iuvenilium
1101 4362 1181 4416 posse
1192 4344 1313 4400 dabatur
1324 4343 1415 4399 nobis.
1428 4344 1523 4398 Tanta
1538 4357 1603 4395 vero
1617 4338 1768 4396 debilitatis
1776 4336 1813 4390 vel

187 4437 251 4476 eum
261 4425 401 4493 jacentem
421 4436 621 4501 arreptumque
636 4430 764 4484 molestia
779 4429 912 4500 pristina,
928 4446 985 4484 non
1026 4435 1200 4489 lassitudinis
1214 4435 1244 4489 in
1258 4449 1374 4505 corpore
1388 4435 1450 4486 erat
1463 4437 1572 4486 uicum
1588 4430 1616 4484 in
1632 4431 1706 4484 lecto
1716 4443 1768 4499 quo
1776 4428 1814 4496 ja-

189 4516 283 4567 tamen
299 4515 460 4572 caltitrabat
479 4524 528 4574 aut
549 4519 711 4574 volvebatur
732 4519 804 4573 sicut
824 4519 913 4590 prius,
936 4520 985 4574 sed
1026 4523 1115 4589 cebet,
1137 4522 1360 4594 quoquomodo,
1383 4526 1416 4576 ut
1438 4521 1480 4575 vel
1500 4535 1601 4593 parum
1620 4525 1680 4573 tam
1700 4515 1814 4572 maxima

188 4599 289 4656 clausis
302 4605 398 4670 oculis,
414 4611 549 4677 tanquam
573 4608 716 4662 dormiens
735 4624 791 4661 non
812 4608 983 4663 movebatur.
1026 4613 1155 4667 molestia
1165 4613 1264 4666 saltem
1279 4610 1408 4665 mutandi
1422 4609 1508 4664 situm
1522 4609 1813 4678 levigareturcumpe

187 4687 987 4769 Cumquepostaliquantulumtemporisrediensaperiret
1026 4717 1094 4757 nere
1108 4718 1138 4756 se
1152 4701 1235 4755 vellet
1260 4700 1338 4754 nullu
1359 4699 1440 4752 modo
1458 4698 1573 4752 valeret.
1598 4697 1656 4752 Nos
1680 4711 1754 4757 vero,
1770 4691 1812 4763 qui

188 4777 283 4832 oculos
297 4795 398 4851 meque
412 4782 563 4854 inspiceret
573 4785 761 4848 assistentem,
774 4786 875 4840 iterum
887 4786 984 4840 eodem
1025 4791 1184 4857 aderamus,
1197 4806 1260 4844 cum
1276 4789 1311 4843 ad
1325 4787 1581 4860 appetitum,quem
1596 4782 1813 4840 lieriineovide-

188 4867 271 4922 modo
286 4875 383 4940 raptus
398 4877 459 4940 est;
476 4878 582 4927 etcum
595 4874 698 4944 sepius
711 4875 843 4938 berebet
856 4875 903 4928 ille
917 4891 986 4945 spu·
1026 4878 1135 4936 bamus.
1157 4878 1291 4932 vellemus
1315 4893 1380 4931 eum
1399 4890 1576 4946 componere,
1596 4873 1641 4928 six
1655 4889 1720 4927 eum
1735 4871 1812 4926 etiam

188 4962 289 5025 maret,
305 4959 400 5014 videns
411 4977 462 5032 ego
478 4961 601 5016 laborem
617 4963 678 5034 ejus
692 4968 803 5018 tantum
818 4964 985 5034 ingemuiex
1025 4983 1088 5022 curn
1100 4966 1410 5021 laboremovebamus.·
1420 4965 1462 5019 Ad
1472 4961 1740 5018 naturaenecessaria
1754 4975 1813 5013 cum

185 5046 297 5116 intimo,
315 5056 344 5104 et
358 5050 422 5105 misi
435 5067 485 5122 pro
499 5056 635 5106 conventu
654 5052 774 5106 fratrum
788 5058 821 5108 ut
834 5053 983 5121 adesseut3
1025 5057 1067 5111 ire
1079 5056 1172 5120 vellet,
1188 5071 1239 5109 nec
1252 5070 1368 5126 surgere
1380 5070 1432 5108 nec
1447 5071 1463 5107 a
1476 5053 1537 5107 loco
1550 5068 1579 5106 se
1590 5067 1700 5106 movere
1714 5049 1812 5112 valens,

188 5137 288 5208 quibus
298 5139 483 5210 praesentibus
493 5147 521 5194 et
532 5141 717 5211 psallentibus
728 5141 808 5196 nobis
818 5157 913 5195 coram
928 5157 986 5196 om·
1025 5145 1134 5200 duobus
1158 5142 1302 5211 imeritus,
1322 5143 1412 5198 tensis
1430 5141 1562 5205 brachiis,
1578 5140 1740 5211 erigendum
1754 5153 1814 5209 por-

186 5225 269 5282 nibus
279 5235 415 5300 aegrotum
428 5229 614 5284 molestiasua
626 5230 884 5302 arripuit-Cumque
894 5231 985 5285 adhuc
1025 5235 1198 5305 laudumque
1213 5251 1243 5288 se
1258 5231 1385 5303 praebuit,
1402 5231 1450 5302 qui
1472 5247 1536 5285 euru
1552 5247 1614 5284 cum
1634 5229 1739 5292 labore,
1758 5226 1813 5280 sine

187 5316 222 5370 ab
238 5317 336 5372 eadem
363 5323 516 5385 teneretur,
534 5320 692 5392 clausisque
717 5321 805 5374 oculis
824 5326 853 5375 et
872 5320 983 5392 pugnis,
1025 5323 1101 5377 illius
1116 5323 1209 5394 aliquo
1229 5328 1307 5376 motu
1331 5320 1492 5384 auxiliabili,
1509 5327 1624 5391 excepto
1646 5317 1719 5389 quod
1735 5315 1814 5388 pedes

186 5404 257 5459 nibil
281 5423 388 5473 eorum,
419 5425 480 5480 quae
504 5409 621 5464 anobis
647 5409 829 5480 gerebantur,
857 5409 983 5474 sentiret,
1025 5417 1193 5482 perterram
1206 5409 1433 5480 magistralrebat
1447 5425 1530 5480 quam
1546 5407 1813 5478 regebatportantes

186 5494 299 5564 aperuit
309 5513 423 5551 uranum
439 5497 567 5552 dextram
588 5497 690 5564 subito,
708 5503 736 5552 et
750 5499 860 5569 erigens
873 5514 934 5552 eam
949 5498 985 5552 ad
1026 5505 1234 5570 etreportantes
1243 5499 1273 5552 in
1283 5498 1453 5552 lectocoram
1466 5501 1669 5568 aneposuerunt
1678 5490 1812 5564 quomodo

187 5588 280 5654 caput,
299 5584 421 5654 signavit
440 5587 565 5656 seipsum
589 5592 642 5648 ter,
664 5587 744 5643 nobis
776 5587 935 5644 videntibus
957 5593 985 5642 et
1026 5593 1186 5660 potuerunt.
1203 5589 1315 5643 Etcum
1329 5591 1414 5641 unta
1435 5587 1608 5656 agritudinis
1622 5582 1742 5656 pondere
1755 5593 1812 5651 pre-
