3970 6172
881 420 964 466 cinca
986 420 1082 466 FINEM
1103 421 1223 466 SAECULI.

285 573 288 578 ’
431 601 962 774 scennis
1033 513 1662 777 corrosis

881 911 1213 1049 MUSICA.

310 1182 354 1250 (D.
370 1181 512 1236 Gennaes.
525 1178 628 1248 Script.
643 1179 675 1232 de
690 1179 804 1245 Musica,
820 1179 858 1239 ll,
875 1174 938 1243 230,
951 1177 1204 1318 ⁶³⁶th⁸·.⁸⁰'.²53³⁰⁸·
1215 1192 1275 1232 sac.
1291 1191 1342 1241 ιιι,
1354 1179 1453 1234 collato
1463 1195 1527 1234 uem
1547 1180 1746 1234 Vindobonansi
1759 1187 1785 1237 et

998 1264 1120 1302 sossensi.

904 1539 1181 1614 MONITUM.

262 1738 339 1792 Inter
347 1737 544 1806 prestantioro
559 1736 727 1802 scriptoram
741 1731 826 1783 aredii
844 1731 894 1783 eri
909 1730 1039 1792 opusculo
1060 1728 1092 1780 de
1107 1729 1215 1780 musica
1231 1729 1330 1780 nsorito
1345 1729 1469 1794 refertur
1481 1731 1599 1784 imonis
1614 1731 1731 1785 Musica.
1745 1732 1857 1788 Frustra

231 1808 371 1869 hactenus,
387 1811 436 1877 qui
455 1809 491 1861 sit
506 1808 624 1859 loannes
639 1807 697 1863 isto,
711 1801 961 1868 indeparastudut,
975 1801 1066 1866 quiin
1081 1815 1132 1850 ms.
1147 1797 1383 1867 Lipsaosronscs
1396 1803 1681 1870 copnomirmtur,qua
1696 1805 1729 1856 de
1743 1819 1775 1856 ra
1790 1805 1856 1857 nibil

228 1881 335 1932 notovit
349 1881 383 1932 ct.
402 1878 565 1932 bibliothecen
578 1877 640 1931 das.
661 1874 737 1927 Vind.
753 1877 850 1925 custos.
862 1872 1055 1930 blortinczius,
1071 1871 1121 1936 qni
1135 1872 1277 1922 comantes
1293 1870 1418 1922 lectiones
1436 1887 1468 1923 aa
1486 1873 1543 1925 cod.
1565 1873 1675 1928 Vindob.
1690 1875 1799 1941 ootlepit
1814 1891 1857 1943 op-

230 1952 303 2004 tima
317 1955 395 2004 nota.
413 1950 448 2003 In
462 1949 520 2001 cod.
536 1949 625 2000 Poris.
644 1948 758 1998 notatur
767 1947 898 2010 prolapus
914 1957 927 1992 a
944 1942 1065 2008 Epistola
1079 1941 1196 1993 ioannis
1209 1939 1330 1993 (lotionis
1346 1941 1382 1992 ad
1396 1942 1576 2008 Fulpentinrn
1591 1946 1746 2011 episcopam
1761 1947 1857 2014 duplo

227 2033 303 2074 rnen.
319 2038 330 2069 ι
345 2023 379 2075 ln
394 2035 443 2072 ins.
460 2019 669 2075 Suu-illasione,
680 2015 760 2081 qaod.
777 2029 827 2066 an.
847 2011 915 2067 lits
934 2013 1060 2064 iracundia
1069 2012 1165 2076 periit,
1182 2012 1350 2076 sirispliciter
1363 2013 1568 2066 inscribebatur
1580 2015 1699 2068 loannis
1714 2017 1828 2078 Musica,
1845 2037 1855 2066 ι

226 2094 259 2143 nt
267 2093 373 2157 passim
388 2092 468 2154 otios,
483 2091 580 2156 quippe
596 2102 652 2138 non
668 2099 733 2137 raro
744 2085 864 2137 occurrit
874 2088 972 2136 auctor
985 2084 1034 2134 istc
1046 2096 1098 2148 pro
1112 2095 1163 2132 sna
1176 2084 1349 2146 prestantia,
1363 2087 1424 2148 post
1437 2083 1589 2138 Gus’donsm
1602 2085 1762 2148 Aretissam,
1779 2103 1856 2154 quent
1964 2147 1965 2160 ἵ

226 2161 271 2212 uti
279 2165 303 2213 ct
314 2163 464 2214 bernonem
478 2161 641 2224 luniensem
654 2158 729 2216 citat,
742 2156 818 2206 nulli
827 2154 961 2206 sccundus
975 2167 1032 2205 sac.
1050 2164 1078 2204 xl
1094 2154 1193 2206 aetx11.
1213 2151 1286 2206 Sunt
1302 2155 1352 2218 qut
1366 2155 1450 2206 ittnm
1463 2157 1619 2220 pontificem
1634 2157 1793 2210 Romanum
1813 2174 1855 2210 ar·

223 2235 339 2297 puerant
353 2247 385 2283 ea
394 2231 519 2296 formata
536 2245 548 2279 ι
564 2227 664 2282 Seruus
677 2240 819 2278 seruorum
829 2225 886 2287 Ilei,
904 2242 915 2273 ι
931 2239 987 2291 qua
1001 2225 1112 2285 utitur;
1129 2227 1158 2274 ot
1173 2236 1235 2274 ocra
1249 2225 1334 2275 etiam
1348 2225 1402 2274 atii
1420 2226 1478 2276 oiri
1489 2225 1622 2292 retipiosi
1637 2229 1727 2280 aelati
1742 2229 1857 2282 Faustus

223 2302 374 2354 monachas
388 2300 599 2366 Glanosolicusis
614 2299 646 2350 in
666 2297 723 2350 Vita
736 2295 764 2350 S.
780 2296 884 2358 Mauri,
902 2294 953 2346 boc
971 2294 1096 2359 farinula
1108 2297 1175 2346 snm
1190 2295 1243 2345 usi.
1266 2293 1319 2359 aar
1333 2294 1412 2346 bodie
1425 2294 1543 2348 historia
1558 2299 1669 2350 musica
1679 2299 1801 2352 studiose
1813 2301 1858 2353 ad-
1964 2343 1965 2370 ,

222 2372 337 2425 modurn
349 2385 459 2440 operam
483 2373 587 2423 novant
602 2370 658 2420 uiri
670 2367 844 2432 doctilnpli,
860 2364 974 2431 prodere
989 2364 1099 2432 aliquid
1112 2364 1143 2416 de
1157 2365 1264 2416 tessun
1286 2379 1318 2416 es
1333 2367 1445 2418 nomine
1459 2366 1609 2433 Fulgentit,
1629 2369 1789 2435 Anpwrum
1808 2386 1857 2424 an·

223 2441 329 2510 tistitis,
345 2443 392 2496 cai
401 2442 529 2495 inscribit
544 2439 649 2492 tibrum
660 2440 691 2490 in
706 2440 794 2492 trecens
809 2442 920 2504 queant,
935 2450 1001 2502 quos
1015 2436 1125 2502 frustra
1140 2439 1231 2486 tomen
1246 2435 1385 2520 consulut.

806 2606 1272 2743 PROLOGUS.

253 2851 373 2908 Domino
387 2848 501 2905 etPatii
510 2864 561 2903 suo
569 2845 721 2902 venerabili
730 2845 884 2916 anglorum
893 2845 1124 2906 antistitiAsatis
1151 2851 1231 2918 aptae
1254 2852 1284 2901 et
1309 2847 1394 2902 utiles
1418 2849 1585 2921 legentibus,
1604 2852 1628 2906 si
1652 2853 1737 2909 velles
1761 2855 1856 2924 modo,

217 2939 449 3004 Fauoanrro,viro
464 2937 570 2992 scilicet
580 2953 613 2990 ex
624 2949 765 2989 nonomen
774 2932 899 2994 habenti,
911 2933 1015 3003 quippe
1056 2951 1152 3006 posses
1162 2951 1310 3006 excerpere
1329 2937 1459 3007 regulas;
1476 2940 1595 3010 proinde
1609 2946 1642 2995 ut
1657 2941 1717 2998 hac
1739 2960 1797 2999 uua
1812 2962 1857 3000 ex·

217 3031 266 3103 qai
281 3035 310 3085 et
323 3027 472 3100 prudentia
487 3026 582 3097 pollet,
595 3031 623 3078 et
632 3023 753 3077 sanitate
765 3021 867 3092 iulget;
882 3023 1012 3087 bonanus,
1055 3023 1162 3077 cusatio
1189 3039 1304 3094 prorsus
1323 3031 1414 3079 cesset
1437 3027 1585 3093 admoneo,
1613 3045 1677 3083 cum
1699 3031 1799 3098 etiam,
1824 3037 1857 3087 ut

215 3136 314 3176 servus
328 3134 473 3174 servorum
487 3115 547 3180 Dei,
559 3113 695 3186 quidquid
713 3111 791 3166 Patri
805 3111 902 3174 Filius,
918 3110 1013 3164 Domi·
1054 3110 1153 3166 beatus
1167 3113 1319 3184 Gregorius
1328 3113 1406 3178 dicit,
1422 3115 1504 3182 vires,
1522 3133 1592 3188 quas
1606 3117 1750 3189 imperitia
1761 3121 1853 3176 dene-

214 3225 309 3282 noque
322 3223 430 3263 servus,
1051 3205 1109 3271 gat,
1126 3200 1248 3256 charitas
1267 3201 1471 3259 subministret.
1493 3203 1543 3260 His
1557 3222 1623 3276 ergo
1645 3207 1728 3262 dictis
1741 3215 1854 3265 retusus
1964 3203 1965 3228 ¹

248 3300 320 3354 Cum
329 3313 375 3352 me
389 3294 511 3367 plurima
526 3291 733 3363 atquediversa
753 3288 861 3343 videres
876 3288 1010 3358 indagare
1051 3291 1199 3360 extemplo,
1225 3294 1320 3361 atque,
1344 3295 1377 3345 ut
1404 3290 1496 3346 venus
1527 3292 1628 3360 dicam,
1653 3301 1715 3350 tam
1742 3299 1852 3369 potenti

212 3387 317 3452 studia,
337 3385 387 3441 uni
401 3390 497 3438 tamen
520 3381 583 3445 arti,
599 3379 729 3434 videlicet
742 3377 855 3432 musicae
874 3377 1011 3447 precipue
1052 3378 1212 3449 compulsus
1218 3379 1353 3448 jussione,
1364 3396 1434 3450 opus
1444 3380 1519 3451 quod
1530 3381 1600 3435 mihi
1608 3382 1774 3453 injunxeras
1783 3403 1852 3440 con-

212 3493 327 3550 operam
341 3474 420 3538 dare,
434 3471 470 3526 de
484 3471 546 3541 ipsa
558 3485 603 3522 me
625 3473 687 3522 arte
702 3465 871 3536 compellare
890 3464 1009 3535 coepisti,
1051 3467 1171 3522 tidenter
1187 3484 1338 3538 aggressus
1358 3485 1439 3536 sum,
1455 3469 1671 3541 prudentiorum
1686 3489 1809 3545 namque
1823 3481 1852 3530 et

210 3563 383 3622 suadensuti
395 3561 431 3615 ad
445 3557 602 3614 doctrinam
617 3561 646 3610 et
660 3553 894 3609 illuminationem
917 3553 1010 3606 minus
1050 3555 1285 3626 perspicaciorum
1309 3556 1415 3611 derisui
1435 3557 1581 3627 subjacere
1600 3559 1698 3624 malui,
1722 3576 1807 3630 quem
1820 3561 1852 3616 in

211 3653 387 3711 eruditorum
397 3649 521 3719 aliquam
535 3644 668 3717 ingenioli
679 3643 871 3697 nieicurarem
881 3641 1010 3697 emittere
1049 3646 1128 3698 tuam
1143 3644 1374 3715 indignationem,
1392 3645 1416 3699 si
1436 3644 1629 3717 obtemperare
1644 3648 1761 3715 nollem,
1778 3643 1851 3705 in'ei.

211 3739 410 3805 scintillulam;
426 3737 494 3809 quid
509 3751 571 3788 cuni
601 3732 702 3787 dubius
728 3729 921 3800 trepidusque,
947 3736 1010 3784 tan·
1049 3732 1125 3788 dere.
1138 3734 1243 3788 Puerili
1258 3735 1372 3806 quidem
1385 3735 1458 3806 stylo
1473 3751 1556 3790 usum
1577 3752 1622 3790 me
1633 3737 1777 3808 profiteor,
1800 3755 1849 3793 ve-

209 3847 294 3902 quaffl
304 3828 353 3900 (ilfi
366 3826 402 3881 ad
417 3826 468 3879 ¹¹⁰⁰
480 3822 650 3894 implendum
660 3819 878 3890 haudquaquam
889 3817 960 3872 mihi
970 3817 1009 3872 Vi·
1049 3829 1218 3895 rumtamen,
1236 3824 1283 3894 qui
1293 3823 1406 3878 utiliora
1417 3823 1585 3878 videbantur
1599 3840 1633 3878 ac
1647 3825 1739 3894 magis
1756 3843 1850 3882 neces

209 3921 296 3978 debar
306 3920 434 3983 idoneus,
451 3916 608 3986 refugerem
624 3911 815 3966 crebraaures
825 3926 902 3964 mens
914 3911 1009 3964 admo·
1048 3911 1123 3966 saria
1133 3927 1167 3966 ex
1180 3911 1300 3966 aliorum
1316 3912 1457 3966 codicellis
1473 3913 1673 3984 compendiose
1687 3916 1795 3987 collegi,
1810 3917 1848 3970 de

207 4007 314 4067 uitione
328 4007 470 4082 pulsabas,
483 4003 706 4071 versiculumque
723 3999 803 4054 illum
816 3999 941 4053 veritatis
956 3999 1006 4053 do·
1048 4016 1111 4054 meo
1125 3999 1267 4054 interdum
1290 3999 1375 4053 etiam
1398 3999 1504 4054 addens
1523 4000 1657 4070 igniculo.
1674 4001 1784 4058 Placuit
1796 4020 1848 4060 au-

207 4105 278 4166 ctor,
294 4103 323 4154 et
337 4093 463 4152 caritatis
477 4096 588 4146 amator
602 4103 714 4158 semper
734 4086 804 4140 mihi
824 4086 980 4140 instillabas
996 4077 1105 4142 :Btem
1118 4087 1269 4158 aliquantis
1282 4086 1408 4142 libellum
1427 4087 1557 4158 capitulis
1574 4088 1759 4160 distinguere,
1775 4097 1807 4146 ut
1822 4092 1848 4146 si

207 4187 346 4264 sapientia
360 4183 479 4248 occulta,
501 4185 530 4234 et
553 4179 703 4233 thesaurus
725 4175 915 4238 absconditus,
942 4191 1003 4245 quae
1044 4175 1111 4246 quid
1132 4175 1219 4229 lector
1234 4174 1310 4229 inter
1327 4181 1428 4230 catera
1451 4176 1559 4232 avidius
1582 4179 1735 4248 quesierit,
1760 4179 1846 4235 citim

205 4277 314 4334 utilitas
335 4274 364 4328 in
387 4271 523 4341 utrisque.
538 4266 581 4321 nd
596 4266 655 4320 hoec
668 4279 714 4318 me
727 4262 777 4317 tibi
787 4262 1003 4334 respondentem
1044 4265 1096 4318 hoc
1116 4269 1200 4335 etque
1221 4263 1331 4318 facilius
1343 4281 1394 4335 per
1407 4264 1566 4336 praemissas
1585 4266 1781 4323 adnotationes
1795 4286 1848 4324 re-

205 4365 280 4437 qaod
301 4360 420 4427 hebetis,
449 4362 477 4412 et
492 4353 638 4410 imbecillis
653 4367 743 4408 essem
757 4349 872 4420 ingenii,
891 4350 941 4403 tali
956 4348 1003 4404 ob·
1043 4353 1098 4424 cipi
1113 4353 1213 4407 valeat.
1228 4353 1295 4408 Tuae
1308 4353 1405 4423 igitur,
1422 4353 1496 4424 quod
1510 4359 1538 4408 te
1552 4355 1689 4411 suadente
1701 4357 1800 4428 incepi,
1814 4363 1846 4413 et

203 4451 327 4525 justione
341 4444 539 4519 compescebas
550 4462 555 4498 :
567 4441 635 4513 quid
646 4445 697 4505 est,
708 4437 836 4509 aliquod
847 4437 926 4494 dicis.
934 4437 1001 4507 quid
1042 4442 1162 4497 Domino
1172 4441 1328 4514 opitulante
1342 4441 1456 4512 perfeci,
1473 4441 1559 4496 allero
1574 4443 1846 4516 clementiae,quate-

204 4546 256 4609 cst,
279 4540 405 4611 inquam,
433 4531 507 4606 quod
530 4528 674 4601 loqueris?
688 4541 782 4580 nonne
795 4541 846 4595 ego
864 4531 894 4578 te
909 4525 999 4579 Boetii
1041 4547 1095 4586 nus
1110 4548 1160 4602 per
1178 4535 1206 4585 te
1221 4530 1364 4601 probetur,
1380 4533 1409 4585 et
1423 4546 1475 4601 per
1492 4534 1521 4584 te
1534 4531 1705 4603 corrigatur,
1724 4537 1808 4604 etque
1823 4550 1846 4588 a

201 4629 350 4694 musifflms
371 4631 455 4696 atque
474 4619 619 4681 Gffid⁰¹¹i⁸1
640 4631 749 4672 ”0⁰³0ss
770 4619 799 4668 ei
812 4613 958 4681 B⁸P¹¹⁰¹¹iss
974 4614 999 4668 Si
1039 4620 1184 4675 venenatis
1196 4619 1387 4674 detractorum
1398 4617 1539 4674 morsibus
1548 4624 1599 4674 tua
1612 4621 1776 4677 cucanea
1783 4621 1843 4677 de-

200 4703 779 4782 rectememini‚legissecomperilNonne
793 4707 999 4773 etegoquanta
1038 4707 1179 4764 tendatur.
1529 4703 1533 4712 ’

201 4809 240 4864 sit
252 4806 297 4862 tui
306 4803 424 4860 facultas
437 4797 543 4870 ingenii
559 4811 644 4867 quam
656 4790 786 4864 plurimis
796 4791 899 4846 edidici
921 4807 1001 4863 expe·
1153 4800 1266 4853 Finitur
1288 4799 1426 4867 prefatio,
1438 4800 1581 4868 incipiunt
1594 4801 1728 4868 capitula.

199 4895 340 4959 rimantis,
355 4892 425 4948 adeo
439 4887 551 4958 utquid
568 4885 611 4940 tui
630 4889 742 4956 portare
757 4887 862 4954 queant
876 4882 997 4950 humeri,
1077 4887 1102 4945 1,
1118 4887 1244 4952 Quantas
1257 4887 1321 4958 quis
1333 4887 1368 4941 ad
1381 4887 1495 4943 musicae
1509 4887 1687 4960 disciplinam
1697 4907 1727 4945 se
1736 4893 1838 4961 aptam

198 4990 227 5043 et
240 4983 315 5058 quod
332 4980 449 5037 minime
462 4992 546 5032 nemo
563 4975 664 5029 melius
677 4987 722 5026 me
735 4977 820 5042 atque
834 4970 997 5026 indubitan-
1039 4975 1152 5035 debeat,

197 5076 255 5132 tius
279 5071 404 5130 navent?
424 5067 552 5124 Profecto
570 5081 626 5119 non
640 5062 714 5116 bona
728 5077 779 5115 nec
793 5060 953 5132 recipienda
966 5064 995 5116 te
1071 5066 1107 5121 11.
1125 5067 1192 5130 Quae
1203 5066 1310 5121 utilitas
1324 5066 1363 5121 sit
1381 5065 1454 5121 scire
1468 5065 1614 5130 musicam,
1626 5071 1656 5122 et
1668 5067 1736 5139 quid
1749 5066 1838 5123 datae

197 5171 296 5223 contra
316 5179 362 5218 me
384 5159 493 5215 ratione
507 5154 606 5220 tueris,
628 5157 712 5223 atque
736 5148 759 5205 si
775 5149 879 5204 rectius
900 5149 995 5204 omnia
1034 5155 1109 5210 inter
1125 5155 1274 5222 musicum,
1292 5159 1483 5211 mmmm·

193 5263 368 5338 perpendere
382 5257 477 5322 velles,
494 5253 644 5328 quominus
659 5267 705 5305 me
719 5249 899 5320 monitusque
914 5265 993 5303 meos
1069 5245 1120 5300 111.
1140 5245 1220 5300 Unde
1235 5246 1272 5300 sit
1285 5244 1360 5302 dicta
1374 5244 1492 5310 musica,
1508 5249 1537 5300 et
1550 5261 1567 5299 a
1581 5259 1637 5316 quo
1651 5250 1680 5300 et
1692 5243 1835 5318 quomodo

191 5367 352 5425 sequerere,
371 5363 486 5403 eausam
509 5361 565 5399 non
587 5340 723 5406 haberes,
742 5354 808 5392 nam
823 5337 898 5392 atde
914 5338 988 5391 Mar·
999 5354 1020 5416 ρ
1033 5333 1071 5388 sit
1080 5333 1204 5392 iuventa.

190 5443 267 5507 tiele,
283 5440 395 5500 ottone,
413 5436 546 5497 Notlero,
561 5446 682 5503 quorum
696 5427 943 5587 liburnutpote
956 5426 986 5480 in
1066 5423 1110 5478 lv.
1128 5423 1202 5486 Quot
1212 5422 1269 5477 sint
1280 5421 1469 5478 instrumenta
1479 5420 1578 5477 musici
1592 5422 1669 5480 soni.

187 5532 242 5586 hac
261 5533 322 5583 arte
345 5524 607 5597 probatissimorum
638 5517 756 5588 diligent
848 5515 985 5586 rspexisse
1061 5513 1095 5568 V.
1112 5511 1153 5566 De
1169 5527 1287 5568 numero
1300 5511 1479 5592 litterarum,
1488 5516 1518 5568 et
1538 5510 1574 5567 de
1596 5511 1762 5568 ᾱιιιιιιιΐᾰοιιε
1781 5525 1833 5568 ea-

186 5616 299 5683 diceris,
312 5614 422 5680 edeam,
446 5613 482 5667 ds
495 5608 676 5682 prelatorum
696 5606 821 5660 virorum
843 5603 984 5674 opusculis
1025 5617 1100 5659 rum.
