4046 6186
199 259 268 322 reas
765 259 1064 321 ossonorams.
1085 255 1206 318 -ιιι,
1226 262 1264 320 u.
1763 269 1833 332 1034

196 387 349 444 cetissicat
361 387 514 444 luminaria
523 387 553 443 in
564 387 678 444 mundo.
696 387 763 444 »Ex
777 394 883 460 septem
899 387 1029 461 plano-A
1175 385 1247 444 car.
1265 385 1391 443 XXVIII.
1406 413 1436 430 -
1449 389 1486 444 lle
1497 393 1573 460 pacis
1587 398 1687 451 osculo

196 476 234 532 tis
248 475 296 532 ille
312 481 465 534 concentus
473 477 603 544 allicitur,
615 482 645 532 et
658 493 709 550 per
722 477 914 550 septiformem
930 475 994 548 Spi-
1071 471 1257 531 Interamnia
1270 481 1366 531 minen
1376 476 1453 548 pacis
1462 478 1554 550 signa,
1566 498 1627 552 quae
1637 483 1745 542 actibus
1756 492 1833 545 tran.

196 565 269 622 ritus
289 565 379 622 sancti
394 567 515 638 gratiam
537 565 613 638 pacis
635 570 740 622 nostra
754 567 874 622 societas
883 583 995 622 concor·
1035 561 1174 634 siguntur,
1191 565 1363 636 praecipuum
1377 570 1406 621 et
1417 567 1508 638 magis
1521 585 1684 641 expressum
1693 581 1736 630 ast
1750 593 1832 634 oscu-

196 654 291 710 datur.
307 654 412 710 Versus
426 655 562 711 orientem
578 660 671 710 motus
683 655 730 710 ills
739 657 892 711 concinnus
906 654 992 722 vadit,
1034 649 1105 718 lum,
1127 668 1183 708 non
1207 653 1268 708 dico
1282 653 1372 725 pedis,
1397 659 1448 710 aut
1470 656 1581 726 frontis,
1606 667 1656 716 aut
1680 664 1766 732 auris,
1783 670 1835 721 aut

197 743 265 815 quia
278 743 371 798 omnis
383 743 521 816 regularis
536 743 653 799 unitatis
671 743 833 800 fraternitas
854 743 890 799 ad
908 743 993 798 finem
1035 739 1153 796 alterius
1167 741 1296 808 membri,
1314 743 1363 798 sed
1377 743 1435 798 oris
1446 749 1652 805 tantummodo.
1666 751 1739 817 Quia
1757 755 1833 811 onim

196 832 458 900 consummationis,
485 832 628 888 christum
656 832 781 906 respicit,
805 832 840 888 de
855 849 910 906 quo
924 832 994 888 scri·
1035 828 1202 896 evidentius,
1227 847 1278 904 per
1300 831 1356 886 oris
1376 831 1498 889 officium
1529 853 1615 908 quam
1644 855 1695 911 per
1720 850 1834 900 caetero·

196 925 276 992 ptam
291 926 353 977 est:
373 941 384 974 ι
401 921 470 977 soce
484 921 526 976 vir
540 921 633 977 oriens
645 937 747 978 nomen
761 922 833 993 ejus.
850 942 863 974 ι
885 921 996 977 Dormit
1036 932 1099 972 rum
1113 917 1305 975 membrorum
1319 925 1391 976 nutu
1416 922 1503 978 animi
1522 931 1618 981 votum
1638 929 1830 1000 exprimimus,

195 1013 349 1064 concentus
364 1009 413 1065 ille
429 1009 560 1078 caelestis,
573 1009 641 1065 dum
661 1010 691 1065 ln
700 1009 906 1082 tranquillitate
918 1010 994 1082 pacis
1034 1003 1098 1061 ideo
1112 1022 1163 1078 per
1181 1007 1307 1064 osculum
1333 1009 1390 1063 oris
1413 1010 1489 1082 pacis
1510 1011 1717 1086 heneplacitum
1739 1021 1833 1094 aptius

197 1107 300 1154 nostrae
314 1098 474 1171 spirituales
483 1098 546 1164 vlri,
560 1115 579 1153 a
592 1098 689 1154 mundi
704 1098 805 1154 secreti
814 1098 993 1165 tumultibus,
1035 1093 1212 1150 adnotamus.

195 1187 314 1242 interna
326 1187 471 1257 sapientia
483 1186 995 1259 protundameditantur,sicutsponsa
1070 1183 1159 1238 Datur
1173 1183 1250 1255 pacis
1267 1184 1423 1241 Jerusalem
1439 1189 1565 1244 osculum
1581 1191 1716 1251 iratribus
1729 1197 1758 1252 in
1778 1199 1832 1254 lic·

196 1275 227 1330 in
242 1291 308 1332 voce
329 1276 430 1332 talium
453 1277 561 1348 Sponsa
580 1277 732 1348 respondet
755 1275 851 1332 dicens
873 1294 879 1331 ι
899 1293 912 1328 ι
937 1275 995 1346 Ego
1036 1269 1121 1325 clesia
1135 1286 1191 1325 non
1205 1271 1422 1343 qualibethora,
1437 1275 1527 1332 sedia
1546 1278 1634 1335 missa
1651 1291 1716 1354 post
1729 1285 1833 1343 immo·

196 1363 317 1432 dormio,
332 1371 362 1420 et
375 1381 423 1420 cor
437 1380 530 1421 meum
544 1363 651 1436 vigilat.
670 1383 682 1416 ι
1035 1360 1171 1416 lationem
1185 1362 1310 1433 quidem.
1324 1363 1373 1418 sed
1388 1370 1455 1420 ante
1473 1368 1678 1439 susceptionem
1694 1373 1833 1433 Dominioi

232 1453 311 1508 Sicut
323 1458 419 1510 eutem
432 1453 581 1510 harmonia
594 1452 644 1509 illa
657 1451 778 1509 coelestis
791 1452 872 1509 nohis
889 1452 996 1524 Imper-
1036 1449 1169 1522 corporis.
1187 1449 1266 1514 Quod
1282 1453 1408 1508 osculum
1423 1453 1547 1526 primum
1562 1473 1580 1511 a
1593 1460 1737 1518 sacerdote
1751 1465 1833 1521 mini.

197 1541 337 1613 reptibilia
351 1548 404 1608 est,
412 1539 613 1612 distinguibilis
622 1547 718 1597 autem
727 1546 756 1597 ct
768 1541 858 1598 dulcis
866 1556 995 1613 supernas
1035 1537 1103 1592 stris
1113 1537 1245 1606 traditur,
1260 1545 1292 1595 ut
1306 1541 1406 1596 exinde
1421 1559 1473 1614 per
1487 1561 1535 1600 eos
1553 1545 1583 1601 in
1598 1553 1715 1606 ceteros
1733 1569 1833 1626 expen-

195 1629 570 1701 regionI,sicetChristianae
584 1631 727 1686 societatIs
741 1630 917 1702 spiritualem
928 1645 994 1685 con·
1035 1625 1128 1682 datur·
1145 1625 1179 1682 In
1199 1644 1277 1700 pace,
1302 1646 1386 1701 quem
1409 1632 1486 1703 prius
1509 1635 1639 1692 sacerdos
1654 1638 1762 1705 tribuit,
1778 1659 1833 1715 pax

195 1719 346 1775 tinentiam
366 1720 495 1776 homines
516 1719 674 1776 mundiales
697 1720 839 1791 ignorant,
858 1719 995 1786 (animalis
1005 1714 1087 1798 Bllei
1100 1715 1136 1770 ad
1149 1732 1211 1782 nos,
1224 1723 1320 1772 nostra
1335 1719 1442 1775 scilicet
1454 1723 1654 1793 reconciliatio,
1667 1743 1700 1782 ex
1715 1746 1833 1805 quapax

196 1807 274 1864 enim
290 1807 373 1862 homo
387 1824 443 1864 non
459 1808 579 1880 percipit
592 1825 625 1863 sa
634 1807 994 1881 quaesuntspiritus)quarn
1036 1804 1192 1861 Jerusalem
1206 1806 1311 1878 pendet
1321 1813 1351 1863 et
1359 1808 1469 1877 nititur,
1477 1811 1649 1884 designatur.
1657 1816 1746 1888 eujus
1755 1821 1833 1892 pacis

196 1902 293 1952 tamen
308 1896 422 1969 superni
436 1897 519 1964 cives,
535 1897 588 1952 hoc
602 1901 654 1964 est,
668 1897 760 1968 angeli
774 1896 934 1952 dishnmius
943 1912 996 1951 no·
1037 1895 1163 1950 osculum
1180 1895 1311 1968 primitus
1332 1898 1461 1954 sacerdos
1484 1901 1574 1968 ouen,
1590 1905 1657 1976 qnia
1671 1923 1725 1978 pax
1737 1925 1832 1967 recon.

196 1990 270 2050 tant,
283 2001 403 2056 eamque
414 1985 492 2040 velut
506 1985 657 2056 quamdam
674 1984 764 2040 dulcis
783 1984 916 2040 carminis
934 2000 996 2040 mo-
1037 1981 1188 2039 ciliationis
1206 2001 1257 2056 per
1272 1985 1475 2043 ecclesiasticos
1487 1991 1618 2060 praelatos
1629 1995 1711 2052 nobis
1724 2013 1833 2056 annun·

197 2072 354 2129 dulantism
367 2079 457 2145 gratae
471 2073 639 2145 acceptionis
653 2073 769 2130 auribus
779 2075 938 2130 auscultant
952 2090 995 2130 se·
1035 2071 1107 2126 tiata
1114 2077 1158 2128 est
1167 2078 1196 2127 et
1207 2072 1327 2142 indulta,
1338 2074 1550 2149 sicutscriptum
1563 2086 1625 2137 est:
1642 2101 1655 2136 a
1671 2085 1832 2159 Suscipiunt

197 2162 321 2217 cundum
344 2162 414 2218 illud
438 2162 546 2219 &ndei
569 2162 743 2219 canticorum
766 2163 802 2219 ad
817 2161 993 2218 Ecclesiam:
1035 2167 1145 2216 montes
1160 2177 1257 2232 pacem
1273 2164 1416 2235 populo.»
1438 2165 1517 2222 Unde
1531 2184 1605 2224 unus
1619 2187 1655 2226 ex
1668 2173 1713 2228 his
1727 2178 1832 2233 monti·

198 2270 214 2303 s
228 2250 296 2316 Quae
309 2250 420 2307 habitas
433 2251 462 2307 in
478 2251 576 2319 hortis,
592 2252 676 2307 amici
690 2252 903 2319 auscultamus,
922 2271 933 2304 ι
951 2251 995 2306 di·
1037 2247 1100 2314 bus,
1115 2249 1196 2320 quasi
1217 2249 1303 2321 hujus
1317 2251 1444 2308 osculum
1459 2255 1535 2326 pacis
1548 2257 1702 2316 Corinthiis
1713 2263 1832 2322 offerens

197 2343 293 2395 centes
307 2339 411 2412 singuli
428 2356 434 2392 :
452 2339 534 2395 «Fac
548 2356 593 2395 me
607 2339 706 2396 audire
719 2356 815 2396 vocem
828 2339 996 2397 tuam.»Ubi
1036 2337 1129 2408 inquit
1145 2355 1152 2392 ι
1170 2359 1181 2390 r
1197 2337 1280 2394 Dedit
1302 2339 1383 2395 nobis
1402 2342 1567 2413 mysterium
1586 2348 1833 2412 reconciliationis.

197 2427 312 2482 nomine
331 2427 485 2482 amicorum
506 2427 622 2500 spIritus
644 2428 771 2483 coelsstes
793 2427 945 2500 intelligas,
961 2427 996 2484 da
1036 2425 1092 2480 Pru
1107 2425 1219 2482 Christo
1231 2427 1447 2501 ergolegstione
1461 2430 1615 2502 fungimur,
1624 2440 1760 2509 tanquam
1774 2441 1833 2497 Deo

198 2515 300 2586 quibus
313 2515 343 2570 in
357 2515 506 2586 Evangelio
528 2515 634 2571 mentio
656 2515 785 2581 habetur,
805 2516 872 2588 quia
889 2516 995 2572 scilicet
1036 2513 1202 2570 exhortante
1216 2532 1267 2588 per
1278 2532 1338 2571 uos.
1355 2517 1542 2575 obsecramus
1555 2538 1607 2594 pro
1622 2523 1743 2596 Christo,
1755 2547 1768 2582 ι
1780 2529 1833 2588 hoc

197 2619 263 2659 cum
276 2609 373 2676 pastor
385 2621 465 2660 ovem
477 2603 593 2672 invenit,
613 2623 624 2656 ι
637 2604 751 2661 toaleas
765 2604 881 2660 domum
895 2621 995 2661 convo·
1036 2603 1146 2658 estvice
1160 2603 1232 2675 ejus,
1249 2606 1498 2663 «reconciliamini
1519 2609 1585 2664 Deo.
1602 2629 1616 2664 a

196 2696 242 2747 cat
255 2693 362 2748 amicos
374 2697 404 2748 et
415 2691 522 2748 vicinos
535 2691 630 2748 dicens
648 2709 655 2747 ι
675 2693 917 2764 Gongratulamini
939 2693 995 2748 mi·
1071 2689 1109 2745 Et
1123 2689 1255 2761 quoniam
1281 2709 1335 2764 pax
1350 2693 1412 2767 ,ista
1431 2695 1461 2749 in
1476 2696 1579 2752 Christi
1594 2705 1685 2756 morte
1699 2719 1832 2760 consum·

196 2779 236 2846 hi,
253 2780 320 2852 quia
333 2781 427 2836 inveni
440 2797 519 2837 ovem
534 2797 638 2849 meam,
653 2797 715 2853 qna
729 2782 822 2854 periit.
836 2803 850 2837 o
1036 2783 1114 2833 mata
1123 2785 1175 2844 est,
1189 2786 1264 2834 recte
1274 2785 1338 2850 post
1349 2782 1584 2854 immolationem,
1594 2801 1656 2858 quaa
1670 2790 1770 2847 mortis
1778 2792 1833 2848 Do·

232 2869 361 2941 Denique
372 2869 446 2925 slent
458 2869 567 2940 angelis
577 2870 727 2925 eoncordia
745 2870 934 2927 ecclesIsstica
952 2875 995 2927 est
1035 2865 1144 2921 minicae
1169 2868 1334 2924 memoriam
1353 2869 1500 2942 imaginat,
1514 2872 1599 2944 hujus
1613 2877 1690 2947 pacis
1705 2880 1832 2950 osculum

197 2963 291 3028 grata,
308 2957 349 3013 ita
373 2957 554 3025 damonibus,
575 2963 608 3014 ut
621 2959 838 3030 prelibavimus,
859 2960 996 3016 termido·
1035 2955 1165 3011 sacerdos
1179 2955 1256 3012 libat.
1273 2957 1345 3023 Quia
1359 2975 1425 3015 vero
1438 2959 1507 3016 illud
1521 2963 1658 3034 osculum,
1670 2968 1745 3038 quod
1759 2975 1833 3042 post·

198 3045 268 3101 losa.
283 3046 363 3102 Sicut
371 3045 446 3102 enlm
461 3046 651 3103 Romanorum
667 3053 823 3104 castrorum
836 3048 909 3105 acies
927 3055 995 3105 tnnc
1037 3060 1072 3098 oo
1085 3045 1309 3101 oommquootur
1322 3046 1353 3102 in
1374 3048 1509 3120 singulos,
1526 3051 1657 3110 fraterna
1672 3057 1748 3127 pacIs
1762 3075 1831 3114 oon·

198 3133 285 3190 debat
301 3134 423 3190 inimicis
441 3135 583 3202 terribilis,
601 3136 714 3207 quando
737 3153 799 3209 quae
812 3138 891 3207 prius
905 3138 995 3194 divisa
1036 3132 1132 3188 cordia
1145 3133 1364 3196 demonstratur,
1374 3135 1437 3192 ideo
1450 3143 1515 3194 ante
1526 3143 1733 3213 susceptionem
1740 3162 1834 3203 sacra·

197 3223 359 3296 perplures
373 3222 516 3295 pugnabat
535 3224 656 3292 ordInes,
676 3230 774 3296 postea
785 3225 891 3296 junctis
902 3227 994 3282 corni-
1034 3224 1123 3277 menti
1131 3221 1310 3289 tribuitor‚ut
1320 3224 1448 3282 videlicet
1461 3228 1539 3284 omni
1547 3228 1659 3287 deterso
1674 3233 1739 3289 odio
1749 3251 1832 3292 mon·

197 3310 251 3367 bus
262 3311 398 3384 impetum
411 3313 541 3367 mittebat
549 3313 580 3368 in
592 3313 687 3368 hostes
698 3331 704 3381 ;
715 3313 755 3369 sic
771 3314 906 3370 nimirum
921 3321 950 3371 et
963 3315 993 3371 in
1034 3310 1102 3365 dom
1116 3311 1209 3366 cordis
1223 3319 1397 3384 preparetur
1418 3315 1579 3388 hospitium,
1600 3319 1630 3375 ln
1646 3323 1720 3393 qaod
1734 3324 1832 3382 Domi.

198 3397 367 3455 Christianae
382 3400 488 3456 militias
509 3401 647 3472 praesidiis
662 3401 708 3472 agi
723 3402 880 3473 putandum
894 3408 946 3470 est,
962 3409 995 3459 ut
1034 3413 1088 3453 nus
1094 3398 1203 3470 ingredi
1218 3399 1304 3471 eligat
1317 3406 1346 3456 et
1359 3401 1501 3460 hahitare.
1520 3405 1596 3461 Istud
1608 3412 1651 3463 est
1664 3409 1733 3466 illud
1747 3429 1832 3469 oscu-

199 3487 329 3544 videlicet
341 3490 364 3543 si
377 3505 429 3560 per
443 3489 566 3560 aliquam
582 3489 756 3545 occasionem
770 3491 859 3546 divisa
871 3491 995 3548 Ecclesia
1034 3487 1104 3554 lom,
1120 3488 1196 3560 quod
1209 3489 1314 3545 Paulus
1326 3491 1355 3545 in
1371 3490 1560 3549 Romanorum
1580 3500 1609 3550 et
1623 3497 1832 3558 Connthiornm

197 3583 296 3633 contra
307 3575 487 3633 tenebrarum
500 3578 699 3651 prinpresper
712 3585 807 3650 partes
820 3579 925 3636 bellare
934 3586 994 3636 ten-
1034 3573 1250 3630 smuutionibus
1271 3577 1371 3632 statuit
1384 3578 1557 3636 offerendum
1575 3600 1581 3636 :
1600 3599 1614 3636 ι
1630 3584 1766 3656 Salutate,
1787 3590 1832 3646 in·

197 3665 310 3731 taverit,
327 3665 419 3722 minus
429 3665 524 3721 timori
540 3666 586 3730 sit,
602 3671 631 3722 ot
643 3666 679 3721 ob
696 3667 749 3721 hoc
759 3667 866 3723 tardius
881 3668 916 3724 de
931 3685 995 3725 con·
1034 3663 1106 3735 quit,
1129 3665 1248 3720 invicem
1267 3666 1297 3720 io
1318 3667 1413 3722 osculo
1428 3675 1534 3734 suuoto,
1553 3689 1567 3725 ι
1588 3671 1641 3727 hoc
1655 3679 1698 3729 est
1712 3675 1830 3747 sincero,

198 3755 288 3810 traria
310 3755 473 3810 tortitudine
497 3754 640 3810 notoriam
663 3755 844 3822 nanciscitur,
860 3755 994 3813 terribiIIs
1035 3767 1091 3807 non
1101 3753 1210 3820 tlotitio,
1226 3755 1309 3826 quale
1323 3755 1377 3811 luit
1393 3756 1473 3813 ludas
1487 3759 1623 3827 osculum,
1641 3778 1696 3833 quo
1710 3766 1834 3836 prodidit

197 3849 295 3899 autem
311 3843 360 3897 flat
381 3842 527 3915 vincatque
547 3842 689 3909 facillime,
709 3843 733 3898 si
747 3844 995 3901 adunatsconcor·
1034 3841 1216 3908 Salluuiorum,
1232 3843 1314 3915 quale
1325 3843 1434 3901 utillud
1447 3845 1528 3910 Joah‚
1540 3847 1589 3920 qui
1600 3850 1733 3909 Amasam
1748 3859 1829 3927 quasi

197 3932 245 3988 dia
259 3931 434 4003 spiritualem
447 3936 545 3987 contra
559 3931 669 3987 hostem
683 3933 855 4003 promoverit
869 3939 993 3990 armatu·
1036 3928 1198 3985 demulcens
1230 3931 1326 3986 osculo
1351 3933 1489 4003 percussit
1509 3934 1539 3990 ln
1565 3936 1665 4008 latere,
1685 3945 1714 3996 et
1734 3942 1834 4001 effudit

198 4037 272 4076 ram
287 4019 368 4087 Quod
388 4020 486 4092 utique
504 4019 534 4075 in
553 4035 587 4075 ea
600 4020 719 4091 Sapiens
733 4020 876 4077 admirans
890 4031 919 4078 et
935 4023 996 4080 lan·
1036 4015 1171 4074 intestina
1185 4019 1257 4090 ejus,
1275 4025 1305 4075 et
1322 4025 1450 4077 mortuus
1469 4026 1520 4080 est.

199 4111 271 4166 dans
293 4109 356 4164 ait:
373 4125 387 4162 ι
407 4109 475 4176 Quae
489 4114 533 4165 est
554 4109 619 4178 ista,
644 4126 706 4181 quas
722 4111 902 4182 progreditur
916 4113 997 4184 quasi

198 4214 305 4256 aurora
326 4214 508 4270 consurgens,
526 4197 645 4270 pulchra
659 4203 692 4253 ut
705 4198 782 4266 luna,
798 4200 886 4256 electa
898 4207 932 4257 ut
945 4203 997 4270 sol,

204 4285 339 4344 terribilis
352 4293 385 4342 ut
397 4291 553 4343 castrorum
567 4287 642 4342 acies
655 4287 785 4343 ordinata
794 4289 829 4344 l»

1039 4160 1104 4219 Gar.
1121 4161 1218 4217 xxix,
1233 4193 1261 4204 -
1274 4164 1309 4218 lte
1321 4163 1364 4217 bis
1378 4167 1428 4232 qut
1436 4179 1533 4234 mecm
1547 4167 1663 4224 turbant
1675 4172 1832 4230 amasioni-

1086 4247 1147 4288 oom
1161 4238 1188 4288 et
1201 4234 1369 4302 fruianum,
1387 4235 1419 4289 dc
1430 4240 1539 4304 masto
1552 4253 1648 4294 mrum
1662 4245 1687 4294 et
1694 4256 1787 4309 pono.

1077 4359 1168 4430 llujns
1182 4359 1269 4415 oscnli
1283 4361 1457 4428 confictores,
1477 4361 1646 4419 schismatici
1666 4367 1787 4425 maxime
1805 4376 1835 4428 et

207 4485 274 4544 cm
289 4481 405 4543 mn·
418 4512 448 4525 -
458 4485 494 4542 De
509 4487 597 4556 Siquis
608 4485 683 4557 pm
698 4489 755 4542 mm
768 4485 898 4544 'mmm
915 4437 1392 4559 qoomnhffl‘icifmdm‘diffunt’
1405 4449 1453 4521 qni
1465 4465 1522 4505 non
1533 4451 1740 4554 columba-sod
1747 4460 1834 4530 corvi,

507 4561 699 4614 ,comm
1041 4553 1098 4593 non
1112 4553 1188 4609 agm,
1203 4537 1253 4594 sed
1266 4538 1325 4610 lupr
1339 4538 1435 4593 oscula
1448 4537 1777 4610 tenmntaeomtstom
1787 4564 1836 4621 pa·

1041 4625 1082 4682 cis
1095 4626 1290 4682 ecclesiastica
1308 4626 1439 4699 polluunt
1459 4632 1488 4683 et
1501 4637 1694 4702 corrumpunt,
1712 4635 1780 4693 dum
1794 4637 1837 4696 illi

242 4717 330 4791 Signa
345 4723 449 4778 summ.
465 4717 567 4791 qulbus
579 4723 638 4774 mm
648 4735 702 4791 pax
711 4717 766 4774 ista
783 4733 869 4791 qnam
883 4719 1001 4793 Babylo-
1042 4715 1172 4771 solssuris
1188 4715 1331 4783 dirimere,
1345 4716 1394 4771 isti
1407 4713 1549 4772 erroribus
1561 4719 1705 4777 mtholica
1718 4725 1836 4784 unitaus

204 4807 423 4880 nicaqamritun
435 4805 529 4872 datur,
543 4807 659 4879 figatur,
675 4807 852 4871 discernitur,
873 4808 1001 4865 multitu·
1041 4805 1200 4877 discerpere
1218 4805 1394 4861 concordiam
1413 4820 1470 4861 non
1487 4811 1629 4877 verentur,
1645 4808 1681 4866 ad
1695 4812 1748 4870 hoc
1759 4814 1838 4872 blan·

203 4896 249 4952 ria
263 4901 339 4953 sunt.
353 4895 417 4951 Alia
427 4895 502 4951 emm
515 4895 616 4962 verbis,
633 4895 689 4950 alia
702 4895 798 4966 rebus,
816 4895 873 4952 alia
891 4897 1001 4954 actibus
1041 4895 1161 4962 dientes,
1174 4901 1207 4952 ut
1218 4895 1330 4967 rapiant
1342 4900 1372 4951 et
1385 4895 1520 4952 occidant

205 4983 391 5058 explicantur.
401 4983 511 5052 Verbis,
520 4990 553 5041 ut
562 4989 641 5056 puta,
656 4984 882 5052 salutationibus,
898 4986 1002 5058 pactio·
1076 4986 1115 5040 st
1128 4983 1337 5040 subversionem
1361 4983 1445 5040 istam
1465 4985 1542 5057 pacis
1552 4986 1636 5043 ludus
1654 4987 1757 5046 lsmsel
1771 5007 1836 5048 cum

204 5072 299 5141 nibus,
320 5073 506 5145 juramentis,
533 5072 626 5140 rebus,
652 5073 890 5146 quemadmodum
915 5075 1000 5143 huri,
1043 5075 1122 5130 Isaac
1137 5073 1544 5147 presignassetraditur,qnem
1558 5075 1656 5132 ludam
1667 5079 1837 5148 persecutio·

206 5163 286 5220 oliva
299 5163 455 5236 palmaeque
462 5162 641 5221 ramusculis.
655 5163 735 5219 Unde
747 5163 841 5236 palma
854 5165 935 5236 quasi
955 5183 1003 5238 pa·
1043 5178 1107 5218 nem
1128 5163 1279 5234 Apostolus
1297 5161 1477 5218 nominavit:
1500 5179 1513 5215 ι
1534 5162 1678 5227 Quomodo
1690 5169 1767 5232 tunc,
1788 5167 1837 5240 qui

206 5253 247 5309 cis
261 5251 563 5324 almaabetymologis
581 5258 769 5325 nuncupatur.
788 5251 914 5320 Actibus,
930 5255 1004 5311 elcut
1044 5252 1198 5308 secundum
1223 5267 1337 5307 carnem
1368 5257 1452 5306 natus
1482 5250 1584 5316 tuerat,
1616 5253 1838 5324 persequebatur

206 5342 237 5398 in
256 5341 446 5414 complexione
461 5340 650 5409 dexterarum,
665 5341 695 5396 in
709 5341 919 5398 coacervatione
932 5343 1003 5415 lapi·
1044 5357 1118 5409 enm,
1134 5341 1350 5414 quiescendum
1367 5339 1496 5411 spiritum
1513 5359 1520 5393 ι
1534 5339 1575 5394 ita
1596 5353 1625 5394 et
1645 5355 1729 5396 nunc.
1744 5360 1757 5396 ι
1770 5341 1839 5410 Quae

206 5432 286 5498 dum,
308 5434 336 5484 et
358 5429 388 5484 in
407 5427 463 5484 ictu
482 5428 672 5485 sacrificanda
694 5428 812 5486 victima
830 5431 1003 5486 consuetudo
1044 5431 1173 5487 videlicet
1182 5429 1336 5503 persecutio
1352 5425 1477 5482 timenda
1486 5425 1550 5498 plus
1560 5433 1604 5482 est
1617 5443 1703 5499 qoam
1716 5447 1760 5500 ea,
1776 5450 1838 5506 qua

206 5518 345 5579 vetustior
355 5522 519 5592 usurpatur.
1044 5525 1142 5594 aperta
1165 5515 1376 5593 impugnatione
1388 5519 1545 5590 wne.
1566 5515 1687 5576 l'acilIor
1705 5525 1751 5578 est
1762 5522 1839 5582 enlm
