3882 6172
96 257 148 316 “5
700 259 915 320 CHBONIOON
932 255 1141 320 BEOGENSD.'
1682 269 1735 332 ott

96 399 156 439 earn
169 403 244 460 pape
257 391 382 452 Niceten,
395 395 427 446 et
443 387 567 446 ostendit
579 385 654 457 quod
668 385 728 456 ejus
742 383 892 450 sententia,
902 385 1108 448 nveneruntin
1117 402 1215 442 novam
1226 389 1463 464 ecclesiamquam
1474 391 1572 451 beatus
1580 395 1732 456 Herluinus

93 472 220 532 videlicet
236 479 433 544 interdictum,
453 495 502 534 eos
528 481 639 534 aarum
665 472 803 546 gravabat
817 495 824 538 t
844 471 893 544 qui
934 475 1060 544 ejusdem
1075 474 1128 530 loci
1141 475 1280 546 gloriosus
1294 478 1389 546 abbas,
1401 481 1583 550 Lanlrancus,
1596 491 1624 542 et
1636 489 1733 544 Ansel·

95 577 142 616 nec
161 567 355 636 conjunxerat,
379 585 429 623 nec
455 584 488 622 eo
515 581 646 637 separare
674 567 798 634 poterat,
827 579 892 618 narn
934 578 996 618 mus
1009 563 1060 618 viri
1073 579 1180 634 aragne
1192 567 1367 622 auctoritatis
1381 569 1594 628 aedificaverant.

94 650 296 723 durpuellem,
308 673 393 730 quam
405 661 558 729 acceperat,
571 655 648 710 nullo
658 658 739 724 pacto
749 652 892 708 dimittere
967 653 1048 706 Auno
1078 653 1188 708 Domini
1207 655 1355 712 millesimo
1381 661 1586 730 septuagesimo
1600 665 1730 735 septimo,

94 741 213 800 uolebat,
932 740 1040 796 decimo
1062 742 1202 798 Kalendas
1225 743 1388 802 Novembris
1407 749 1523 804 ecclesia
1537 751 1617 806 Beeci
1631 752 1661 809 in
1679 755 1731 810 ho-

126 829 187 885 lloc
201 839 299 890 atatem
311 835 430 890 audiens
440 840 470 890 et
483 851 578 890 rerum
590 849 650 887 esse
660 831 808 888 advertens
818 848 893 888 sum·
933 845 1030 884 norem
1045 837 1148 886 sanetae
1161 832 1256 886 Mariae
1267 835 1365 890 matris
1375 836 1486 894 Domini
1497 837 1623 896 dedicata
1638 848 1681 898 est
1695 843 1730 900 ab

93 935 153 974 mus
167 923 304 990 pontifex,
317 924 524 996 dispensatione
538 921 635 978 habita
649 921 811 990 ccirjugium
829 937 893 976 con·
933 919 1139 991 archiepiscopo
1166 919 1326 980 Cantuariae
1358 924 1523 987 Lansrancc,
1554 929 1627 1000 quod
1660 947 1730 1002 opus

93 1008 183 1074 fflccit,
199 1027 235 1066 eo
257 1017 353 1068 tamen
377 1015 461 1069 modo
475 1019 614 1084 quatenus
629 1011 685 1068 dux
700 1017 729 1066 et
747 1027 816 1066 uxor
830 1012 891 1080 ejus
932 1007 1089 1076 pergrande
1098 1007 1156 1080 ipse
1166 1008 1416 1082 inchoavit‚etpost
1425 1013 1554 1070 abbatem
1563 1017 1730 1076 Herluinunr

94 1097 145 1150 duo
172 1101 348 1180 mpnarteria
370 1107 573 1162 construerent.
593 1101 623 1155 in
648 1099 748 1171 quibus
767 1100 891 1168 singulas
932 1095 1054 1166 primum
1069 1096 1189 1168 lapidem
1205 1097 1316 1168 posuit;
1343 1100 1417 1169 quod
1439 1117 1508 1173 opus
1527 1102 1555 1156 in
1571 1105 1730 1176 quindecim

94 1189 323 1258 congregationes
343 1192 465 1246 virorum
479 1207 511 1246 nc
523 1191 673 1246 mulierum
689 1189 889 1252 coadunarent,
932 1183 1013 1239 annis
1027 1191 1170 1255 pernotum
1185 1191 1237 1240 est.
1254 1186 1325 1240 Huic
1339 1193 1434 1244 autem
1457 1189 1624 1248 dedicationi
1639 1194 1729 1250 inter·
1778 1255 1784 1262 ,

94 1289 150 1342 qim
168 1275 207 1330 ibi
224 1277 279 1332 sub
301 1295 400 1334 norma
415 1285 516 1335 sanotae
532 1277 673 1348 religionis
687 1277 733 1332 die
752 1282 892 1346 noewque
931 1271 1046 1326 fuerunt
1059 1271 1181 1344 episcopi
1200 1273 1260 1328 Odo
1276 1275 1445 1341 BaiocensiS,
1462 1278 1624 1336 Guilbertus
1643 1283 1730 1340 Lexo-

92 1361 145 1416 Deo
157 1363 346 1432 deservirem,
362 1373 391 1422 m
403 1385 454 1438 pm
469 1369 560 1424 mlum
575 1383 672 1422 popum
687 1365 889 1436 suppiimrent3
931 1359 1043 1424 niensis,
1061 1360 1204 1416 Gilbertus
1223 1362 1406 1428 Ebroicensis,
1425 1365 1563 1422 Robertus
1578 1369 1729 1442 Sagiensis,

92 1455 117 1504 et
130 1453 228 1520 paruit
241 1454 298 1508 dur
312 1457 470 1526 apostolice
490 1455 701 1526 dispensationi,
718 1459 747 1508 et
769 1455 891 1508 aedissea-
932 1448 1070 1504 Ernaldus
1085 1448 1307 1520 Cynomanensis
1322 1453 1383 1522 [al.,
1400 1455 1515 1510 llrnald.
1534 1457 1731 1514 Cenomanen-

92 1546 190 1594 rsrunt
208 1541 267 1598 duo
286 1546 459 1600 monasteria
473 1545 501 1599 in
516 1544 621 1615 predio
635 1543 708 1614 quod
733 1543 890 1612 antiquitus
931 1536 990 1606 sis].
1014 1537 1053 1592 De
1067 1538 1165 1592 laetitia
1187 1539 1263 1594 illius
1279 1540 1344 1606 diei,
1360 1546 1389 1596 et
1402 1543 1505 1612 gaudio
1521 1546 1667 1620 multiplici
1687 1566 1733 1604 su·

91 1627 243 1685 Ocdcmm
259 1632 487 1704 nuncupabatur.
504 1633 565 1690 Dur
581 1649 669 1688 unum
689 1631 889 1687 monachorum
931 1627 1070 1694 pertluum
1088 1626 1197 1680 videtur
1214 1629 1352 1700 proloqui,
1366 1637 1426 1686 tum
1441 1632 1476 1685 de
1493 1633 1616 1690 adventu
1636 1653 1731 1706 perso·

90 1714 116 1770 in
135 1717 273 1772 honorem
289 1722 381 1776 sancti
400 1721 544 1792 Stephani,
560 1727 588 1775 pt
602 1735 672 1776 uxor
692 1721 753 1790 ejus
769 1720 1031 1790 almi-empnarum
1053 1715 1174 1770 virorum
1194 1716 1344 1772 illustrium
1365 1724 1393 1772 et
1412 1719 1561 1776 mulierum
1582 1722 1728 1792 nobilium,

90 1805 345 1862 nncfimonialium
359 1809 389 1864 in
403 1810 538 1864 honorem
562 1815 665 1866 sanem
684 1807 840 1864 Trinitatis.
861 1813 890 1862 et
930 1817 986 1856 non
1011 1802 1071 1856 sine
1096 1820 1200 1874 magna
1230 1805 1379 1876 largitione
1410 1807 1564 1877 donorum,
1593 1811 1727 1878 Francis,
1821 1853 1827 1862 ,

90 1901 145 1962 pest
163 1895 283 1950 triennii
301 1897 515 1969 completionem
535 1899 595 1952 mla
612 1897 732 1954 necdum
750 1895 890 1968 completa
930 1890 1261 1964 Nonnianniaemngtia,
1269 1899 1297 1946 et
1307 1894 1589 1966 desupernbundanti
1600 1899 1729 1956 omnibus

89 1979 209 2045 bsilice,
229 1985 405 2041 lanfrancus
430 1987 513 2058 coepti
537 1986 631 2057 operis
654 1986 810 2046 institutor,
830 1991 889 2040 tam
929 1985 1085 2050 preparata
1095 1982 1292 2052 procuratione
1304 1983 1367 2054 [ot.,
1381 1985 1475 2056 pastu]
1490 2001 1573 2043 nemo
1586 1987 1729 2044 sufficien-

90 2069 160 2124 ducis
176 2073 395 2130 Northmanniae
409 2091 492 2146 quam
508 2075 658 2146 primatum
674 2073 887 2144 supplicatione,
930 2072 973 2120 ter
987 2067 1030 2122 vix
1044 2075 1139 2140 posset
1153 2068 1299 2124 disserere·

90 2160 210 2216 toencbio
225 2160 405 2224 &comensi
420 2164 494 2234 quod
517 2164 573 2220 dux
590 2165 704 2218 hortatu
720 2179 798 2234 papae
820 2162 888 2218 sedi·
964 2157 1045 2210 Anno
1072 2157 1210 2228 sequenti,
1231 2158 1260 2215 id
1280 2163 1323 2212 est
1345 2158 1494 2216 millesimo
1521 2164 1729 2240 septuagesimo

91 2246 327 2318 ficaremt‚abbas
337 2251 537 2321 pmficitm,in
553 2251 628 2323 quod
643 2251 736 2321 plures
751 2250 785 2304 de
800 2250 887 2306 Becco
929 2249 1025 2300 ocitlvo
1048 2244 1147 2300 beatus
1172 2245 1331 2304 Herltt'tntls.
1354 2249 1477 2320 praedicti
1506 2250 1559 2306 loci
1585 2252 1729 2309 Beoeeltsls

90 2351 176 2390 mm
197 2337 303 2402 dcxiii
332 2340 380 2410 qui
398 2341 482 2411 paulo
501 2345 565 2412 post
590 2341 626 2396 ad
651 2339 802 2410 dignitates
821 2344 888 2396 sunt
929 2331 1014 2388 abbas
1028 2333 1146 2404 primus,
1162 2335 1242 2390 miles
1260 2336 1364 2390 Christi
1377 2337 1526 2408 gloriosus,
1541 2339 1615 2396 inter
1630 2341 1730 2400 choros

90 2425 217 2493 memori.
855 2481 859 2492 ι
924 2420 1065 2489 justorum
1085 2421 1119 2476 ab
1142 2423 1248 2494 angelis
1262 2431 1408 2498 susceptus
1423 2432 1476 2488 est,
1496 2428 1649 2498 pretiosum
1666 2446 1729 2488 eor-

119 2515 200 2570 Anno
219 2515 334 2572 Domini
352 2517 501 2572 millesimo
520 2517 692 2588 sexagesimo
706 2517 797 2588 tmtio¹
812 2520 886 2572 tem-
926 2526 979 2580 pus
1001 2515 1084 2564 terrae
1107 2512 1259 2584 reliquens,
1280 2514 1404 2570 animam
1429 2515 1505 2572 emtis
1527 2517 1664 2584 inserenS,
1683 2535 1728 2574 sc-

88 2617 147 2671 pcre
161 2603 295 2660 llerluini
309 2606 393 2676 primi
412 2605 531 2677 pastoris
550 2612 578 2662 et
596 2605 752 2662 fundatoris
767 2604 886 2660 coenobii
926 2599 1077 2672 pultusque
1093 2605 1136 2653 est
1149 2604 1178 2654 et
1199 2601 1354 2656 tumulatus
1373 2602 1401 2658 in
1416 2604 1508 2659 medio
1524 2607 1639 2679 capituli
1654 2609 1729 2678 quod

88 2690 239 2758 Beccensis,
252 2694 413 2749 Willelmus
426 2695 637 2766 potentissimus
650 2693 707 2750 dur
717 2695 886 2750 Nortliman·
926 2686 986 2756 ipse
1000 2685 1201 2754 aedifitlflvefflti
1227 2689 1376 2760 Obiiusqlffi
1391 2693 1451 2759 eJ'US
1472 2693 1552 2746 d⁰l⁰l
1567 2695 1634 2760 ⁸⁰5⁵·
1656 2711 1728 2768 gau·

88 2778 143 2838 nia
159 2781 211 2851 qui
226 2789 325 2850 postea
337 2783 467 2854 Angliam
482 2783 637 2854 emunivit,
650 2783 734 2852 eoepit
747 2783 886 2837 edificare
926 2775 1003 2830 dium
1019 2776 1126 2846 angelis
1140 2776 1201 2832 suit.
1220 2777 1272 2831 Cui
1287 2779 1374 2832 etiam
1389 2779 1525 2836 Dominus
1539 2782 1623 2838 corda
1637 2783 1727 2838 heriri-

88 2869 230 2926 wclcsiam
248 2872 331 2939 juxta
353 2872 546 2928 Ennentrudis
561 2872 654 2928 villam
674 2887 760 2942 prope
779 2871 885 2926 Betho-
926 2879 995 2918 num
1019 2864 1162 2929 reveimit,
1177 2870 1206 2918 et
1227 2865 1336 2920 animas
1358 2867 1393 2924 dn
1412 2883 1527 2940 corpore
1550 2877 1693 2934 exeuntes,
1711 2889 1729 2926 a

88 2971 208 3027 nemim,
234 2959 366 3030 Sequana
394 2960 470 3016 inter
488 2965 639 3030 utrunique
666 2960 781 3022 fluenta,
801 2975 886 3030 nuper
926 2951 1051 3006 daemone
1064 2957 1200 3024 arreptas,
1217 2953 1382 3024 plangentes
1393 2955 1508 3022 audivit,
1524 2961 1553 3011 et
1568 2957 1725 3030 plangendo

87 3049 186 3102 terram
197 3051 228 3104 et
241 3047 437 3104 hereditatem
450 3048 539 3120 ipsius
552 3047 715 3106 monasterii
731 3032 914 3108 Deeoemis,C
924 3039 1116 3118 cognanum
1131 3039 1280 3096 virtutibus
1290 3043 1360 3113 eJus,
1378 3042 1435 3098 vita
1450 3049 1479 3097 et
1492 3043 1627 3120 moribus,
1644 3046 1669 3100 si
1683 3046 1727 3102 di-

87 3131 233 3206 ineempis
247 3135 322 3192 imm·
329 3135 512 3192 chevilleium
527 3143 555 3192 m
570 3135 765 3194 Ermpntmdis
781 3136 884 3204 villam,
927 3143 989 3184 cere
1005 3127 1185 3194 voluerimus,
1197 3129 1257 3184 dies
1270 3130 1395 3198 desmiet3
1412 3132 1550 3188 mittimus
1565 3133 1652 3204 igitur
1664 3151 1729 3206 pru·

88 3239 137 3292 qua
155 3223 252 3280 ambe
270 3225 407 3294 parochie
430 3232 497 3280 sunt
519 3225 554 3282 de
575 3225 744 3296 patrimonio
759 3224 886 3294 ejusdem
926 3216 1038 3274 dentem
1058 3217 1191 3272 lectorem
1211 3217 1247 3272 ad
1272 3217 1369 3272 Vitam
1398 3221 1458 3292 ejus
1478 3221 1658 3294 descriptam,
1679 3222 1727 3278 ubi

43 3297 47 3309 ι
87 3314 337 3376 ωοωαήίρηω
348 3313 461 3384 quidem
471 3314 696 3370 ecolegiapocata
707 3313 887 3370 suitecclesia
927 3303 1238 3362 abundanterinveniet
1253 3323 1307 3378 quo
1321 3306 1423 3362 insilui
1439 3309 1535 3380 possit.

88 3398 175 3458 licetur
199 3401 296 3458 nimie
310 3402 345 3458 de
360 3403 444 3458 Prata
456 3402 518 3472 iol„
539 3402 574 3456 de
591 3400 790 3471 Bononuntioi,
806 3408 835 3456 et
847 3400 886 3457 ibi
963 3393 1037 3446 Nota
1053 3393 1127 3464 quod
1152 3393 1319 3449 venerabilis
1342 3395 1383 3448 vir
1403 3395 1564 3466 Herluinus,
1588 3415 1643 3456 nen
1666 3399 1728 3456 siue

89 3490 231 3548 constituti
246 3489 363 3546 luerunt
377 3491 505 3548 monachi
519 3491 554 3545 de
573 3490 742 3548 monasterio
756 3491 837 3548 Becci
851 3489 887 3544 ad
927 3486 998 3536 nutu
1022 3486 1050 3537 et
1076 3481 1251 3552 providentia
1273 3481 1322 3538 Dei
1348 3483 1396 3554 qui
1416 3485 1546 3540 omnibus
1566 3486 1596 3540 in
1615 3503 1728 3560 sespe-

89 3577 134 3634 Dei
146 3577 297 3634 comitium
312 3578 417 3634 ibidem
427 3578 595 3636 sapiendum,
927 3569 1054 3626 rantibus
1066 3576 1207 3642 praeparat
1217 3571 1289 3626 bona
1304 3571 1430 3632 meliora.
1442 3573 1586 3630 ecclesiam
1597 3591 1660 3630 cum
1671 3593 1729 3632 om·

119 3667 229 3724 Deinde
249 3673 312 3737 post
330 3683 419 3722 annos
440 3667 527 3724 terme
541 3667 687 3737 sexaginta
701 3668 771 3724 duos
795 3665 885 3734 (11:351
927 3658 1011 3715 nibus
1036 3659 1156 3714 cilicinis
1184 3659 1303 3714 niumiit
1329 3660 1388 3714 loce
1413 3663 1505 3730 tertio,
1527 3681 1584 3719 non
1610 3665 1730 3736 longos

89 3753 150 3812 cblit
166 3755 747 3826 umnamprimusangtommrex,fi1ios
762 3756 887 3827 predicti
927 3747 1087 3818 supradicto
1113 3748 1172 3802 loce
1204 3749 1251 3820 qui
1279 3765 1353 3804 nunc
1381 3751 1483 3806 dicitur
1511 3753 1625 3823 Capella
1653 3753 1729 3810 beati

90 3837 235 3904 ii'illermi,
246 3839 375 3894 videlicet
390 3855 464 3894 anne
476 3839 624 3894 millesimo
636 3840 789 3896 centesimo
799 3839 886 3909 trige·
930 3835 1066 3900 llcrluini,
1083 3853 1143 3905 quan
1157 3836 1247 3907 prima
1267 3838 1321 3892 fuit
1334 3837 1363 3892 in
1378 3839 1430 3892 lmc
1446 3839 1503 3894 rivo
1518 3841 1648 3898 Becceusi
1664 3841 1728 3898 lun·

89 3927 152 3984 sino
164 3929 264 4000 quinte
273 3929 348 3998 apat
360 3928 494 3984 Sanctum
509 3927 674 3998 Dionysium
687 3929 716 3984 in
731 3929 807 3984 Silva
821 3928 887 3984 Leo-
927 3924 1010 3992 data;
1032 3930 1060 3978 et
1083 3925 1177 3991 istam,
1195 3925 1230 3980 de
1251 3941 1306 3998 qua
1327 3943 1401 3982 nunc
1415 3928 1565 3998 loquimur,
1582 3929 1729 3988 edificavit

89 4031 151 4072 cum
178 4017 273 4084 (Feret
286 4017 321 4071 de
340 4016 434 4079 Lions,
455 4017 547 4072 oct-de
566 4017 685 4086 Forge);
705 4016 886 4086 delatumque
927 4012 1016 4066 multo
1030 4013 1177 4082 majorem,
1200 4019 1229 4068 et
1247 4014 1433 4084 amplissimos
1449 4017 1592 4080 olsrcinas,
1616 4035 1671 4091 qua
1686 4019 1728 4074 ia-

89 4105 138 4160 iuit
150 4121 253 4176 corpus
268 4106 330 4174 ejus
344 4105 567 4175 Rothomagum3
583 4106 655 4162 etin
669 4105 887 4162 ecclesiaDeatae
927 4097 1004 4154 briea
1018 4101 1136 4174 expleta.
1153 4117 1202 4175 per
1216 4102 1353 4158 sexdecim
1370 4119 1468 4164 annos,
1484 4105 1656 4162 Lanlrancus
1671 4107 1728 4162 Do-

88 4191 179 4248 llerire
198 4200 350 4264 apertum3
368 4198 396 4248 et
410 4208 468 4258 cor,
484 4193 582 4264 lingua
595 4199 626 4248 et
648 4194 753 4248 viscere
767 4193 826 4262 ejus
841 4209 886 4248 se·
926 4187 1105 4244 robernensis
1127 4189 1254 4245 Ecclesiae
1285 4191 1465 4264 archipraesul
1485 4192 1630 4260 dedicavit,
1653 4210 1727 4250 anno

91 4281 204 4348 puttaet
218 4281 490 4338 tumulatatuerunt
504 4281 533 4336 in
551 4282 669 4338 ecclesia
683 4283 774 4338 Beate
792 4281 886 4338 marin
927 4277 1131 4336 iucarnationis
1160 4277 1311 4334 Dominicse
1340 4279 1492 4336 millesimo
1519 4282 1728 4354 septuagesimo

91 4367 123 4422 de
142 4369 226 4426 Prata
246 4377 314 4428 ante
335 4371 428 4439 majus
453 4371 551 4436 altare,
571 4377 601 4424 et
622 4387 722 4441 corpus
746 4370 807 4439 ejus
828 4349 1056 4436 saleDseptimo,
1071 4383 1167 4424 mense
1186 4366 1309 4434 Octobri,
1323 4367 1394 4424 teria
1409 4368 1532 4426 secunda
1545 4369 1651 4428 ultimae
1663 4371 1729 4426 heb

89 4459 230 4517 conditum
252 4459 378 4516 delatum
393 4458 447 4516 suit
465 4458 539 4529 apud
556 4459 721 4522 cadomum,
741 4474 888 4529 usquequo
929 4453 1054 4510 demades
1066 4453 1192 4526 ejusdem
1207 4455 1311 4512 niensis

89 4553 182 4604 renuis
210 4543 288 4606 esset
312 4553 396 4618 aptus
421 4547 456 4604 ad
484 4545 667 4604 deferendum
691 4547 810 4602 illudio
828 4549 887 4602 An·
964 4541 1084 4608 Quidam
1099 4543 1149 4612 vir,
1175 4543 1323 4600 Goselinus
1346 4543 1470 4614 nomine,
1485 4545 1519 4602 de
1533 4546 1599 4604 villa
1613 4564 1673 4620 qum
1687 4549 1728 4605 di·

87 4635 180 4702 gitum,
929 4629 1001 4685 citur
1015 4631 1164 4700 Malavilla,
1178 4632 1232 4688 sita
1249 4633 1363 4706 inpage
1379 4634 1608 4706 Rotbomagcnsi,
1626 4638 1728 4696 ardens

120 4731 150 4791 4
171 4729 256 4784 Anno
276 4724 388 4782 nemun
414 4725 564 4786 millesime
587 4723 793 4798 septuagesimo
812 4724 887 4780 Lau·
928 4719 1018 4774 ambis
1036 4720 1165 4792 pedibus,
1187 4721 1344 4778 innumeris
1368 4723 1506 4794 angustiis
1529 4730 1558 4780 et
1585 4725 1728 4784 doloribus

88 4815 197 4874 stenem
207 4815 366 4888 praedictus,
375 4815 614 4886 priusmonschus
624 4813 887 4878 Demensis,deinde
928 4807 1114 4864 cruciabatur.
1127 4809 1197 4866 Cum
1209 4816 1304 4866 autem
1315 4811 1368 4868 hoc
1381 4811 1544 4886 pertulisset
1558 4831 1614 4874 uno
1632 4832 1728 4872 mense

88 4903 171 4962 ebbae
190 4903 386 4970 tinternensis,
405 4903 574 4962 constitutus
596 4909 641 4960 est
663 4902 887 4973 archiepiscopus
927 4898 1020 4970 pleno,
1050 4897 1078 4952 id
1106 4905 1149 4952 est
1176 4915 1194 4954 a
1221 4899 1354 4956 Kalendis
1381 4901 1547 4958 Novembris
1575 4921 1664 4976 usquc
1692 4905 1728 4962 ad

89 4992 309 5058 Cameracensis,
338 4991 386 5050 ubl
412 4991 591 5050 laudabiliter
615 4996 645 5046 et
670 4991 791 5060 gloriose
819 4990 887 5046 vixit
927 4987 1069 5046 Kalendas
1088 4987 1258 5052 Decembris,
1271 4995 1299 5044 et
1313 4988 1356 5044 illi
1370 4991 1480 5046 nullum
1496 4993 1652 5050 remedium
1667 5011 1730 5064 pro-

88 5081 122 5137 ed
145 5081 305 5152 exemplum
325 5080 453 5138 mnium
476 5079 614 5138 bonorum
645 5078 742 5136 decern
771 5085 800 5133 et
821 5085 885 5136 octo
925 5075 1117 5140 venisseased
1135 5076 1258 5132 exomni
1273 5083 1353 5150 parte
1369 5079 1450 5136 illum
1467 5081 1586 5138 miseriae
1599 5097 1729 5154 occupas·

89 5170 177 5226 mmm,
927 5170 1006 5232 sent;
1021 5164 1087 5234 quia
1102 5181 1192 5235 neque
1206 5165 1309 5232 cibum,
1325 5183 1416 5240 neque
1431 5176 1538 5238 potum,
1551 5184 1641 5238 neque
1655 5185 1728 5224 senr-

119 5259 200 5313 llnno
214 5255 328 5312 Domini
351 5255 500 5310 millesimo
522 5254 727 5327 septuagesimo
746 5254 886 5318 tertiam
927 5271 995 5314 num
1016 5254 1159 5328 percipere
1182 5260 1303 5328 poterat,
1323 5273 1414 5328 neque
1439 5257 1535 5328 aliqua
1559 5255 1671 5324 requies
1685 5255 1728 5310 illi

87 5345 178 5416 sigilla
199 5345 361 5402 securitatis
387 5343 521 5402 Omnium
549 5344 725 5410 Sanctorum,
755 5341 885 5398 monachi
926 5349 1009 5410 esset,
1025 5359 1104 5411 uxor,
1120 5347 1149 5398 et
1174 5344 1257 5400 amici
1279 5351 1365 5417 atque
1381 5344 1462 5402 ricini
1477 5346 1542 5414 ejus
1557 5349 1729 5403 monuerunt

89 5433 246 5502 Beccenses,
263 5439 397 5489 exeuntes
416 5433 451 5488 de
468 5432 559 5503 prima
580 5432 670 5486 veteri
692 5431 818 5494 ecclesia,
839 5447 885 5486 so-
927 5449 991 5486 eum
1008 5436 1039 5486 ut
1052 5432 1087 5486 ad
1103 5433 1236 5488 Sanctum
1248 5433 1402 5488 Leobinum
1416 5433 1446 5486 in
1457 5431 1577 5486 Carnote
1586 5437 1725 5503 pergeret,

88 5520 171 5579 lemni
194 5522 373 5596 processione
395 5526 426 5604 et
452 5537 561 5593 magne
590 5519 745 5577 devotionis
770 5519 884 5592 gaudio,
926 5524 957 5594 et
970 5519 1001 5575 in
1014 5518 1114 5576 lectica
1127 5520 1195 5576 terri
1208 5537 1239 5577 se
1258 5520 1370 5578 laceret.
1396 5517 1503 5584 Quibus
1519 5518 1568 5574 ille
1582 5519 1728 5590 respondit
