3856 6176
96 261 134 322 tes
544 259 709 318 DEORKI'A
726 261 799 320 PRO
819 259 956 319 ORDINE
975 259 1004 316 S.
1025 260 1226 320 antemon.
1652 248 1707 310 tto

94 389 183 444 tutor.
199 385 261 450 Quo
278 386 352 442 iacto
366 385 447 442 dictis
465 385 589 442 collectis
611 404 673 460 qun
694 392 859 462 sequuntur,
870 390 1012 460 Aegrum
1026 393 1150 455 curram,
1164 394 1194 445 et
1207 390 1331 448 meliocri
1343 407 1409 448 voce
1427 389 1560 448 canentes
1574 382 1658 442 Oredo
1672 381 1705 436 ta

94 475 155 529 ndat
179 476 317 542 sacerdos,
342 474 563 548 precedentibus
591 477 700 533 duobus
725 477 866 534 conversis
907 493 997 532 unum
1013 479 1109 542 lleum,
1124 477 1160 532 ad
1175 481 1380 546 cumvenient;
1400 479 1580 534 tratresvero
1595 470 1644 546 qui
1658 483 1704 523 re·

93 565 474 640 mucandelabrisradatlbl,
492 569 677 625 ettertiused
691 570 866 627 thuribulum
907 572 1081 629 manserunt,
1106 568 1216 639 expleto
1243 570 1480 642 quodcoeperant,
1500 563 1598 621 eodem
1621 557 1705 616 ruodo

94 657 258 712 deferendum.
285 657 392 722 Quibus
415 658 620 714 revertentibus
645 659 723 728 lieris
746 659 866 731 genibus
908 661 1063 722 currentes,
1078 661 1106 710 et
1129 662 1262 712 canentes
1290 657 1325 712 ad
1350 657 1516 713 morientem
1543 651 1703 725 properent,

92 747 187 800 ederent
213 761 310 800 omnes
330 762 432 818 corpus
456 747 567 802 Domini
592 749 667 819 quod
686 765 704 803 a
723 749 867 804 sacerdote
907 745 1066 816 ubicunque
1088 761 1153 800 vero
1168 745 1247 812 alias,
1263 747 1306 802 vel
1320 761 1487 818 quocunque
1509 741 1564 798 alio
1593 737 1706 810 negotio

93 834 191 888 attertur.
209 833 271 896 Quo
284 833 381 896 allato,
397 833 492 890 abluto
506 833 583 906 prius
592 851 641 889 ore
658 836 730 906 ejus,
744 852 868 890 commu·
907 837 1056 904 occupatos
1076 833 1225 906 pradictus
1247 849 1342 898 sonus,
1365 831 1514 890 invenerit.
1537 829 1597 884 sine
1610 825 1706 897 aliqua

92 919 864 994 noeturintirmusmisisorteipsadiscommunioatussit.
907 923 1085 977 excusatione
1105 923 1148 978 rel
1172 939 1251 978 mora
1269 922 1399 977 similiter
1412 926 1566 976 eumentes.
1580 921 1609 972 et
1623 915 1705 974 treas

118 1011 141 1064 Si
161 1009 261 1064 tratres
289 1009 352 1082 ipsa
374 1010 419 1065 die
441 1016 505 1082 post
529 1011 685 1082 capitulum
715 1012 867 1084 psallentes
907 1012 1141 1066 launomarum
1158 1016 1300 1078 canentes,
1320 1011 1356 1066 ad
1378 1026 1483 1082 mum
1506 1005 1628 1062 veniant.
1645 1003 1706 1066 Quo

97 1099 158 1152 Verbo
170 1114 239 1162 meo,
256 1097 286 1152 iu
309 1098 510 1153 monasterium
531 1098 600 1154 ituri
615 1105 690 1168 suut,
707 1101 823 1173 expletis
836 1100 867 1156 iu
908 1099 1111 1172 pervenientes,
1127 1106 1155 1155 et
1167 1101 1251 1156 Credo
1267 1103 1299 1155 irs
1313 1115 1405 1154 unum
1419 1101 1504 1154 ileum
1519 1091 1707 1150 communiter

93 1187 155 1241 ebore
167 1187 290 1258 psalmis,
308 1187 763 1260 dictaquecollecta,paratisaute
776 1191 867 1261 majus
908 1187 1060 1261 explentes,
1090 1195 1194 1245 canant
1217 1195 1325 1261 septem
1350 1188 1472 1260 psalmos
1500 1179 1706 1257 paenitentiales

93 1275 167 1342 altare,
181 1293 244 1347 quae
258 1292 345 1348 supra
358 1276 433 1332 dicta
451 1283 526 1342 sunt,
543 1282 654 1346 exeant,
669 1283 698 1333 et
712 1286 868 1350 sequantur
906 1277 967 1332 sine
983 1279 1077 1334 Gloria
1093 1281 1181 1332 Patri.
1194 1277 1301 1344 Quibus
1314 1275 1431 1350 expletis
1445 1273 1599 1345 subjungat
1613 1285 1707 1324 sacer-

92 1365 217 1420 eoordiue
233 1381 289 1437 qao
304 1365 602 1438 superinsindicatum
617 1372 669 1422 est.
686 1367 766 1432 Quod
781 1369 866 1424 etism
907 1365 959 1420 dos
978 1365 1132 1437 capitulum
1151 1369 1245 1432 Parce,
1260 1367 1386 1428 Domine.
1408 1380 1492 1434 poree
1519 1362 1627 1430 famulo
1650 1363 1705 1422 luo,

92 1452 158 1506 finitis
169 1453 340 1524 quibuslibet
353 1453 429 1508 horis
445 1469 461 1508 a
474 1455 660 1527 primatisque
668 1454 703 1509 ad
714 1457 868 1527 completo·
908 1471 990 1524 quem
1002 1457 1135 1509 redimere
1145 1457 1277 1524 elipantus
1286 1457 1436 1522 espretr'oso
1446 1453 1584 1520 scapulae
1596 1453 1642 1502 tuo
1654 1465 1661 1510 ;
1673 1461 1707 1500 ae

91 1541 147 1595 rium
170 1541 375 1596 observandum
399 1549 450 1608 cst,
467 1542 491 1598 si
519 1544 672 1599 necessitas
693 1549 794 1614 urgeat
810 1561 868 1600 uon
908 1547 940 1599 in
955 1543 1432 1600 erueremirusearieeffloctertio
1447 1559 1464 1597 a
1478 1537 1708 1600 sacerdotedica·

92 1635 231 1700 exspectare
246 1631 411 1702 capitulum.
427 1631 515 1686 Porro
535 1630 558 1685 si
578 1648 629 1686 nec
643 1633 713 1688 hora
726 1632 796 1704 ipsa,
813 1649 869 1704 qua
908 1637 966 1700 tur,
982 1639 1010 1688 et
1024 1650 1074 1705 per
1085 1633 1211 1704 singulas
1223 1621 1389 1688 ricesatot'o
1404 1636 1541 1687 conventu
1551 1631 1706 1699 repetatur,

92 1725 234 1789 percamus
249 1719 277 1774 id
290 1720 351 1774 tieri
360 1719 452 1786 debet,
463 1721 617 1792 exspectari
626 1725 726 1792 potest,
737 1709 899 1794 disponatB
910 1722 1010 1777 deiude
1025 1728 1161 1794 sequatur
1176 1721 1282 1784 litania,
1297 1739 1358 1794 quse
1373 1722 1453 1778 solet.
1468 1734 1552 1792 quam
1568 1711 1705 1788 protrahi·

93 1805 167 1872 abbas,
181 1807 225 1862 rel
240 1808 317 1880 prior
327 1808 401 1864 sicut
413 1809 514 1864 melius
523 1810 622 1880 possit,
635 1810 702 1882 quia
716 1811 869 1866 necessitas
908 1811 952 1866 vel
965 1811 1085 1866 breviari
1100 1817 1218 1884 oportet,
1240 1811 1392 1867 secuudum
1409 1809 1482 1882 quod
1507 1803 1602 1862 fratris
1617 1801 1707 1858 exitus

92 1895 138 1966 lege
149 1913 200 1950 uon
217 1902 339 1953 tenetur.
357 1897 406 1951 llis
429 1897 546 1969 explebe
574 1905 730 1954 revertatur
751 1916 869 1956 conveu·
908 1899 984 1955 risus
999 1899 1084 1955 suerit
1099 1901 1270 1968 admonere;
1288 1899 1430 1964 aientem,
1447 1902 1480 1952 ut
1499 1893 1650 1966 aliquando
1665 1891 1706 1958 tit,

92 1989 126 2039 tus
136 1985 160 2039 iu
173 1985 399 2041 claustrum.Sed
411 1985 533 2042 infantes
542 1987 657 2043 minime
673 1987 870 2059 ingrediantur
908 1989 1007 2045 litania
1021 1990 1131 2062 expleta
1141 1989 1265 2044 nondum
1277 1985 1448 2060 migraverit,
1460 1990 1612 2040 conventus
1622 1979 1710 2036 disce-

91 2073 273 2130 sdteuendum
288 2091 370 2130 suum
383 2074 546 2148 capitulum.
562 2075 605 2130 Ab
620 2076 671 2131 huc
685 2076 797 2131 dionisi
812 2094 869 2132 me·
909 2079 967 2146 dat,
984 2077 1124 2150 aliquibus
1138 2077 1283 2144 tratribus,
1303 2077 1404 2150 quibus
1422 2077 1533 2146 jussum
1552 2069 1645 2133 tuerit,
1670 2067 1710 2124 ibi

91 2163 186 2217 lioretur
197 2163 330 2219 infirmus
344 2181 457 2220 caruem
472 2181 530 2219 nou
543 2166 680 2222 comedat.
909 2167 1130 2234 remanentibus,
1147 2167 1195 2239 qui
1220 2165 1385 2239 psalterium
1410 2181 1443 2220 ex
1465 2162 1563 2236 ordine
1591 2157 1710 2233 psallero

117 2251 236 2316 Quotidie
248 2253 324 2308 istud
338 2271 389 2326 pro
402 2269 434 2308 eo
449 2253 594 2309 servitium
615 2255 797 2327 impendatur
811 2274 818 2311 ε
833 2257 869 2312 ad
910 2256 1055 2329 incipiant.
1081 2255 1150 2311 Cum
1164 2261 1258 2311 autem
1273 2255 1382 2311 venerit
1402 2254 1480 2319 bora,
1497 2249 1646 2306 utiterum
1661 2262 1710 2302 rn-

90 2342 183 2398 nissam
210 2343 408 2399 matutinalem
430 2345 555 2410 collecta,
577 2345 755 2414 Omnipotens
773 2347 870 2415 serapi-
910 2345 967 2400 cari
981 2345 1282 2418 debeant,suprndicto
1297 2343 1380 2400 modo
1392 2345 1528 2398 vocentur
1541 2335 1708 2395 attentant.

91 2435 150 2486 true
167 2435 247 2497 deus,
263 2437 339 2488 sotus
359 2439 462 2489 aternu
476 2435 657 2502 credentium,
674 2451 738 2490 cum
762 2435 870 2491 coeteris
947 2436 1066 2507 Egresse
1076 2436 1135 2506 jam
1151 2435 1185 2489 de
1193 2450 1310 2507 corpore
1322 2427 1709 2498 anima,tribusvicibus,oum

89 2519 199 2576 duabus:
217 2521 370 2594 aliquando
380 2521 405 2578 si
419 2523 478 2578 dies
492 2523 691 2579 racuusluerit
704 2524 765 2597 ipsa
780 2528 870 2580 matu·
910 2525 1002 2596 parvis
1023 2524 1188 2590 intervallis,
1204 2523 1352 2596 pulsentur
1370 2522 1461 2593 sigua,
1481 2523 1580 2574 cautor
1595 2514 1711 2588 incipiat

90 2609 167 2665 tineis
180 2611 268 2666 missa
283 2629 333 2684 pro
347 2628 381 2666 eo
396 2618 514 2667 canatur
528 2631 534 2678 ;
550 2613 584 2668 ad
601 2614 739 2683 majorem
754 2613 868 2669 missam
909 2614 1117 2686 responsorium
1130 2614 1285 2679 Subvenite,
1302 2613 1393 2667 sancti
1403 2613 1461 2666 Ilei.
1477 2609 1539 2674 Quo
1553 2623 1615 2662 cum
1628 2619 1710 2660 versu

88 2704 138 2770 post
150 2701 266 2756 Sanctus
280 2701 404 2772 psalmus
418 2702 526 2774 primus
538 2704 663 2770 Domine,
683 2718 717 2756 ae
732 2705 764 2757 in
773 2704 869 2771 furore
910 2708 939 2758 et
949 2699 1080 2773 regressu
1094 2702 1213 2775 expleto,
1229 2702 1382 2773 subjungat
1392 2696 1708 2765 sacerdosProficr'scere,

90 2793 125 2841 luc
136 2789 167 2843 ab
176 2807 347 2862 unoquoque
360 2789 414 2846 sub
431 2791 544 2845 silentio
558 2791 688 2846 dicatur:
706 2793 791 2860 Kyrie
805 2795 869 2847 elei·
911 2793 1009 2846 anieno
1025 2792 1196 2847 Christiano.
1214 2790 1274 2855 Quo
1290 2789 1363 2845 dicto
1380 2787 1516 2860 incipiant
1529 2781 1710 2840 commenda·

89 2881 222 2944 eou,l’eter
243 2885 346 2945 noster,
362 2879 477 2936 Saluum
499 2881 545 2948 sac
567 2895 676 2934 seruum
692 2885 783 2946 tuum,
796 2881 871 2935 Mitte
912 2879 1016 2935 tionem
1039 2880 1153 2947 animae3
1178 2879 1309 2951 dictaque
1336 2877 1430 2949 prima
1443 2874 1558 2931 collecta
1580 2873 1648 2939 Tibi,
1661 2873 1712 2926 Ilo·

90 2969 116 3030 α’,
131 2969 245 3034 bomine,
259 2971 404 3024 auxilium
419 2971 451 3022 de
465 2973 568 3034 sancto,
582 2969 758 3038 Orunipoterte
770 2971 871 3038 sempe·
912 2971 997 3035 mine,
1009 2970 1242 3034 commendamus,
1259 2967 1404 3022 sacerdote
1414 2957 1443 3020 et
1455 2966 1594 3020 conventu
1616 2975 1710 3033 prose·

88 3059 149 3110 terne
161 3058 241 3128 Deus,
257 3059 334 3112 solue
349 3064 451 3113 eterno
464 3059 645 3113 credentium.
657 3058 692 3112 Et
705 3059 757 3112 hoc
771 3025 901 3112 tandiuG
913 3063 1016 3129 quante
1038 3063 1148 3123 caetera,
1175 3062 1304 3129 portetur
1322 3071 1423 3128 corpus
1444 3051 1654 3116 adlevandum,
1676 3047 1712 3104 ab

88 3151 172 3214 egetur
184 3163 334 3218 quousque
347 3147 383 3202 ad
397 3146 547 3201 sanitatem
562 3145 656 3202 redire
668 3146 805 3202 videatur.
911 3147 956 3203 his
970 3147 1004 3202 de
1020 3163 1141 3218 quorum
1156 3145 1255 3202 ordine
1264 3143 1326 3212 tuit,
1343 3143 1371 3199 id
1386 3147 1430 3199 est
1444 3140 1574 3199 sacerdos
1587 3156 1605 3194 a
1617 3153 1712 3194 sacer·

113 3234 191 3292 Porro
211 3235 235 3290 si
260 3237 297 3291 ad
316 3236 466 3291 sanitatem
490 3235 606 3290 minime
625 3236 717 3291 redire
732 3235 872 3307 mortique
913 3235 1035 3301 dotibus,
1051 3235 1186 3291 diaconus
1201 3233 1366 3301 adiaconis,
1385 3237 1414 3288 et
1427 3231 1468 3287 sic
1483 3231 1512 3286 iu
1533 3229 1650 3301 reliquis
1665 3243 1712 3282 or-

87 3324 163 3392 potius
170 3325 399 3398 appropinquare
412 3324 633 3396 dignoscitur,ex
643 3341 698 3398 quo
710 3329 787 3380 certa
799 3325 828 3380 in
839 3339 872 3379 eo
914 3323 1035 3390 dinibus,
1056 3341 1206 3396 conversus
1230 3341 1249 3378 a
1267 3321 1408 3378 conversis
1421 3340 1427 3389 ;
1441 3321 1534 3375 infans
1547 3323 1712 3374 tamennon

88 3415 169 3468 norbs
182 3415 268 3486 signa
280 3431 416 3486 apparere
427 3414 603 3486 increparint,
619 3414 680 3469 siue
692 3413 801 3470 duobus
817 3413 872 3468 lra-
912 3414 948 3469 ab
961 3413 1125 3481 infantibus,
1139 3414 1186 3469 sed
1202 3430 1220 3468 a
1234 3411 1384 3482 conversis.

87 3501 160 3558 tribus
173 3521 235 3560 esse
248 3520 306 3559 nou
317 3502 409 3568 debet,
420 3503 467 3575 qui
478 3503 577 3558 diebus
591 3509 619 3557 et
633 3503 771 3570 noctibus,
780 3518 871 3574 quen·
949 3505 984 3560 lli
1000 3520 1065 3558 vero
1080 3507 1148 3560 sunt
1161 3502 1210 3575 qui
1222 3503 1315 3557 lavare
1336 3517 1393 3556 non
1411 3499 1515 3556 debent
1537 3512 1638 3570 cerpus
1663 3494 1714 3551 de-

89 3588 125 3644 diu
144 3591 319 3648 intellectum
338 3598 426 3661 tenet,
443 3593 539 3664 legant
558 3607 653 3646 coram
673 3606 705 3646 eo
728 3589 872 3662 passiones
912 3593 1016 3649 iuncti:
1029 3592 1160 3649 sacerdos
1173 3590 1420 3656 hebdomadarius,
1432 3595 1462 3645 et
1474 3587 1577 3660 reliqui
1591 3583 1714 3641 ministri

87 3677 182 3735 Domini
205 3687 235 3737 et
265 3680 425 3752 Evangelia,
449 3687 559 3736 etcum
578 3679 721 3735 intellectu
747 3679 873 3752 privatus
914 3683 962 3755 qui
987 3682 1060 3738 circa
1083 3682 1172 3737 altare
1186 3679 1321 3747 serviunt,
1340 3685 1369 3735 et
1392 3693 1458 3734 rasa
1474 3681 1584 3733 sacrata
1599 3680 1713 3730 contre·

88 3765 165 3834 berit,
186 3771 315 3842 quandiu
334 3769 527 3841 supervixerit,
545 3769 709 3841 psalterium
729 3785 762 3824 ex
776 3767 873 3824 ordine
914 3777 1000 3827 ctam.
1015 3753 1713 3842 Hebdomadariicoquinae‚coller·arii,reiectorarii;

87 3855 220 3914 demutare
234 3875 294 3914 non
309 3865 420 3914 cessent
451 3860 486 3914 Et
504 3858 543 3914 sic
563 3859 710 3913 ordinetur
728 3862 769 3924 ut,
783 3858 874 3913 disce·
914 3862 982 3918 dum
995 3861 1106 3916 lavatur
1119 3857 1413 3931 corpus,camererius
1428 3860 1528 3929 praesto
1544 3869 1607 3909 esse
1620 3852 1713 3916 debet,

88 3944 200 4002 dentibus
214 3948 337 4004 duobus.
355 3948 507 4003 succedant
531 3947 586 4002 duo
604 3947 672 4014 alii;
699 3947 784 4002 horas
808 3963 873 4000 vero
915 3950 1023 4005 habens
1036 3947 1203 4005 vestimenta
1218 3947 1328 4008 idonea,
1345 3950 1375 4001 et
1393 3946 1450 4010 tila,
1466 3949 1494 3999 et
1508 3959 1575 3998 acus
1593 3941 1629 3996 ad
1647 3957 1716 3996 cou-

86 4037 213 4105 llffllssres
227 4037 268 4092 ibi
281 4037 395 4104 dica¹¹l;
411 4053 485 4108 agro
501 4041 596 4092 autem
610 4037 640 4092 in
655 4036 757 4108 flgonia
769 4035 871 4108 posito,
915 4039 1064 4104 suendum,
1081 4042 1110 4093 et
1124 4043 1224 4092 catera
1239 4052 1301 4108 quse
1314 4035 1357 4090 sui
1368 4033 1453 4089 officii
1467 4037 1533 4088 sunt
1545 4035 1574 4086 et
1587 4046 1638 4086 suo
1652 4045 1717 4100 ope-

88 4127 110 4176 et
118 4125 230 4197 jamjam
239 4125 265 4182 si
279 4127 322 4181 ita
332 4126 421 4182 visum
432 4125 516 4181 luerit
530 4126 677 4190 morituro,
691 4124 874 4196 famulus,qui
915 4129 940 4184 ri
968 4126 1136 4183 necessaria.
1165 4124 1244 4180 Inter
1273 4123 1424 4182 lavandum
1449 4119 1664 4177 circumcinctus
1678 4117 1717 4172 sit

87 4211 116 4266 sd
127 4213 173 4270 boc
190 4215 347 4288 deputatus
361 4221 413 4276 est.
430 4215 551 4270 cilicium
576 4214 724 4288 expandat,
738 4220 767 4269 et
790 4230 876 4286 supra
917 4216 1065 4283 staminea,
1088 4232 1144 4289 qua
1165 4214 1280 4270 indutus
1299 4217 1385 4268 autea
1399 4215 1469 4278 erat,
1483 4209 1557 4265 cirea
1570 4201 1716 4281 pudendas

87 4299 183 4359 illudad
196 4320 363 4360 mensuram
375 4303 558 4375 longitudinis
566 4310 595 4359 et
607 4304 776 4368 latitudinis,
789 4320 873 4376 qnam
883 4341 908 4401 D
917 4307 961 4363 sui
975 4305 1100 4378 corporis
1115 4309 1217 4378 partes.

85 4388 164 4460 ipsum
176 4393 305 4448 cilicium
329 4392 424 4457 habet,
439 4393 551 4465 signum
566 4393 656 4449 crucis
679 4393 714 4448 de
735 4393 876 4450 cineribus
953 4395 1040 4451 Lotus
1054 4397 1149 4448 autem
1163 4391 1299 4448 vestiatur
1308 4389 1447 4446 staminea
1461 4403 1542 4454 nova,
1553 4386 1597 4444 rel
1609 4385 1717 4442 noviter

85 4478 163 4546 beist,
189 4483 418 4554 morientemque
434 4482 550 4537 tratrem
565 4483 687 4554 desuper
708 4487 803 4554 ponat.
825 4483 877 4538 cni
918 4486 985 4552 lota,
1003 4489 1030 4538 et
1040 4482 1158 4548 cuculla,
1173 4483 1238 4538 etin
1248 4481 1339 4554 capite
1353 4482 1414 4553 ejus
1429 4483 1550 4553 ponatur
1559 4476 1715 4544 sudarium,

85 4577 170 4638 postea
183 4569 481 4639 indesinenterwa
493 4571 878 4627 assidensstudiosecouside·
918 4575 948 4630 iu
959 4574 1074 4630 modum
1088 4571 1191 4645 caputii
1203 4572 1238 4627 de
1251 4571 1390 4627 staminea
1401 4569 1525 4636 lactum,
1540 4568 1606 4623 huic
1622 4583 1719 4639 super·

84 4662 196 4731 retquia
206 4660 394 4716 horaexitum
402 4661 462 4732 ejus
471 4661 619 4716 conventui
627 4659 728 4717 debeat
741 4660 875 4718 indicare.
918 4664 1038 4719 ducatur
1049 4662 1193 4735 caputium
1203 4661 1327 4723 cucullae,
1336 4665 1434 4715 etcum
1447 4659 1494 4714 iilo
1509 4657 1538 4713 iu
1549 4657 1641 4714 tribus
1650 4655 1718 4712 locis

114 4747 239 4822 Cumque
265 4765 329 4805 eum
352 4751 412 4820 jam
427 4749 456 4804 iu
479 4750 605 4806 exeundo
623 4749 725 4804 viderit
737 4749 876 4817 laborare,
918 4752 1097 4808 adnectatur.
1108 4751 1254 4807 calceetur
1267 4749 1365 4822 caligis
1378 4748 1540 4822 supradicto
1553 4763 1647 4821 panno
1663 4746 1720 4802 lae·

83 4845 187 4905 gestans
204 4854 295 4894 mauu
309 4839 435 4894 tabulam
460 4839 496 4894 ad
517 4839 619 4894 ostium
642 4839 757 4895 claustri
771 4843 875 4906 currat,
917 4839 964 4908 tis,
981 4857 1071 4913 usque
1081 4840 1116 4896 ud
1125 4856 1220 4913 genua
1230 4838 1444 4910 attingentibus,
1457 4835 1718 4893 etuoctumalibns.

85 4923 186 5000 ictuque
197 4927 372 4983 creberrimo
384 4928 557 4984 acriteream
569 4927 607 4982 ibi
622 4927 877 5001 percutiatquous-
918 4931 1018 4986 Manus
1033 4930 1142 4986 cuculla
1156 4929 1214 4985 sint
1224 4934 1371 5002 cooperta.
1388 4927 1504 4984 cnculte
1524 4925 1591 4988 hinc
1608 4930 1637 4982 et
1654 4925 1721 4982 inde

84 5017 171 5084 quein
187 5021 331 5072 consentu
347 5017 475 5073 auditum
490 5022 719 5090 esseeognoscat.
738 5017 799 5082 Quo
813 5034 877 5091 per·
921 5023 1082 5086 consuatur,
1100 5024 1130 5073 et
1148 5018 1222 5074 circa
1249 5034 1332 5074 crura
1359 5017 1504 5086 similiter,
1529 5015 1718 5079 nocturnales,

85 5110 153 5176 cepto
167 5105 267 5162 sonitu
283 5105 306 5162 si
320 5107 356 5161 ad
369 5107 518 5177 majorem,
535 5107 578 5160 vel
596 5105 734 5161 minorem
751 5105 878 5169 missam,
921 5107 993 5163 alter
1018 5108 1100 5164 alteri
1119 5107 1165 5162 silo
1178 5112 1391 5174 connectantur,
1405 5107 1502 5163 taliter
1514 5111 1645 5178 paratum
1657 5118 1720 5158 cor·

84 5195 120 5247 rel
133 5196 167 5250 ad
182 5196 347 5268 regularem
363 5195 464 5250 horam
484 5195 599 5261 tuerint,
624 5194 836 5251 remanentibus
851 5189 888 5251 in‘
922 5212 975 5269 pus
989 5197 1092 5252 feretro
1102 5198 1263 5270 imponatur
1277 5202 1306 5253 et
1320 5196 1404 5270 pallio
1418 5194 1604 5268 cooperiatur.

84 5281 159 5339 choro
181 5284 341 5341 infantibus
366 5301 431 5341 cum
455 5285 598 5358 magistris
613 5285 680 5348 suis.
697 5288 726 5339 et
740 5284 881 5356 aliquibus
958 5286 1020 5351 Quo
1043 5288 1162 5359 expleto,
1178 5287 1351 5360 expletisque
1371 5303 1432 5358 qua
1455 5285 1484 5341 in
1510 5285 1651 5338 conventu
1665 5272 1721 5336 dici

18 5363 19 5372 ἦ
84 5371 220 5442 nauum,
239 5372 341 5447 quibus
363 5375 477 5445 iussum
493 5373 588 5445 tuerit,
613 5373 715 5445 reliqui
728 5389 826 5430 omues
844 5376 900 5430 ad·
921 5381 1075 5449 coeperant,
1093 5376 1232 5452 percutiat
1248 5375 1326 5450 prior
1349 5374 1474 5431 tabulam
1494 5388 1550 5428 uno
1569 5370 1638 5427 ictu.
1661 5371 1722 5437 Quo

116 5551 170 5627 tet)
183 5555 274 5626 deest,
290 5557 325 5613 ad
339 5555 489 5614 ecclesiam
503 5571 554 5628 pro
566 5553 721 5612 venerabili
736 5559 924 5628 sacramento,
935 5559 977 5613 ael
990 5557 1059 5628 quid
1070 5555 1172 5612 simile.
