3986 6184
185 225 239 286 103
684 216 716 277 Β.
736 214 945 278 muranum
966 211 1144 278 cludunt.
1165 211 1334 278 lacman.
1770 221 1821 282 rol

186 347 301 404 nornine
313 347 454 404 titulatur.
470 344 550 410 Quod
565 345 589 400 si
602 345 799 402 inconveniens
815 345 984 402 absurdum·
992 351 1017 412 Α
1026 363 1089 403 cam
1098 363 1156 402 ineo
1167 349 1271 417 spiritu
1281 347 1390 402 tradere
1399 347 1820 418 bajmmodiSatona(ibidom).

188 454 243 508 que
256 443 307 504 est,
318 436 405 510 ipsius
420 433 510 506 magis
527 449 588 490 esse
602 427 743 490 credenda
756 441 809 502 est,
826 451 888 507 quae
902 440 981 492 tanto
1022 436 1055 490 ln
1081 436 1203 490 secunda
1221 451 1286 490 vero
1311 435 1472 501 laudantur,
1490 439 1518 491 et
1539 442 1572 491 ut
1585 438 1677 507 magis
1690 438 1822 509 acmagis

189 525 324 580 doctrinae
350 540 407 578 sum
429 522 519 592 fulget
545 522 663 594 eloquio.
683 523 738 578 Sed
757 523 890 594 quoniam
909 525 983 596 apud
1023 525 1171 595 proficiant
1186 529 1409 579 commonentur.
1426 525 1533 580 Galatae
1547 541 1613 580 vero
1633 527 1693 596 jam
1718 525 1821 582 nuIIIus

189 613 371 670 Hebraeorum
394 611 531 666 Ecclesiae
548 611 627 682 quasi
651 612 809 667 destructor
826 612 896 683 legis
914 613 985 668 salsa
1024 612 1149 668 cuminis
1166 618 1334 684 arguuntur,
1350 612 1404 667 nisi
1417 613 1501 684 hujus
1515 619 1627 668 tanturn
1656 615 1731 685 quod
1744 615 1822 670 calli·

189 703 346 775 suspicione
360 699 525 767 habebatur,
541 699 629 754 voluit
645 701 731 755 tacito
745 700 860 755 nornine
871 701 985 772 deliga·
1025 701 1149 756 dissimis
1164 701 1403 772 pseudoapostolis
1419 701 1608 758 crediderunt.
1624 703 1738 774 Ephesii
1757 720 1824 758 sane

188 793 229 847 ris
247 791 317 862 legis
338 794 367 845 et
380 789 498 844 veritate
516 788 620 843 Christi
634 789 752 844 reddere
775 789 924 856 rationem,
949 805 985 844 ne
1026 789 1105 844 nulla
1127 789 1353 861 reprehensione,
1369 789 1418 845 sed
1434 791 1524 846 multa
1542 791 1625 846 laude
1648 798 1715 846 sunt
1736 791 1824 863 digni,

190 880 285 935 odium
297 877 420 934 nominis
435 878 466 933 1ιι
479 877 571 933 Ironte
595 877 761 949 praetitulati
774 878 926 933 utilitatem
942 895 987 932 ex-
1028 877 1094 949 quia
1107 877 1192 932 fidem
1206 877 1388 950 apostolicam
1413 886 1605 935 servaverunt.
1632 880 1827 952 Philippenses

190 969 316 1024 eluderet
326 967 463 1023 lectionis.
479 967 542 1023 Non
555 973 598 1022 est
612 984 680 1023 sane
694 967 799 1022 mirum
811 966 834 1022 si
853 967 988 1037 eloquen·
1029 967 1114 1021 etiarn
1129 963 1218 1021 multo
1241 967 1330 1037 magis
1347 967 1554 1034 collaudantur,
1579 967 1627 1040 qui
1654 985 1706 1022 nec
1729 969 1828 1025 audire

189 1058 246 1113 tior
270 1057 399 1113 videatur
412 1057 442 1111 in
454 1055 578 1127 proprio,
595 1055 690 1122 idest,
715 1055 842 1123 Hebraeo,
858 1071 943 1126 quam
959 1055 988 1109 in
1030 1055 1143 1126 quidem
1153 1055 1238 1109 falsos
1249 1056 1390 1126 apostolos
1408 1056 1828 1113 voluerunt'lhessalonicenses

191 1146 349 1219 peregrino,
361 1145 391 1200 id
404 1150 457 1210 est,
472 1145 502 1199 in
516 1145 622 1209 Graeco,
648 1161 703 1215 quo
723 1149 831 1199 caeterae
859 1144 989 1214 Epistulae
1029 1143 1213 1198 nihilominus
1227 1143 1256 1197 in
1273 1142 1382 1199 duabus
1391 1144 1516 1215 epistolis
1530 1145 1607 1199 omni
1629 1145 1712 1200 laude
1736 1161 1830 1216 prose-

192 1241 258 1291 sunt
272 1235 392 1306 scriptae,
400 1250 538 1288 sermone.
548 1235 640 1288 Movet
648 1232 733 1287 ctiam
742 1233 888 1304 quosdam,
903 1247 990 1303 quare
1031 1231 1135 1302 quitur,
1145 1248 1178 1286 eo
1193 1231 1268 1302 quod
1281 1247 1337 1286 non
1348 1233 1439 1286 solum
1454 1232 1538 1286 fidem
1554 1233 1748 1288 inconcussam
1768 1251 1830 1288 ser·

192 1324 387 1380 Romanorum
398 1323 522 1394 Epistola
535 1321 565 1376 in
577 1321 667 1392 priano
681 1321 718 1375 sit
730 1321 831 1392 posita,
848 1337 912 1374 cum
927 1335 990 1375 eam
1031 1319 1156 1375 voverint
1168 1319 1305 1386 veritatis,
1320 1321 1463 1375 sedetiam
1477 1321 1507 1376 in
1519 1323 1713 1392 persecutione
1727 1323 1830 1377 civium

192 1429 250 1468 nou
263 1412 355 1484 primo
369 1411 502 1484 scriptam
521 1410 593 1465 ratio
604 1410 773 1466 manifestet.
789 1409 863 1464 Nam
874 1409 947 1464 hanc
960 1425 990 1464 se
1031 1409 1137 1464 suerint
1148 1413 1309 1463 constantes
1323 1409 1429 1463 Inventi
1443 1411 1480 1480 (ll
1493 1411 1567 1465 Thes.
1582 1411 1670 1481 11,c.l.
1687 1409 1831 1466 Colossen-

193 1501 416 1573 proficiscentem
441 1499 666 1569 Hierosolymam
689 1499 833 1571 scripsisse
859 1502 989 1565 testatur,
1031 1513 1076 1550 ses
1091 1501 1185 1551 autem
1201 1497 1272 1550 tales
1285 1502 1375 1563 erant,
1391 1501 1424 1551 ut
1437 1513 1501 1552 cum
1516 1497 1757 1570 abhpostolovisi
1772 1517 1831 1554 cor-

193 1607 259 1645 cum
274 1588 433 1645 coriathios
451 1593 480 1642 et
499 1587 568 1642 alios
591 1589 651 1658 jain
665 1592 741 1654 ante,
757 1591 789 1641 ut
802 1587 990 1641 ministerium
1032 1585 1165 1656 poraliter
1179 1601 1236 1639 non
1247 1585 1375 1653 luissent,
1386 1586 1439 1640 hac
1453 1585 1536 1640 laude
1550 1587 1628 1658 digni
1641 1587 1830 1644 haberentur:

194 1678 269 1750 quod
290 1693 386 1732 secum
409 1680 572 1747 portaturus
588 1681 658 1741 erat,
686 1677 860 1746 colligerent,
889 1661 1219 1743 liiterisBliisicorpore,
1237 1673 1339 1745 inquit,
1355 1675 1449 1728 absens
1464 1691 1537 1742 sum,
1557 1677 1602 1730 sed
1615 1680 1720 1746 spirita
1746 1679 1832 1732 uobis-

194 1765 415 1821 edhortsitussit.
430 1765 545 1820 Undeet
558 1763 678 1836 intelligi
700 1765 815 1836 quidam
834 1765 931 1819 volunt
951 1764 992 1818 ita
1032 1779 1095 1817 cam
1124 1779 1197 1828 sam,
1223 1764 1346 1830 pandens
1378 1768 1402 1817 et
1431 1765 1525 1818 uidens
1553 1767 1680 1820 ordinem
1710 1772 1832 1820 vestram

193 1871 291 1910 amnes
316 1854 449 1926 epistolas
466 1853 621 1918 ordinatas,
649 1859 682 1908 ut
710 1854 803 1923 prIma
829 1856 990 1924 poneretur,
1034 1851 1099 1920 (dot.
1114 1863 1143 1914 ιι,
1161 1853 1210 1919 a).
1240 1851 1280 1905 De
1295 1850 1419 1906 Hebraeis
1439 1867 1504 1906 vero
1521 1851 1832 1923 quiddicendumest?

195 1942 322 2014 quamvis
336 1941 475 2015 posterior
491 1941 577 1996 suerit
590 1941 740 2008 destinata,
756 1946 789 1995 ut
805 1941 992 2012 persingulas
1033 1955 1152 2011 quorum
1180 1939 1442 1994 Thessalonicenses
1470 1939 1519 2011 qui
1547 1941 1699 2012 plurimum
1724 1943 1833 1999 laudati

195 2031 329 2103 epistolas
350 2029 485 2101 gradibus
499 2028 535 2083 ad
547 2029 715 2100 perfectiora
725 2030 877 2084 veniretur.
893 2031 995 2086 Roma·
1034 2034 1109 2094 sunt,
1123 2027 1280 2083 imitatores
1291 2027 1358 2082 sacti
1369 2045 1430 2083 esse
1449 2028 1590 2084 dicuntur.
1602 2030 1681 2085 Sicut
1698 2031 1758 2102 ipse
1767 2032 1829 2086 ait:

195 2136 297 2175 norum
309 2135 431 2191 namque
445 2118 572 2190 plerique
587 2124 645 2174 tam
661 2118 745 2174 rudes
759 2124 924 2184 arantum
937 2134 994 2173 non
1034 2118 1121 2172 Elaos
1131 2119 1234 2185 [ratres
1246 2119 1400 2172 imitatores
1422 2119 1492 2186 sacti
1505 2121 1568 2172 estis
1586 2119 1772 2175 Ecclesiuram
1784 2121 1833 2176 Dei

195 2209 386 2279 intelligerent
396 2208 447 2263 Dei
461 2224 492 2262 se
502 2207 595 2278 gratia
608 2211 638 2263 et
663 2224 721 2263 non
735 2208 794 2262 suis
812 2206 920 2263 meritis
934 2223 1000 2268 esse,
1035 2222 1094 2275 qua
1107 2210 1172 2260 sant
1188 2207 1338 2260 inludere.
1353 2207 1455 2260 liudem
1472 2210 1548 2261 enirn
1566 2209 1647 2276 passi
1670 2211 1733 2263 estis
1751 2215 1776 2263 ei
1789 2226 1833 2264 vos

196 2298 327 2365 salvatos,
340 2301 368 2352 et
379 2295 413 2351 ob
428 2297 480 2352 hoc
491 2297 546 2353 duo
557 2297 632 2352 inter
641 2313 671 2352 se
684 2297 781 2368 populi
790 2295 993 2350 conflictarent.
1035 2296 1383 2360 ocorrtribalibusaestris,
1395 2311 1455 2364 qua
1471 2300 1496 2348 ct
1506 2297 1553 2349 illi
1563 2313 1581 2349 a
1590 2297 1692 2352 Judais
1708 2298 1735 2366 (I
1758 2298 1833 2354 Thes.

196 2385 304 2443 lchrco
314 2385 376 2440 illos
395 2385 522 2457 indigere
535 2385 637 2441 asserit
650 2385 760 2456 corrigi,
772 2385 840 2440 vitia
849 2385 994 2456 gentilita-
1035 2397 1066 2450 11,
1078 2384 1125 2453 c.).
1140 2383 1224 2454 Apud
1238 2383 1314 2454 Ipsos
1328 2398 1440 2454 quoque
1456 2384 1588 2438 Hebraeos
1607 2384 1707 2440 eadem
1716 2403 1836 2442 comme-

196 2474 235 2530 tis
247 2476 342 2546 prlora
352 2490 585 2530 commemorans.
607 2473 759 2529 Corinthiis
770 2479 866 2529 autem
875 2475 936 2543 jam
954 2473 997 2528 di·
1035 2475 1129 2524 morat
1142 2471 1237 2525 dicens
1254 2489 1260 2524 :
1277 2473 1350 2525 Nam
1365 2476 1389 2525 et
1401 2475 1500 2526 uinctis
1523 2476 1656 2542 compassi
1664 2477 1736 2542 estis,
1747 2480 1772 2530 et
1787 2492 1835 2531 ru-

197 2563 237 2618 cit
251 2562 374 2618 scientiae
387 2563 509 2634 gratiam
529 2579 590 2618 esse
604 2579 776 2633 concessam,
804 2567 832 2616 et
857 2577 914 2616 non
936 2565 995 2616 tam
1033 2560 1443 2628 pinambenorumuestroranr
1458 2577 1522 2615 cum
1539 2563 1642 2630 gaudio
1670 2567 1835 2635 suscepistis,

198 2666 296 2706 ornnes
319 2650 455 2722 increpat,
473 2666 557 2722 quam
572 2666 622 2704 cur
638 2654 786 2721 peccantes
799 2665 856 2704 non
871 2648 996 2720 Increpa-
1035 2653 1219 2716 annosorum
1237 2664 1281 2702 vos
1296 2648 1393 2704 babere
1405 2652 1547 2705 moliorem
1562 2655 1757 2708 elmanensem
1770 2654 1836 2708 sub·

197 2739 290 2793 verint
303 2738 494 2810 reprehendit,
508 2739 582 2794 slent
592 2738 632 2792 ait
649 2739 790 2795 :Auditur
804 2741 878 2792 inter
885 2754 930 2792 vos
938 2739 997 2806 sor·
1035 2740 1172 2791 stantiam
1184 2736 1261 2808 (lleb.
1274 2753 1300 2804 x,
1316 2735 1370 2806 34).

199 2829 303 2883 nicetio
311 2827 338 2897 (i
351 2829 410 2884 dor.
424 2845 450 2896 v,
465 2826 504 2897 ⁸2).
532 2827 567 2882 Et
588 2827 693 2884 iterum
708 2840 715 2876 τ
730 2826 905 2896 Conpropair‘s
923 2828 996 2881 vobis

199 3007 615 3026 Ἤ

420 3138 564 3202 INCIPIT
585 3139 793 3202 PROLOGUS
815 3138 1014 3202 SPECIALIS
1035 3139 1075 3200 IN
1096 3138 1318 3202 nmsrotnlt
1335 3140 1388 3200 AD
1412 3139 1612 3204 ROMANOS.

195 3435 204 3450 ⁴
237 3433 349 3494 Ronsru
362 3442 428 3491 sunt
440 3433 488 3507 qui
502 3435 647 3492 exludaeis
670 3441 699 3492 et
719 3436 856 3498 Gentibus
867 3437 1024 3502 credide-G
1035 3437 1228 3510 deputemini?
1241 3440 1275 3494 lit
1285 3441 1338 3495 hoc
1354 3439 1447 3512 ipsum
1473 3456 1530 3495 non
1550 3437 1737 3495 merebamini
1755 3457 1760 3493 :
1780 3430 1834 3494 nisi

200 3531 277 3582 runt.
289 3525 325 3580 lli
339 3523 459 3597 superba
472 3525 785 3581 contentionevolebant
794 3527 999 3584 sealterutrum
1040 3527 1106 3600 quia
1119 3529 1200 3598 larga
1216 3543 1327 3600 semper
1336 3527 1387 3584 Dei
1403 3529 1552 3584 clementia
1561 3527 1649 3584 voluit
1662 3545 1710 3584 vos
1724 3529 1759 3584 ad
1773 3545 1836 3584 nos·

201 3630 400 3686 superponere.
416 3614 490 3669 Nam
510 3611 754 3670 interdicebant:
767 3615 934 3671 Nessumus
948 3633 999 3688 po·
1040 3623 1114 3671 tram
1128 3615 1315 3672 imitntIonem
1329 3618 1487 3672 admittere.

201 3703 285 3775 pulus
306 3701 370 3769 Dei,
390 3718 460 3773 quos
487 3700 522 3756 ab
542 3701 623 3757 initio
636 3700 856 3760 dllexitctlovit.
873 3706 931 3761 Nos
948 3705 1000 3758 cir·
1076 3707 1180 3763 Gentes
1194 3707 1306 3762 etiamr.
1323 3707 1463 3762 contrario
1481 3705 1709 3778 respondebant:
1725 3703 1836 3769 Quanto

201 3789 318 3844 cumcisi
332 3807 365 3844 ex
387 3805 491 3861 genere
505 3788 658 3856 Abraham,
684 3796 780 3846 sancta
806 3792 1000 3848 descendimus
1041 3796 1150 3865 majora
1177 3812 1303 3866 ergavos
1318 3794 1369 3851 Dei
1382 3795 1519 3850 beneficia
1545 3793 1736 3860 narraveritis,
1756 3798 1836 3847 tanto

202 3895 235 3933 ex
247 3879 344 3950 stirpe,
361 3883 390 3932 et
402 3883 485 3932 notus
497 3883 573 3934 retro
583 3879 657 3950 apud
671 3879 918 3936 Judaeamtantum
924 3883 1000 3937 Deus
1040 3881 1156 3953 majoris
1165 3899 1213 3938 vos
1221 3883 1346 3937 criminis
1361 3899 1423 3938 reos
1431 3899 1492 3938 esse
1502 3881 1703 3937 monstrabitis.
1720 3882 1837 3951 Semper

201 3966 288 4039 (Psal.
305 3983 385 4034 axxv,
398 3965 438 4038 2).
456 3967 514 4022 Nos
521 3967 555 4022 de
565 3967 685 4039 AEgypto
695 3967 783 4039 signis
790 3969 842 4024 Dei
850 3975 878 4024 et
892 3969 1000 4025 virtuti·
1041 3971 1117 4026 enim
1139 3970 1184 4026 his
1194 3970 1324 4027 omnibus
1339 3971 1468 4026 extitistis
1481 3971 1595 4041 ingrati.
1612 3971 1686 4026 Nam
1708 3970 1776 4041 ipsis
1791 3985 1838 4039 pe-

202 4053 385 4116 busliberati,
402 4069 480 4110 mare
496 4055 569 4111 sicco
588 4056 819 4128 pertransivimus
839 4058 920 4131 pede,
936 4077 1000 4114 cam
1041 4059 1133 4127 dibus,
1148 4059 1248 4131 quibus
1259 4061 1369 4116 andum
1380 4076 1458 4114 mare
1468 4059 1618 4127 transistis,
1626 4056 1837 4113 ludebatisante

202 4145 331 4201 iuimicos
360 4151 471 4201 nostros
499 4143 659 4216 gravissimi
695 4147 797 4201 fluctus
829 4147 1002 4203 involverent
1041 4147 1117 4203 idola
1131 4165 1191 4220 qnae
1205 4147 1327 4204 fecistis:
1345 4153 1373 4204 et
1382 4149 1412 4203 in
1422 4149 1483 4221 ipso
1494 4165 1542 4204 ore
1554 4164 1609 4220 quo
1619 4148 1703 4219 paulo
1718 4151 1783 4201 ante
1802 4144 1838 4199 ob

205 4235 298 4306 (daed.
313 4249 367 4301 xrv,
378 4231 435 4302 22).
456 4231 544 4288 Nobis
552 4233 625 4304 pluit
633 4249 738 4288 manna
755 4233 892 4290 Dominus
911 4235 942 4290 in
955 4235 1002 4289 de·
1041 4252 1138 4290 necem
1152 4236 1377 4292 adversariorum
1389 4237 1508 4292 Domino
1523 4233 1838 4302 cantaveratissimula-

203 4328 290 4390 serto,
306 4328 336 4377 et
345 4321 426 4394 quasi
436 4321 501 4377 liliis
513 4321 572 4377 suis
581 4324 693 4378 coeleste
707 4323 842 4394 pabulum
861 4323 1002 4378 ministra·
1041 4323 1175 4380 cravobis
1190 4325 1251 4380 ficri
1271 4325 1422 4397 poposcItis
1438 4338 1444 4374 :
1459 4325 1515 4380 illis
1529 4324 1626 4392 oculis,
1642 4321 1743 4395 quibus
1757 4337 1839 4376 vene·

203 4411 254 4468 vit.
268 4411 326 4466 Nos
344 4411 390 4466 die
400 4415 542 4482 noctuque
565 4411 595 4466 in
616 4411 748 4467 columna
768 4412 852 4468 nubis
872 4413 1002 4484 ignisque
1042 4414 1131 4470 rando
1148 4414 1238 4469 Deum
1252 4414 1282 4468 in
1298 4414 1372 4469 nube
1388 4414 1429 4468 vel
1442 4414 1507 4484 igne
1526 4413 1686 4484 conspicere
1706 4409 1838 4466 solebatis

204 4499 357 4572 praecessit,
373 4504 408 4554 ut
419 4498 500 4553 nobis
513 4499 544 4554 in
557 4499 632 4554 invio
651 4499 707 4554 iter
728 4500 889 4556 ostenderet
905 4503 999 4569 (Esou.
1043 4502 1141 4570 (Emori.
1179 4509 1274 4574 xxxii),
1316 4503 1466 4558 simulacra
1504 4500 1701 4557 intuebamini.
1735 4499 1840 4554 Manna

204 4587 276 4658 xm).
287 4589 379 4659 Atque
392 4593 425 4642 ut
438 4592 539 4642 caetera
550 4589 611 4659 ejus
625 4587 700 4642 circe
709 4605 760 4643 nos
770 4589 910 4644 immensa
918 4589 1001 4644 bene·
1041 4609 1153 4665 qnoque
1183 4592 1260 4647 vobis
1292 4592 1403 4648 fastidio
1430 4592 1485 4648 suit
1520 4593 1620 4663 (loru),
1661 4596 1690 4646 et
1727 4605 1840 4661 semper

203 4677 266 4733 licia
275 4682 427 4744 taceamus,
443 4691 495 4730 nos
504 4676 556 4731 soli
568 4677 646 4748 dIgni
659 4677 765 4733 fuimus
779 4678 831 4733 Dei
844 4678 937 4749 legem
954 4694 1001 4733 ac·
1041 4681 1071 4736 in
1101 4683 1212 4736 deserto
1247 4687 1345 4737 contra
1371 4679 1525 4736 Dominum
1555 4679 1763 4744 murmurastis,
1801 4677 1839 4732 ad

203 4765 306 4837 cipere,
324 4781 418 4820 vocem
433 4765 485 4820 Dei
498 4765 639 4836 loquentis
657 4765 755 4820 audire
767 4768 852 4832 (lione.
865 4769 918 4833 ιιι),
929 4767 1204 4852 ejus-DAEgyptum,
1220 4769 1295 4825 unde
1307 4787 1356 4825 vos
1370 4787 1456 4825 manu
1474 4769 1565 4824 valida
1588 4771 1718 4841 ejecerat,
1746 4766 1840 4822 redIre

205 4869 260 4925 que
277 4869 444 4924 cognoscere
458 4854 641 4908 voluntatem.
655 4856 688 4909 In
705 4854 832 4926 qualege
845 4853 925 4910 nobis
940 4871 1003 4926 pro·
1042 4859 1196 4931 cupientes.
1219 4857 1292 4922 Quid
1309 4859 1413 4929 plural
1438 4856 1482 4912 Ita
1509 4863 1602 4930 patres
1629 4857 1714 4912 vestri
1740 4855 1839 4910 crebra

206 4941 311 4997 missus
325 4947 369 4996 est
382 4941 519 5010 Christus,
536 4943 571 4997 ad
585 4958 654 5016 quos
670 4943 756 4998 etiam
776 4943 837 5015 ipse
850 4961 880 4998 se
894 4942 1002 4999 venisse
1043 4947 1237 5019 provocatione
1253 4947 1405 5002 Dominum
1417 4945 1609 5014 irritaverunt,
1632 4952 1664 5001 ut
1690 4961 1787 5001 omnes
1809 4945 1840 4998 in

204 5034 326 5087 testatus
337 5035 390 5100 est,
400 5030 495 5086 dicens
510 5049 518 5086 z
532 5031 593 5087 Non
607 5033 670 5086 oeni
684 5033 742 5086 nisi
752 5033 789 5086 ad
807 5048 865 5087 oues
879 5049 938 5103 qua
957 5048 1003 5102 pe·
1043 5053 1138 5091 eremo
1152 5039 1340 5105 morerentur,
1366 5051 1418 5090 nec
1444 5036 1507 5107 plus
1521 5052 1553 5090 ex
1568 5033 1724 5090 senioribus
1740 5049 1840 5088 comm

205 5123 319 5176 riorum
341 5121 438 5175 doinus
456 5121 543 5175 lsrael
565 5121 675 5184 (licitis.
691 5124 755 5189 xv);
772 5137 836 5175 cum
855 5137 904 5177 vos
919 5137 1002 5177 canes
1044 5141 1128 5196 quarn
1138 5122 1194 5178 duo
1205 5123 1333 5178 homines
1343 5129 1450 5179 terram
1466 5123 1691 5196 repromissionis
1700 5123 1841 5176 intrarent

205 5210 300 5284 potius
315 5225 399 5280 quam
414 5209 542 5264 homines
554 5208 746 5281 appellaverit.
760 5210 920 5282 AEquumne'
934 5228 1000 5282 ergo
1044 5216 1139 5282 (Num.
1166 5214 1230 5282 ιιι),
1261 5213 1316 5268 Sed
1340 5213 1408 5284 quid
1432 5212 1549 5285 antiqua
1572 5212 1749 5284 repIIcamus,
1775 5226 1840 5266 cum

205 5305 250 5354 est
259 5303 300 5365 ut,
318 5297 393 5352 idola
412 5297 496 5353 hodie
517 5297 793 5370 deserentes‚quibus
814 5299 849 5354 ab
861 5299 941 5354 initio
955 5299 1003 5354 de·
1044 5301 1129 5357 otiam
1144 5301 1168 5355 si
1181 5300 1230 5355 illa
1241 5300 1357 5356 minime
1366 5301 1509 5366 fecissetis,
1522 5301 1557 5356 de
1568 5300 1621 5355 boc
1632 5300 1691 5355 solo
1700 5315 1840 5355 nemovos

208 5387 343 5455 servistis
359 5387 440 5442 nobis
455 5387 657 5458 comparemini
673 5405 679 5440 :
696 5392 725 5441 et
748 5403 805 5442 non
828 5387 923 5458 potius
941 5404 1004 5458 pro-
1044 5389 1393 5460 dignosveniajudicaret,
1416 5391 1491 5461 quod
1503 5389 1655 5444 DomInum
1683 5388 1838 5454 Christum,

210 5474 1004 5548 selytorumlocumenlegisauctoritatectconsuetudine
1045 5479 1371 5553 prophetarumsemper
1384 5479 1461 5536 vobis
1485 5478 1598 5560 vocibus
1624 5474 1838 5549 repromissum,
