3882 6172
251 223 300 282 651
714 221 769 312 AD
783 221 903 279 OPERA
921 225 953 281 B.
975 221 1180 280 LrlNFRANCl
1201 221 1394 277 APPENDIX.
1816 225 1859 284 bh‘l

247 349 382 423 capitulo,
404 348 486 418 juxta
503 345 646 402 tumulum
660 344 826 400 venerabilis
854 347 991 416 llerluini,
1019 345 1134 407 inAtui
1149 361 1199 399 suo
1224 349 1253 399 et
1266 345 1537 417 supervenientibus,
1554 350 1586 397 ut
1603 359 1670 414 opus
1683 351 1747 412 erat,
1762 347 1861 402 affluen-

246 440 344 497 dextra
356 443 446 512 parte,
457 441 486 492 et
498 437 596 492 eodem
613 451 687 490 anuo
710 437 842 492 translati
859 437 974 494 fuerunt
987 457 1047 495 mo·
1089 439 1133 488 ter
1151 433 1301 488 tribuebat.

245 529 329 585 nachi
352 525 432 582 Becci
449 525 484 580 de
503 525 624 580 castello
638 523 776 590 declara,
793 525 868 597 apud
883 526 1004 596 Scotres,
1020 533 1048 582 et
1124 523 1205 577 Auno
1215 521 1326 577 Domini
1342 521 1490 577 millesimo
1504 523 1652 576 centesimo
1666 522 1799 593 trigesimo
1809 541 1857 580 sex·

245 617 298 673 hoc
311 615 377 672 fecit
394 613 551 670 Richardus
566 612 640 668 filius
654 612 813 669 Gisleberti.
1023 667 1030 678 ,
1087 615 1127 677 to,
1144 611 1213 665 obiit
1225 610 1278 682 piae
1300 611 1444 665 memoriae
1464 610 1592 665 dominus
1607 611 1685 674 Boso,
1703 616 1808 683 quartus
1820 613 1861 668 ab·

279 703 447 776 Notaquod,
460 710 586 775 tempore
600 703 685 774 hujus
697 702 846 770 Willermi,
859 704 914 759 fuit
925 705 1047 760 ecclesiae
1087 698 1138 754 bas
1151 699 1296 754 Becoensis
1310 701 1483 766 monasterii,
1511 699 1554 752 vir
1567 715 1675 770 magma
1698 701 1859 766 auctoritatis,

242 792 390 850 Philiberti
401 794 458 848 tale
475 795 638 848 concessum
653 791 841 864 privilegium,
859 793 893 848 de
908 810 1047 852 consensu
1088 787 1148 842 orbi
1163 790 1263 855 clarus,
1280 788 1427 859 sapientia,
1447 788 1605 860 prudentia,
1624 788 1804 861 praecipueque
1814 791 1861 863 spi·

241 882 358 939 ioannis
371 880 493 953 episcopi
507 878 683 938 Lexoviensis
697 884 726 935 et
739 880 825 936 totius
840 881 964 955 capituli.
987 883 1055 937 Pri:
1087 878 1144 932 ritu
1154 878 1262 932 consilii
1276 877 1393 949 pollens.

240 987 288 1026 mo
314 969 367 1026 fuit
389 986 407 1024 a
427 967 568 1040 praedictis
587 969 715 1041 episcopo
731 975 759 1025 et
772 969 896 1043 capitulo
915 987 1046 1026 concessa
1122 968 1203 1021 Anno
1216 967 1328 1021 Domini
1353 965 1502 1022 millesimo
1517 966 1666 1022 centesimo
1683 965 1815 1038 trigesimo
1827 983 1862 1022 se·

240 1059 355 1116 ecclesia
368 1057 511 1129 praedicta,
537 1063 672 1130 perpetuo
698 1059 764 1129 J‘ure
792 1058 953 1128 obtinenda,
980 1076 1044 1116 cum
1085 1055 1184 1126 ptimo,
1209 1055 1386 1111 Theobaldus
1409 1056 1515 1110 electus
1534 1054 1678 1110 Beecensis
1690 1055 1813 1122 Ecclesia,
1827 1055 1862 1110 rir

240 1148 290 1204 tali
308 1146 440 1202 libertate
450 1150 483 1202 ut
500 1161 647 1218 nunquam
662 1152 785 1202 cessaret
797 1165 815 1202 a
833 1149 926 1204 divino
941 1149 1043 1215 officio,
1085 1160 1194 1215 magnes
1216 1144 1351 1199 bonitatis
1368 1150 1396 1199 et
1419 1143 1551 1210 scientia,
1567 1143 1726 1198 benedictus
1739 1150 1778 1198 est
1790 1143 1860 1198 abbas

238 1234 751 1308 protesilaum-aouJuslibethominis
763 1235 831 1306 (tl).
849 1237 929 1293 Unde
945 1253 1043 1292 mona·
1084 1234 1210 1304 ejusdem
1219 1234 1359 1301 Ecclesiae,
1377 1233 1453 1289 omni
1462 1237 1599 1288 conventu
1610 1233 1701 1287 animo
1711 1231 1800 1287 libenti
1809 1249 1860 1287 con·

238 1323 283 1379 chi
297 1322 367 1379 inibi
380 1322 544 1378 cohibentes
556 1323 586 1378 in
600 1322 752 1379 rebellione
772 1341 830 1396 qua
843 1324 1042 1382 lexoviensem
1084 1323 1210 1390 cedente,
1226 1324 1300 1395 apud
1315 1322 1522 1393 Rothomagum
1547 1339 1564 1376 a
1584 1321 1697 1377 domino
1711 1323 1860 1392 Hugonear-

238 1413 400 1486 episcopum
416 1411 522 1466 fuerint
534 1426 585 1482 pro
608 1428 638 1467 se
656 1411 699 1467 rel
713 1411 874 1470 hominibus
886 1414 944 1470 suis
956 1415 985 1469 in
998 1432 1042 1470 ea·
1083 1411 1259 1484 chiepiscopo
1271 1411 1499 1482 Rothomagensi.

236 1502 302 1558 dem
316 1500 448 1573 parochia
461 1499 649 1567 manentibus,
671 1501 715 1556 vel
737 1518 795 1557 non
809 1501 960 1558 interdicta
978 1520 1041 1559 can-
1117 1501 1176 1555 llcc
1191 1517 1264 1556 anuo
1279 1501 1308 1555 in
1319 1501 1440 1556 adventu
1454 1499 1566 1555 Domini
1580 1499 1696 1556 Abritus
1721 1499 1778 1571 [el.,
1792 1499 1860 1554 nilo

233 1589 366 1657 tauerint,
391 1604 442 1644 nec
457 1588 506 1643 isti
524 1587 611 1642 iidem
623 1588 752 1645 homines
783 1592 995 1657 monachorum,
1010 1591 1040 1646 in
1081 1589 1167 1660 ricus]
1188 1590 1315 1644 Ecclesia
1340 1590 1472 1644 Romana
1490 1589 1610 1660 legatus,
1627 1593 1655 1644 et
1669 1588 1859 1661 episcopusOs·

233 1677 333 1734 eadem
359 1676 491 1750 parochie
519 1683 740 1746 commanentes,
769 1680 889 1750 perdent
912 1665 1186 1744 divinuthiensis,
1217 1679 1310 1733 tenuit
1324 1678 1472 1733 consilium
1494 1678 1568 1750 apud
1590 1677 1767 1741 lundoniam,
1782 1675 1860 1730 etibi·

232 1767 365 1834 olllcium‚
376 1783 426 1839 pro
438 1766 602 1822 forifactura
612 1768 762 1838 cujuslibet
771 1769 904 1836 hominis,
918 1786 975 1825 non
987 1786 1038 1842 pro
1079 1768 1152 1834 dem,
1186 1773 1328 1821 annuente
1342 1783 1407 1838 rege
1420 1767 1562 1838 Stephano
1576 1771 1605 1820 et
1615 1765 1721 1838 regina,
1743 1764 1860 1820 Theobal·

230 1873 297 1926 sua;
311 1857 364 1912 etsi
378 1855 477 1912 eadem
492 1856 618 1923 eeclesia,
636 1857 680 1912 rel
697 1857 889 1913 coemeterium
903 1858 1037 1913 violatum
1078 1856 1131 1910 dus
1145 1855 1231 1910 abbas
1247 1855 1391 1910 lleccensis
1409 1855 1547 1922 Ecclesia,
1568 1856 1608 1909 vir
1633 1855 1777 1910 admodum
1790 1869 1858 1907 vene·

228 1945 324 2015 fuerit,
339 1945 485 2001 habebunt
498 1943 630 2001 monachi
639 1962 735 2001 secum
746 1963 848 2018 aquarn
860 1945 1036 2002 benedictam
1077 1945 1191 2012 raudus,
1208 1943 1420 2000 cantuariensis
1438 1943 1565 1999 Ecclesiae
1578 1943 1795 2016 archiepiscopus
1807 1943 1859 1996 elle

229 2035 266 2091 de
293 2033 457 2091 Lexoriensi
483 2033 609 2100 ecclesia,
634 2039 662 2089 et
674 2047 726 2106 per
745 2053 774 2090 se
789 2041 818 2090 et
827 2053 879 2107 per
892 2035 1036 2107 presbyte-
1076 2038 1137 2088 ctus
1149 2038 1199 2099 est,
1212 2033 1362 2088 transactis
1380 2032 1490 2087 duobus
1513 2033 1604 2100 annis,
1632 2039 1661 2087 et
1673 2032 1782 2087 dimidio
1797 2036 1859 2102 post-

232 2137 297 2180 rum
312 2123 438 2196 ejusdem
452 2123 584 2191 ecclesia,
607 2123 829 2178 reconciliabunt
844 2124 934 2196 ipsam
949 2125 1035 2179 eccle·
1075 2138 1160 2192 quam
1188 2121 1274 2176 abbas
1290 2121 1459 2176 constitutus
1487 2122 1590 2188 fuerat,
1628 2121 1791 2192 consilioque
1807 2120 1858 2190 ejus

225 2213 308 2281 siam,
325 2212 369 2268 vel
382 2212 584 2279 coemeterium,
599 2213 660 2266 sine
676 2213 731 2267 alio
745 2213 894 2284 requisitu,
919 2219 1033 2285 excepto
1073 2205 1127 2264 fuit
1138 2210 1252 2266 abbatia
1263 2211 1340 2265 flacci
1355 2211 1417 2265 sine
1430 2209 1540 2276 abbate,
1553 2209 1607 2265 sub
1621 2209 1756 2266 Richardo
1768 2208 1799 2262 de
1805 2207 1858 2262 Del·

224 2301 343 2370 assultu,
356 2300 555 2357 ethomicidio.
571 2300 612 2356 De
628 2301 662 2356 iis
675 2301 1033 2374 enimduobusrequiritur
1073 2299 1120 2354 fou
1137 2300 1241 2371 priore,
1266 2315 1283 2353 a
1302 2299 1455 2354 Nativitate
1484 2299 1606 2366 Domini,
1633 2301 1675 2354 vel
1694 2299 1774 2371 paulo
1793 2302 1856 2363 ante,

223 2390 379 2464 episcopus.
408 2390 528 2461 Propter
540 2389 613 2443 hanc
643 2393 739 2445 autem
763 2390 1028 2456 reconciliationem,
1072 2403 1161 2458 usque
1187 2387 1223 2441 ad
1250 2385 1445 2450 Pentecosten,
1462 2403 1609 2458 quousque
1624 2387 1768 2459 pradictus
1783 2383 1859 2440 arelli-

221 2479 338 2536 eeclesia
349 2477 527 2535 Lexoviensis
540 2494 597 2532 nou
608 2478 706 2550 perdet
717 2477 895 2534 forifacturas
915 2496 981 2534 suas
995 2480 1030 2534 da
1072 2474 1246 2547 episcopusa
1264 2475 1352 2530 Roma
1363 2475 1476 2530 rediret.

219 2566 413 2635 violatoribus,
438 2571 552 2639 excepto
574 2582 660 2622 manu
675 2571 768 2639 pastu,
783 2566 813 2622 id
827 2570 869 2622 est
883 2567 1030 2622 servienti·
1084 2571 1085 2576 ’
1105 2565 1186 2619 Anno
1200 2563 1311 2619 Domini
1325 2564 1475 2619 millesimo
1486 2564 1784 2636 centesimotn'gesimo
1793 2578 1856 2618 ncnc

220 2657 274 2714 bus
287 2657 508 2724 monachorum
526 2655 561 2711 de
575 2655 611 2711 iis
633 2655 709 2711 enim
724 2656 915 2712 forifacturam
942 2655 1030 2710 habe·
1070 2653 1176 2708 clectus
1190 2658 1219 2708 et
1238 2653 1383 2708 institutus
1397 2659 1441 2708 est
1460 2653 1546 2708 abbas
1561 2655 1718 2720 Becoensis,
1738 2653 1771 2706 ab
1792 2649 1858 2706 omni

221 2747 293 2803 bant
307 2745 447 2814 monachi,
473 2744 604 2800 videlicet
617 2745 652 2799 de
665 2744 750 2812 furto,
766 2746 809 2799 vel
825 2745 860 2800 de
875 2743 1029 2800 infractura
1067 2743 1214 2813 aqualiter
1239 2743 1465 2814 congregatione,
1491 2743 1532 2796 n'r
1556 2759 1667 2815 magnas
1680 2741 1825 2797 sanctitatis
1835 2745 1859 2794 et

222 2834 460 2908 ipsius'ecclesiae,
480 2834 523 2889 rel
533 2833 690 2890 eoemeten'i
709 2849 717 2890 t
738 2849 804 2889 nam
818 2833 852 2888 de
862 2834 971 2888 incestu
984 2833 1027 2889 rel
1068 2831 1336 2898 scientia,dominus
1346 2831 1483 2888 Letardus
1494 2831 1669 2886 deBeccensi
1684 2831 1857 2902 burgonatus,

223 2923 372 2990 adulterio,
382 2924 426 2979 vel
440 2923 503 2978 aliis
513 2923 549 2978 ad
564 2923 726 2995 episcopum
739 2921 954 2995 pertinentibus,
969 2922 1028 2994 ipse
1039 2905 1099 2971 Ciu
1115 2923 1235 2990 utroque
1249 2920 1429 2974 Testamenta
1453 2920 1579 2992 apprime
1604 2920 1739 2987 eruditus,
1764 2917 1858 2991 pollens

223 3012 370 3086 episcopus
386 3011 578 3067 forifacturam
592 3011 717 3066 habebit.
741 3013 807 3083 lpsa
820 3027 885 3066 rere
911 3011 1029 3065 ecelesia
1068 3008 1193 3074 consilio,
1209 3007 1327 3063 reflabilis
1343 3007 1492 3080 colloquio,
1517 3008 1681 3064 moderatus
1707 3008 1735 3062 in
1767 3004 1856 3070 verbis,

223 3101 320 3160 Sancti
333 3101 481 3157 Philiberti
495 3101 580 3155 debet
604 3100 639 3156 de
668 3099 870 3155 consuetudine
898 3100 1027 3171 episcopo
1069 3097 1205 3152 discretus
1220 3097 1249 3152 in
1259 3097 1423 3167 disciplinis,
1439 3099 1518 3154 tarde
1532 3099 1614 3154 latus
1624 3097 1784 3163 interranis,
1795 3111 1859 3150 sern-

221 3207 391 3265 perannum
410 3191 480 3246 duos
508 3188 612 3244 solidos
631 3192 753 3254 tantum,
776 3193 804 3242 et
819 3187 890 3242 nihil
909 3188 1028 3259 amplius
1070 3202 1120 3255 per
1133 3186 1260 3256 gaudens
1273 3187 1303 3241 in
1328 3187 1458 3255 aeternis.
1474 3187 1593 3259 diligens
1615 3187 1711 3250 bonos,
1729 3185 1858 3255 corrigens

222 3281 258 3336 de
272 3279 379 3352 synodo
397 3280 440 3334 rel
460 3279 494 3333 de
508 3276 624 3332 circata.
643 3276 794 3349 Presbyter
818 3281 913 3332 autem
941 3276 1029 3347 ipsius
1070 3273 1233 3338 malosQui
1247 3291 1297 3346 pro
1312 3276 1449 3346 qualitate
1465 3277 1600 3347 temporis
1609 3293 1724 3348 gregem
1738 3273 1787 3328 sibi
1796 3287 1859 3327 corn·

222 3364 347 3422 ecclesiae
358 3363 393 3418 ad
403 3363 543 3435 synodum
552 3361 654 3429 veniet,
667 3361 740 3416 sicut
754 3366 782 3416 et
794 3362 902 3429 caeteri;
915 3368 943 3418 et
955 3363 980 3417 si
994 3363 1029 3418 dc
1070 3363 1305 3434 missumoptime
1315 3365 1396 3432 rexit,
1412 3363 1476 3419 licet
1490 3365 1519 3420 in
1534 3381 1585 3420 suo
1610 3371 1737 3438 tempore
1759 3361 1859 3418 assidua

223 3451 321 3510 ordine
350 3467 401 3508 suo
419 3450 594 3519 forisfecerit,
619 3450 748 3522 episcopo
779 3450 940 3506 emendabit
964 3464 970 3500 :
993 3453 1028 3506 ad
1069 3455 1237 3522 tempestate
1251 3454 1343 3524 patria
1357 3453 1529 3508 turbaretur.

222 3539 458 3597 monstrationem
472 3555 537 3594 vero
559 3545 624 3594 ante
640 3537 877 3607 archidiaconum,
893 3540 936 3594 vel
946 3540 1028 3596 deca·
1104 3541 1185 3595 Anno
1203 3542 1313 3597 Domini
1323 3543 1472 3603 millesimo
1490 3543 1645 3598 centesimo
1657 3539 1857 3616 quadragesimo

223 3645 301 3699 num,
316 3629 403 3684 libros
417 3626 642 3685 selvestimenta
665 3643 717 3683 sua
733 3643 790 3682 non
804 3628 920 3697 deferet,
936 3645 1028 3701 neque
1069 3629 1382 3701 prirno,incoeptumest
1396 3631 1550 3704 capitulum
1565 3633 1659 3698 Becci,
1674 3637 1733 3686 tam
1756 3627 1858 3684 consilio

223 3719 259 3775 a'd
273 3718 446 3791 pascendum
459 3717 697 3784 archidiaconum,
712 3717 756 3772 vel
769 3717 905 3773 decanum
925 3717 1003 3772 dabit
1019 3736 1024 3773 :
1068 3733 1154 3790 quam
1167 3717 1305 3790 adjutorio
1317 3719 1434 3776 Roberti
1448 3721 1482 3776 de
1494 3720 1680 3793 Noroburgo;
1695 3726 1723 3776 et
1739 3735 1808 3774 anno
1821 3733 1858 3770 se-

223 3813 312 3879 etpre
325 3809 380 3864 hac
394 3805 572 3863 concessione
591 3805 730 3862 libertatis
748 3807 938 3864 concessimus
957 3807 1028 3880 epis·
1069 3807 1167 3880 quenti
1182 3808 1248 3863 data
1269 3814 1313 3864 est
1338 3810 1456 3865 ecclesia
1478 3811 1512 3865 de
1539 3809 1716 3866 Bellomonte
1744 3805 1858 3864 Ecclesia

223 3913 303 3971 copo,
318 3902 347 3953 et
361 3897 491 3952 omnibns
516 3895 723 3953 successoribus
750 3898 822 3969 eius,
846 3899 878 3953 ut
901 3897 931 3952 in
950 3896 1027 3953 obitu
1069 3895 1208 3952 Becoensi.
1225 3897 1260 3952 Et
1273 3899 1371 3954 eodem
1398 3914 1472 3954 anno
1499 3898 1672 3954 translatum
1694 3897 1745 3953 luit
1770 3909 1858 3966 corpus

222 3988 285 4060 ejus
313 3988 395 4042 fieret
413 3992 534 4055 tantum,
552 3986 624 4041 sicut
637 4002 688 4058 pro
701 4001 758 4041 uno
773 3987 984 4055 monachorum,
999 3991 1027 4041 et
1068 3985 1157 4040 saneti
1167 3985 1249 4042 Neoti
1259 3987 1294 4040 de
1308 3985 1396 4041 reteri
1406 3987 1522 4042 ecclesia
1541 3987 1570 4042 in
1588 4003 1692 4044 novam
1715 3984 1856 4042 ecclesium.

222 4076 258 4132 de
272 4076 414 4131 canonicis
428 4077 517 4148 ipsius
531 4074 653 4132 eeclesiae
666 4076 716 4131 liet
732 4075 878 4131 servitium
889 4075 1027 4131 uniusde-
1067 4073 1141 4128 Nota
1161 4075 1235 4145 quod
1253 4073 1378 4141 ecclesia,
1400 4074 1470 4130 sieut
1481 4074 1623 4148 prioratus
1635 4077 1671 4132 de
1686 4075 1855 4137 Bellomonte,

221 4164 320 4233 functi,
331 4181 396 4221 cum
411 4167 472 4236 ejus
486 4163 580 4220 obitus
590 4163 731 4221 audietur.
752 4165 788 4220 Et
805 4163 929 4220 invenies
952 4164 1026 4219 auti-
1068 4161 1193 4217 iuitdata
1205 4179 1222 4217 a
1235 4163 1357 4234 Rogerio
1371 4163 1472 4219 comite
1482 4163 1709 4234 deDellomonte,
1722 4163 1857 4219 etfundata

223 4269 311 4326 quum
335 4253 473 4325 originale
498 4253 527 4308 in
552 4253 683 4325 cophino,
709 4253 739 4308 in
768 4270 823 4325 quo
851 4251 1241 4329 reponunturninlronorem
1267 4257 1410 4308 sanciaeet
1432 4251 1582 4308 individuae
1593 4253 1751 4323 Trinitatis,
1764 4255 1858 4307 etecu-

222 4342 327 4398 chartae
339 4341 460 4398 ecclesiae
469 4340 608 4414 praedictae
620 4343 649 4398 in
663 4343 824 4398 cartulario.
1068 4340 1181 4395 firmata
1195 4356 1245 4413 per
1259 4341 1412 4396 Henricum
1427 4357 1523 4412 regem
1542 4341 1700 4412 anglorum
1726 4346 1754 4396 et
1770 4340 1858 4394 ducem

242 4429 476 4485 'Huicsuccessit
489 4429 597 4502 primus
613 4430 694 4499 Boso,
722 4431 751 4486 in
778 4431 856 4488 Novo
881 4436 910 4485 et
930 4429 1026 4486 Veteri
1067 4429 1345 4500 Northmannorum;
1362 4435 1390 4485 et
1403 4430 1433 4484 in
1445 4424 1859 4486 confirmationemrocatwali·

221 4517 402 4575 Testamenta
416 4517 542 4592 apprime
565 4519 700 4587 eruditus,
714 4519 757 4574 vir
768 4519 892 4575 scientiae
905 4519 1025 4574 admira·
1066 4533 1196 4574 ramnum
1209 4520 1339 4576 comitem
1353 4519 1488 4586 Mellenti,
1507 4524 1536 4574 et
1553 4519 1733 4576 fundatorem
1748 4515 1858 4574 ecclesia

221 4605 509 4674 bilisvetdoctrime
523 4607 770 4681 incomparabilis3
786 4612 896 4663 tantam
911 4607 937 4664 ei
951 4607 1028 4663 insu·
1068 4606 1146 4662 Beati
1171 4608 1285 4678 Nicasii,
1313 4609 1342 4663 in
1362 4613 1465 4664 testem
1486 4608 1522 4663 ad
1547 4608 1715 4665 advocatum
1742 4605 1857 4663 Ecclesia

221 4711 273 4769 per
285 4695 408 4768 gratiam
420 4696 511 4752 virtus
525 4695 619 4752 muna
630 4697 788 4753 contulerat
801 4703 834 4753 ut
852 4697 955 4764 nullus,
967 4702 1027 4752 tam
1068 4696 1156 4752 Becci.
1185 4697 1220 4752 Et
1240 4704 1273 4752 ut
1298 4698 1488 4754 conformetur
1512 4697 1636 4753 Ecclesia
1663 4698 1727 4754 aliis
1746 4695 1858 4752 eeclesiis

220 4784 311 4840 tristis
327 4790 356 4840 et
369 4801 454 4857 egens
469 4783 595 4850 consilio,
620 4784 655 4840 ad
680 4785 774 4858 ipsum
797 4786 941 4841 accederet
958 4786 1027 4858 quin
1067 4783 1200 4856 subjectis
1222 4787 1352 4842 Ecclesia
1379 4787 1470 4853 Becci,
1487 4803 1548 4858 quae
1559 4787 1653 4842 solent
1665 4786 1770 4858 aliquid
1782 4784 1809 4838 in
1824 4781 1857 4836 si-

221 4875 361 4947 extemplo
376 4874 467 4944 leatus,
491 4879 520 4930 et
534 4873 698 4929 consiliatus
720 4873 756 4929 ab
782 4874 844 4946 ipso
872 4875 1024 4931 recederet.
1067 4889 1154 4944 mum
1165 4875 1344 4946 subjectionis
1356 4876 1503 4932 annuatim
1518 4876 1600 4932 dictes
1625 4876 1754 4932 Ecclesia
1767 4873 1858 4929 redde·

220 4962 282 5033 Hic,
307 4963 426 5019 dilectus
446 4978 464 5016 a
490 4963 548 5018 Deo
564 4967 593 5017 et
606 4962 777 5031 hominibus,
795 4963 855 5034 regi
868 4964 1025 5034 Anglorum
1066 4979 1107 5031 re,
1121 4963 1210 5018 voluit
1221 4969 1253 5020 ut
1263 4966 1340 5037 prior
1349 4971 1452 5022 sanctae
1467 4965 1613 5020 Trinitatis
1631 4965 1668 5021 de
1683 4965 1856 5028 Bellomonte,

219 5052 341 5108 ilenrico
355 5051 476 5107 multum
487 5055 548 5106 erat
555 5050 711 5120 familiaris,
726 5053 896 5124 quieveram
911 5052 1025 5123 religio·
1065 5049 1094 5104 in
1107 5053 1330 5124 recognitionem
1341 5054 1532 5124 subjectionis,
1544 5053 1646 5109 reddat
1657 5053 1785 5110 Ecclesia
1799 5051 1859 5106 Bec-

218 5157 295 5210 nem,
311 5147 340 5198 et
353 5140 549 5198 admirandam
572 5140 750 5197 sanctitatem
766 5147 795 5196 et
822 5141 969 5197 consilium
983 5141 1025 5196 in·
1064 5141 1087 5196 ci
1098 5141 1134 5197 ad
1147 5142 1241 5198 minus
1252 5159 1338 5199 unam
1348 5143 1460 5198 unciam
1474 5145 1550 5202 auri.

217 5229 407 5305 comparabile
427 5227 595 5304 reperiebat.
609 5230 673 5298 Qui,
689 5230 756 5286 licet
769 5232 903 5286 continua
916 5247 1023 5302 preme·
1099 5233 1181 5287 Anno
1199 5231 1311 5287 Domini
1320 5232 1469 5288 millesime
1482 5233 1633 5289 contesimo
1650 5228 1858 5305 quadragesimo

216 5326 297 5376 retur
310 5319 486 5392 egritudine,
505 5323 602 5376 mmeu
630 5318 690 5392 ipse
712 5335 763 5392 per
777 5320 878 5388 Deum,
903 5319 960 5375 imo
978 5320 1023 5394 (ut
1062 5325 1149 5388 sexto,
1165 5321 1319 5393 incoeptum
1340 5321 1548 5393 estcapitulum
1569 5323 1734 5378 monasterii
1748 5321 1858 5376 Becoen-

216 5409 367 5481 eredimus)
380 5410 516 5482 Deuspro
530 5409 601 5481 ipso,
617 5407 714 5465 omnia
729 5408 887 5464 necessaria
900 5423 1020 5464 consen·
1061 5410 1099 5464 sis
1129 5409 1265 5478 Ecclesia,
1294 5409 1383 5482 pridie
1407 5412 1548 5469 Kalendas
1572 5412 1703 5482 Augusti,
1728 5411 1857 5482 prasente

252 5515 309 5584 (ll)
322 5515 407 5572 Deest
423 5515 540 5588 aliquid.
