3986 6184
188 321 221 378 le
676 317 708 371 B.
727 315 937 374 LANFRANGI
957 313 1135 374 CANTUAR.
1155 313 1324 369 ARCHIEP.
1786 316 1823 377 20

186 446 254 502 dam
269 445 310 500 sic
322 443 418 500 eiiusis
432 440 561 515 precibus
575 446 604 496 et
623 440 755 513 lacrymis
768 439 883 498 beatum
901 439 1204 505 illumABeccensium
1222 438 1358 494 abbatum
1378 443 1500 511 quatuor
1520 439 1647 513 priorum
1660 441 1733 500 Vita
1744 443 1822 518 (con-

185 535 370 591 virumaDeo
380 529 638 605 impetravit,etsuo
649 530 979 603 monasterioacquisivit,
1023 529 1097 585 salto
1111 529 1143 584 B.
1159 529 1286 586 Anselmi
1300 528 1400 596 Viam,
1417 534 1515 602 utpote
1521 531 1666 588 multoties
1679 548 1820 603 excusam,

186 627 327 698 quatenus
335 619 480 677 coenobitoe
491 619 628 674 institutis
638 619 801 675 monasticis
811 619 914 675 instrui
922 635 983 692 pos-
1023 619 1277 691 praetermisimus)
1310 617 1427 690 perinde
1460 624 1547 692 etque
1581 619 1658 676 illins
1686 622 1818 678 chronici

185 718 251 770 sent
265 711 347 767 abeo
361 711 452 781 iisque
468 713 603 781 perpetuo
613 708 847 777 adhaerescerent
860 709 984 782 produnt
1024 707 1250 763 Commentarius
1262 726 1268 776 ;
1282 707 1369 764 malui
1380 724 1504 780 namque
1511 708 1822 784 integrasedere,quam

185 801 216 856 id
240 801 326 856 etiam
349 798 498 870 utriusque
522 797 589 852 Vita
607 801 635 852 et
652 797 812 854 chronicon
832 799 981 864 Bonnense,
1024 797 1103 853 varia
1123 797 1282 870 fragmenta
1304 797 1543 854 observationibus
1556 799 1662 855 nostris
1684 799 1820 869 insuers3

186 905 297 946 necnon
307 893 336 944 et
347 886 449 943 scholis
464 887 606 942 doctorem
616 886 806 942 Laniraacum
816 886 845 941 in
859 887 912 942 hoc
925 903 984 942 mo·
1025 887 1106 942 sicuti
1131 885 1302 958 jampridem
1326 887 1356 942 in
1377 887 1436 943 suis
1455 887 1491 942 ad
1504 887 1637 959 epistolas
1651 889 1683 943 B.
1697 890 1825 946 Anselmi

186 979 310 1036 nasterio
332 977 487 1051 prefuisse,
510 979 595 1048 etque
613 976 649 1030 ad
669 975 762 1048 ipsum
779 991 836 1032 non
858 993 938 1032 secus
951 992 984 1030 ac
1025 975 1254 1031 adnotationibus
1271 975 1533 1048 prestititioannes
1547 977 1682 1034 Picardus
1691 979 1720 1034 S.
1737 979 1826 1045 Quin-

184 1069 345 1124 littererum
358 1067 577 1122 instauratorem
591 1081 624 1119 cx
637 1065 769 1120 universa
781 1065 985 1138 propemodum
1024 1065 1077 1120 tini
1092 1065 1267 1120 Belvacensis
1281 1065 1432 1121 canonicus
1446 1066 1595 1136 regularis,
1612 1067 1648 1122 de
1662 1067 1730 1122 viris
1746 1067 1824 1124 litta-

189 1156 290 1224 Gallia,
307 1155 417 1226 anglia,
434 1154 517 1210 Italia
531 1159 560 1209 et
570 1153 722 1209 Germania
735 1155 864 1210 domnos
878 1155 985 1211 conflu—
1025 1153 1105 1221 ratis,
1134 1152 1202 1209 dum
1229 1152 1345 1220 viveret,
1366 1157 1395 1207 et
1417 1157 1482 1224 post
1508 1153 1617 1224 funera,
1637 1153 1743 1228 optime
1762 1170 1825 1212 me-

186 1245 269 1302 xisse.
286 1246 325 1300 Er
336 1244 382 1313 iis,
396 1259 480 1315 quam
495 1242 614 1298 feliciter
623 1243 750 1300 societati
763 1243 912 1314 religiosae,
923 1259 984 1316 que
1026 1242 1107 1298 ritus.

186 1335 321 1409 pietatem
337 1347 415 1405 aeque
430 1331 624 1387 nescientiam
641 1333 751 1402 excolit,
772 1333 870 1388 etacri
890 1332 983 1388 studio
1060 1332 1154 1386 Vitam
1184 1331 1212 1387 S.
1234 1330 1386 1402 Augustini
1410 1331 1565 1402 Anglorum
1588 1333 1718 1405 apostoli,
1739 1335 1823 1407 primi

185 1423 280 1480 adeas
294 1421 488 1494 adipiscendas
502 1421 629 1476 animum
641 1421 766 1493 appellit,
779 1438 825 1476 res
834 1422 984 1478 succedere
1026 1420 1238 1476 Cantuariensis
1252 1419 1453 1492 archiepiscopi
1464 1425 1492 1476 et
1501 1421 1588 1476 tritius
1598 1423 1750 1480 Britannia
1765 1424 1823 1496 pri·

185 1512 305 1580 soleant,
321 1511 451 1581 colligere
466 1515 526 1578 est;
544 1509 684 1564 inhabitat
698 1511 774 1565 enim
796 1515 857 1565 tum
871 1511 983 1582 sapien·
1026 1510 1119 1576 matis,
1141 1527 1174 1566 ex
1195 1509 1284 1564 ruinis
1305 1509 1444 1580 predicte
1466 1508 1641 1566 bibliothece
1667 1518 1696 1567 et
1709 1514 1823 1585 pulvere

184 1603 356 1675 tiaquacum
370 1598 803 1670 veniuntpsriteromniahona.
1025 1605 1160 1670 ereptam,
1182 1597 1366 1670 publicamus,
1388 1598 1614 1671 quandoquidem
1635 1617 1678 1668 ea,
1698 1603 1734 1658 ad
1754 1619 1822 1674 pro·

221 1691 260 1747 ax
271 1690 372 1746 Codice
382 1703 537 1761 papyraceo
549 1688 718 1743 chronicum
728 1688 804 1744 istud
822 1694 983 1763 excerptum
1024 1686 1148 1743 bandum
1171 1687 1382 1743 cantuariensis
1396 1687 1524 1743 Ecclesia
1535 1689 1687 1760 primatum
1702 1691 1731 1746 in
1746 1691 1821 1748 Ebo-

186 1783 238 1842 est;
249 1778 318 1833 adeo
325 1776 625 1832 scilicetcontaminate
636 1777 893 1844 exaratum,ut,nisi
899 1782 1178 1849 quan-Braoensem,
1206 1775 1359 1848 saepissime
1381 1775 1453 1831 foret
1467 1777 1663 1848 producenda;
1687 1781 1820 1852 scriptam

186 1873 216 1924 to
227 1865 295 1941 [viru
307 1867 387 1938 E.P.]
396 1866 465 1921 dicit
475 1870 568 1938 potest
575 1866 671 1921 labore
682 1869 714 1920 oc
724 1867 807 1921 taedio
817 1867 872 1937 legi
883 1867 986 1922 descri-
1025 1870 1120 1922 summ
1135 1865 1170 1920 ab
1184 1865 1350 1921 amanuensi
1369 1867 1401 1921 B.
1426 1867 1581 1923 Lanfranco
1595 1883 1726 1942 compare
1748 1869 1822 1926 indi-

185 1957 269 2028 bique
283 1955 416 2028 potuerit.
435 1955 544 2010 Mandis
554 1954 688 2022 scatebat,
705 1954 859 2010 dictionum
871 1961 983 2010 contra·
1024 1959 1090 2010 cont
1103 1955 1289 2010 characteres.

187 2046 293 2100 stiones
307 2042 461 2116 percrebrae
475 2048 503 2098 et
517 2042 652 2109 obscure,
669 2047 753 2115 atque
775 2044 886 2100 inversa
899 2044 984 2099 verba
1061 2043 1217 2099 Novissime
1239 2043 1386 2116 appendici
1404 2061 1459 2101 non
1483 2045 1613 2118 indignos
1635 2046 1707 2115 luce,
1732 2063 1823 2120 neque

184 2135 297 2190 inerant
308 2133 405 2204 plura;
422 2148 477 2203 quo
492 2132 596 2186 sanum
607 2135 650 2186 est
664 2131 793 2187 utinobis
805 2133 910 2205 passim
922 2133 985 2190 sue·
1026 2128 1106 2189 ertia
1131 2149 1191 2187 rem
1219 2137 1358 2190 tractatus
1383 2135 1454 2190 duos
1477 2136 1518 2190 De
1542 2135 1718 2192 eucharistiae
1732 2153 1824 2194 sucru-

185 2223 225 2279 rit
239 2221 723 2293 conjecturisutendum.0ertu1net
733 2222 777 2276 sui
787 2221 907 2278 similem
917 2223 981 2277 scri·
1026 2227 1122 2277 mento
1135 2226 1234 2276 contra
1246 2222 1457 2292 Berengarium,
1471 2222 1605 2278 duximus
1627 2225 1821 2296 apponendos3

187 2311 271 2368 bendi
286 2311 401 2365 modum
416 2315 516 2366 auctor
529 2325 585 2364 non
602 2308 696 2376 habet,
712 2310 760 2364 sed
772 2312 876 2383 stylum
893 2315 986 2367 mutat
1025 2311 1128 2366 horum
1142 2315 1272 2365 auctores
1287 2319 1353 2365 sunt
1368 2313 1449 2382 Hugo
1464 2311 1648 2383 Lingonensis
1664 2313 1821 2386 episcopus,

187 2401 317 2468 subinde,
335 2399 491 2473 praesertim
515 2400 551 2455 ad
566 2416 618 2454 sua
632 2416 721 2471 usque
734 2404 880 2472 tempora:
897 2401 984 2471 (velut
1026 2405 1055 2456 et
1069 2401 1219 2456 Ducendas
1240 2399 1333 2456 Abbas
1350 2401 1544 2468 Troarnensis,
1561 2401 1643 2457 ambo
1662 2401 1738 2458 beati
1751 2405 1824 2462 Lan-

184 2489 346 2562 inspicienti
365 2488 513 2559 constabit)
539 2489 629 2544 multa
648 2489 722 2544 enirn
738 2505 770 2544 ex
785 2491 840 2545 BB.
857 2489 985 2545 Herluiui
1025 2489 1113 2544 banci
1128 2489 1297 2562 synchroni;
1312 2489 1361 2561 qui
1377 2489 1524 2545 fortissimi
1538 2489 1666 2546 Ecclesiae
1679 2492 1823 2561 catholicae

186 2585 215 2635 et
226 2579 375 2634 hennensi
398 2583 483 2650 etque
500 2577 634 2632 ahbatum
649 2577 838 2633 Beccensium‘
848 2577 935 2650 gestis
949 2577 984 2633 ad
1026 2579 1129 2634 milites
1151 2577 1203 2633 sub
1218 2578 1316 2634 eodem
1338 2577 1435 2636 labaro
1449 2579 1629 2647 dimicarunt,
1645 2580 1720 2636 idem
1735 2581 1824 2636 iniere

187 2667 303 2724 verbum
316 2667 502 2730 emendicata,
517 2667 613 2739 paucis
627 2667 778 2739 aliquando
793 2667 889 2722 recisis
903 2667 984 2723 addi·
1025 2673 1178 2732 certamen,
1203 2667 1333 2723 eumdem
1351 2669 1460 2724 bostem
1480 2669 1606 2740 aggressi
1621 2675 1689 2725 sunt
1703 2674 1733 2725 et
1754 2669 1824 2726 vice-

185 2757 264 2824 tisve,
281 2757 421 2829 expilavit.
443 2756 597 2813 Consilium
613 2762 674 2812 erat
691 2757 720 2811 id
735 2757 867 2812 chronici
886 2757 985 2829 pingui
1024 2762 1100 2814 runt.
1117 2758 1158 2822 De
1171 2758 1290 2829 Hugone
1304 2761 1333 2813 et
1354 2757 1487 2813 Duraudo
1505 2758 1669 2815 testimonis
1685 2759 1715 2815 in
1730 2759 1824 2817 bonta

187 2847 321 2915 Minerva,
343 2850 376 2901 ut
392 2846 482 2912 aiunt,
507 2846 744 2920 consarcinatum,
770 2851 798 2901 et
820 2846 865 2901 sui
891 2848 984 2903 seculi
1025 2848 1161 2919 cujusque
1182 2847 1274 2918 operis
1299 2847 1478 2919 prebuimus,
1500 2846 1561 2903 vide
1575 2847 1600 2904 si
1613 2842 1701 2904 lubet.
1727 2849 1825 2906 Fuerit

186 2936 316 2992 barbaric
336 2935 515 3008 inquinatam
534 2935 700 3008 elegantiori
715 2937 787 3008 stylo
800 2936 982 2991 concinnare:
1027 2936 1252 3008 operaepretium
1267 2937 1464 3010 tantummodo
1477 2937 1549 2992 scire
1561 2938 1665 3005 locum,
1682 2937 1740 3012 qui,
1755 2955 1821 3011 pag.

186 3041 283 3080 verum
298 3024 333 3079 ab
353 3025 406 3080 hoc
428 3025 572 3098 proposito
592 3025 685 3092 amici,
705 3025 757 3079 viri
777 3025 941 3094 doctissimi,
958 3029 987 3080 et
1029 3023 1090 3090 102,
1105 3025 1138 3080 D.
1154 3025 1194 3080 sic
1208 3025 1317 3096 incipit:
1335 3027 1408 3081 daus
1416 3029 1510 3096 ponis,
1527 3043 1618 3082 anam
1631 3044 1738 3098 corpus,
1755 3033 1821 3096 etc,

187 3114 365 3186 antiquitatis
388 3119 530 3170 amatores
550 3119 741 3182 removerunt,
762 3114 836 3185 quod
851 3101 1014 3169 historicass
1026 3125 1135 3170 exstare
1150 3114 1224 3186 apud
1242 3115 1483 3170 sanctumBedam
1505 3115 1536 3171 in
1550 3117 1562 3172 1
1577 3116 1704 3172 Corinth.
1724 3135 1750 3184 ι,
1767 3117 1822 3172 mi·

185 3203 289 3258 verius
304 3209 333 3258 et
345 3219 391 3258 res
405 3203 508 3273 ignota
520 3218 576 3257 non
590 3207 766 3267 ornamenta,
776 3218 831 3256 non
847 3201 986 3256 lenocinia
1026 3203 1102 3258 nime
1117 3219 1182 3258 vero
1196 3203 1270 3275 apud
1291 3203 1324 3258 D.
1340 3204 1530 3274 Augustinum
1545 3223 1552 3274 ς
1572 3206 1686 3260 tametsi
1704 3221 1766 3278 quae
1781 3223 1824 3262 se-

186 3291 335 3347 verborum
354 3291 384 3345 in
397 3290 474 3344 hisce
488 3290 678 3346 monumentis
699 3289 899 3344 desiderarent.
914 3291 987 3346 Prae-
1027 3296 1151 3362 quuntur
1164 3291 1249 3347 verbo
1258 3292 1384 3364 proxime
1394 3299 1458 3365 post
1472 3295 1612 3362 eumdem,
1626 3294 1730 3362 locum,
1743 3295 1827 3350 nimi·

187 3384 268 3435 terea
285 3395 348 3434 ctum
363 3385 462 3434 auctor
476 3379 523 3433 ille
537 3378 661 3433 maxima
675 3383 755 3449 parte
770 3395 803 3433 ex
814 3378 985 3450 chartophy-
1027 3395 1089 3436 rum
1102 3380 1138 3436 ab
1152 3380 1203 3436 iis:
1220 3380 1322 3450 Siquis
1333 3384 1547 3438 manducaverit
1560 3399 1592 3438 ec
1602 3384 1650 3438 boc
1661 3399 1743 3453 ponc,
1756 3388 1823 3450 etc,

187 3469 259 3524 lacio
273 3468 405 3523 Beccensi
418 3471 573 3534 recenseat,
590 3483 674 3523 causa
693 3473 736 3522 est
751 3484 801 3522 cur
821 3467 891 3522 nihil
906 3484 985 3540 pror·
1026 3474 1148 3525 tractatu
1163 3468 1198 3526 tt
1212 3470 1340 3542 ejusdem
1360 3471 1510 3543 Augustini
1524 3471 1552 3526 in
1568 3473 1715 3538 ioannem,
1729 3472 1824 3544 legere

189 3575 237 3613 sus
248 3557 500 3613 immutaverimus.
518 3557 635 3612 Brevem
647 3557 785 3614 Chronico
800 3556 982 3628 appendicem
1026 3564 1077 3613 est.
1093 3559 1152 3614 Hoc
1172 3563 1268 3615 nostro
1290 3559 1478 3632 qualicunque
1499 3560 1594 3617 labore
1607 3561 1711 3628 fruere,
1727 3561 1825 3616 chris·

86 3649 89 3656 ’
190 3645 370 3718 subjecimus,
387 3663 442 3718 quo
465 3651 526 3702 tota
546 3645 667 3702 coenobii
691 3646 837 3701 Beccensis
851 3645 984 3701 abbatum
1026 3647 1102 3703 tiana
1117 3649 1215 3718 lector,
1230 3654 1258 3704 et
1272 3649 1333 3704 vale
1349 3649 1380 3704 in
1398 3650 1527 3718 Domino,
1546 3652 1591 3708 cui
1614 3651 1667 3707 soli
1689 3652 1825 3710 honoret

188 3736 276 3792 series
287 3736 384 3792 lectori
399 3735 587 3792 exhiberetur.
1026 3737 1117 3808 gloria
1132 3737 1317 3794 maternum.
1331 3739 1432 3794 Amen.

222 3826 332 3882 Additae
346 3830 421 3894 sunt,
436 3825 598 3882 eorumdem
608 3825 762 3915 amicorum
777 3825 983 3893 adhortatione,

466 4152 674 4284 VITA
723 4151 984 4281 BEATl
1035 4149 1537 4284 LANFRANCI

684 4380 982 4446 ancuiuelscoet
1004 4381 1323 4444 CANTUARIENSIS

347 4545 494 4611 Auctore
527 4545 831 4625 blraona-Cnrsmno,
868 4545 1037 4611 monacho
1072 4551 1106 4610 et
1137 4549 1276 4610 cantore
1304 4545 1476 4624 Beccensi,
1508 4545 1659 4628 subpari.
1756 4614 1759 4624 ,

627 4713 771 4783 (Moeram,
786 4712 856 4770 Actu
869 4712 917 4770 SS.
937 4715 1003 4770 Orci.
1017 4712 1045 4768 S.
1062 4715 1104 4781 n,
1119 4727 1183 4769 saec.
1198 4713 1247 4781 Vi,
1265 4727 1330 4785 pars
1344 4711 1391 4785 11.)

691 4944 1091 5020 OBSERVATIONES
1116 4944 1345 5022 PRAEVIAE.
1452 5009 1457 5014 .

231 5097 254 5150 l.
271 5095 337 5152 Milo
348 5097 502 5151 naonachus
512 5100 540 5151 et
553 5101 651 5151 carator
661 5094 987 5163 Beccensisrnonasterii,
997 5102 1021 5161 1)
1031 5103 1119 5163 rente,
1136 5114 1199 5152 cum
1208 5097 1336 5169 pluribus
1344 5096 1407 5153 aliis
1420 5097 1524 5154 audivi.
1537 5117 1548 5150 ι
1561 5097 1657 5165 Porro,
1667 5095 1720 5152 etsi
1733 5097 1827 5170 ipsum

194 5185 990 5257 exnobilicrispinorumfamilioortus,dequainobsorva·
1030 5191 1095 5242 ante
1121 5186 1269 5242 Laniranci
1293 5186 1402 5243 obitum
1416 5187 1445 5242 in
1460 5187 1528 5242 vivis
1542 5187 1629 5243 faisse
1644 5203 1700 5242 non
1714 5187 1825 5244 dubite-

194 5276 318 5334 tionibus
333 5275 368 5330 ad
380 5275 455 5331 beati
467 5275 593 5330 Herluini
602 5276 694 5331 Vitam
706 5275 825 5346 egimus,
834 5275 909 5330 beati
919 5275 990 5329 Lan·
1031 5292 1103 5342 mus,
1119 5276 1270 5331 uerisimile
1286 5281 1381 5332 tauma
1401 5282 1443 5332 est
1452 5276 1487 5332 ab
1501 5293 1534 5332 eo
1549 5277 1737 5333 Lonirancum
1751 5294 1825 5335 utun·

194 5367 282 5422 franci
297 5366 390 5420 Vitam
405 5365 506 5420 litteris
523 5365 673 5420 mandavit.
689 5365 755 5434 Ejus
768 5369 880 5419 aetatem
890 5382 922 5418 ex
937 5364 990 5419 hac
1031 5381 1116 5436 quam
1130 5365 1219 5420 visum
1231 5364 1326 5434 fuisse,
1339 5366 1413 5438 quod
1425 5367 1529 5436 exejus
1543 5366 1659 5438 prologo
1674 5367 1826 5439 petet„ubi

194 5457 255 5528 ipse
268 5457 330 5510 Vita
340 5455 508 5524 colligimus
520 5453 568 5508 ubi
585 5454 675 5525 capite
692 5453 854 5525 ti,loquens
867 5453 901 5508 dc
914 5452 989 5508 beriti
1031 5454 1071 5508 ait
1084 5470 1114 5508 ae
1129 5470 1163 5508 ea
1177 5471 1238 5526 quac
1252 5460 1417 5510 narraturus
1433 5459 1476 5510 est
1497 5471 1530 5510 ex
1551 5456 1677 5511 Herluini
1699 5455 1763 5512 Vitu
1778 5473 1827 5512 cx·

195 5543 344 5601 Laubuaci
360 5544 487 5609 diacono,
504 5543 551 5614 qui
567 5560 582 5597 a
597 5543 723 5597 daenaonc
737 5548 866 5614 arreptus
886 5543 987 5609 iuerat,
1030 5543 1174 5613 carpsisse,
1193 5547 1243 5599 aut
1256 5549 1331 5598 certe
1354 5561 1387 5599 ex
1409 5543 1445 5598 iis
1468 5561 1530 5616 quae
1551 5565 1562 5598 r
1587 5545 1826 5602 euenerabilibus

196 5635 236 5690 sic
249 5631 334 5689 habet
347 5651 371 5688 :a
386 5634 454 5701 lloc,
470 5633 552 5688 beato
563 5632 695 5693 Ansclrno
710 5633 907 5705 archipraesule
921 5631 990 5688 rese·
1030 5649 1062 5688 ac
1082 5633 1227 5690 veracibus
1242 5633 1309 5690 viris
1330 5633 1476 5704 audierat3
1509 5655 1522 5690 a
1543 5640 1573 5692 et
1599 5637 1683 5709 paulo
1707 5635 1826 5694 inferius
