3856 6176
89 228 123 284 ar
526 227 691 286 DECRETA
709 226 781 284 PRO
801 227 939 288 ORDINE
958 235 987 290 S.
1011 233 1212 290 BENEDIOTI.
1634 236 1687 294 48⁵2

88 353 133 407 nica
143 348 235 404 asuri
247 349 345 420 possit,
363 355 453 406 toturn
468 352 614 408 servitium
633 351 731 418 noctis,
750 356 779 406 et
790 351 877 416 dieiA
889 372 972 424 sopa3
996 357 1075 412 finito
1089 355 1163 428 quod
1178 359 1317 422 cantatur,
1328 361 1435 428 surgat,
1452 358 1520 414 etsi
1537 358 1683 430 episcopus

89 441 197 494 desancto
209 443 307 508 agatur
318 458 325 506 3
338 439 423 496 missa
432 447 545 497 tantum
558 441 733 496 matutinaiis
748 441 781 495 de
796 443 849 496 Du·
890 446 995 517 estqui
1009 445 1172 516 suscipitur,
1192 446 1360 515 postdatam
1374 446 1599 502 benedictionem
1606 464 1684 502 oscu·

87 528 163 583 roiaica
175 527 294 594 dicatum
311 529 427 584 tertium
437 531 512 585 enirn
524 537 692 586 nocturnum
702 530 737 584 de
751 530 849 584 Domi·
890 533 965 589 letur
977 551 1075 589 omnes
1090 535 1190 588 fratres
1205 549 1255 604 per
1264 535 1401 589 ordinem.
1410 535 1524 590 Fratres
1531 552 1608 603 vero,
1618 537 1685 607 quia

88 618 132 671 rica
143 616 180 670 die
196 631 335 686 nunquam
350 618 413 683 erit,
428 619 483 674 nisi
498 618 686 690 precedentis
700 619 756 674 duo
770 619 804 673 de
815 635 849 674 ea
889 623 982 679 induti
998 627 1072 687 sunt,
1089 639 1145 677 non
1157 623 1272 676 flectant
1284 639 1377 692 genua
1391 631 1457 679 ante
1472 641 1547 690 eum,
1559 625 1630 679 sieut
1643 641 1686 678 so-

86 708 143 760 lant.
891 711 950 766 lent
963 711 1054 766 facere
1067 727 1130 766 cum
1144 712 1308 764 osculantur
1316 712 1475 783 episopum
1487 713 1530 768 vel
1542 711 1682 777 abbatem,

110 795 133 848 ln
145 793 261 848 omnibus
271 793 425 850 Dominicis
432 794 541 862 diebus,
551 802 579 851 et
593 797 622 851 in
637 797 729 867 prima
737 795 782 851 die
792 798 848 852 Do·
889 800 932 854 vel
946 799 1101 871 principem
1124 805 1214 865 terra,
1238 799 1285 853 sed
1306 799 1452 864 humiliter
1465 801 1631 856 inclinantes
1654 816 1685 856 se

89 883 173 938 rainice
185 882 341 938 Nativitatis
356 885 391 939 ad
408 886 543 955 majorem
557 885 672 941 missam
682 891 803 953 tentum,
820 893 849 942 et
889 887 1230 958 procedaatadesculum
1246 888 1316 957 ejus.
1415 942 1425 952 ,

86 972 104 1024 in
116 971 151 1026 die
158 970 299 1026 Dominicse
314 973 549 1040 Circumcisionis‚
563 981 592 1029 et
601 974 765 1047 Epiphania,
779 982 808 1030 et
817 975 848 1031 in
925 977 953 1032 Si
967 976 1121 1047 spiritualis
1140 991 1260 1048 persona
1279 976 1364 1030 fuerit
1391 982 1419 1031 et
1443 977 1529 1032 abbas
1554 979 1685 1050 expedire

85 1060 152 1130 prima
164 1059 203 1114 die
212 1061 349 1132 paschalis
363 1063 558 1129 solemnitatis
568 1063 633 1118 etin
644 1063 690 1118 die
702 1065 849 1120 llscensio·
889 1063 1062 1128 indicaverit,
1089 1063 1233 1119 devestitis
1265 1063 1409 1132 fratribus,
1438 1071 1466 1120 et
1489 1066 1519 1120 in
1549 1067 1682 1138 capitulo,

85 1149 122 1214 nis,
143 1153 167 1202 et
187 1148 213 1202 in
232 1147 325 1220 prima
339 1149 385 1205 die
401 1151 588 1216 pentecostes,
606 1158 635 1207 et
652 1152 682 1206 in
697 1151 847 1220 festivitate
888 1153 961 1208 sicut
984 1153 1083 1220 solent,
1101 1152 1320 1218 considentibus
1335 1154 1455 1208 ducatur
1472 1154 1539 1209 illuc
1552 1155 1685 1226 praedicta

85 1235 186 1290 Omnium
202 1235 378 1305 Sanctorum,
394 1245 423 1292 et
437 1239 465 1292 ila
479 1239 660 1294 Dedicatione
675 1241 807 1306 eeclesia,
820 1247 847 1295 et
888 1259 1020 1314 persona,
1035 1247 1071 1298 et,
1090 1242 1179 1313 petita
1192 1241 1396 1306 benedictione,
1418 1243 1529 1314 legatur
1543 1249 1608 1298 ante
1622 1261 1684 1300 eam

83 1323 227 1380 inomnibus
261 1326 461 1382 festivitatibus
483 1327 571 1384 beatae
591 1329 696 1395 Maria,
710 1335 739 1384 et
759 1329 787 1384 in
803 1330 848 1386 die
889 1330 970 1385 lectio
991 1331 1100 1404 divina;
1121 1346 1177 1401 qua
1192 1330 1272 1384 imita
1290 1347 1354 1385 cum
1379 1333 1418 1384 Tu
1439 1334 1683 1400 celerationem,

83 1412 190 1480 passienis
202 1415 394 1484 apestolorum
414 1417 490 1471 Petri
507 1423 535 1472 et
549 1419 638 1484 Pauli,
655 1423 683 1472 et
696 1418 725 1472 in
740 1419 848 1474 caeteris
889 1435 1050 1473 sermonem
1066 1419 1089 1474 si
1099 1418 1220 1472 veluerit
1231 1418 1265 1473 de
1276 1436 1310 1472 ea
1321 1418 1414 1474 faciat.

82 1500 244 1556 festivitatibus
258 1503 381 1559 aliorum
395 1506 596 1576 apostolorum,
612 1507 721 1561 dicatur
736 1508 771 1562 ad
785 1525 848 1562 rna·
924 1508 953 1562 Si
965 1507 1050 1562 abbas
1065 1507 1150 1562 fuerit
1159 1507 1207 1577 qni
1219 1507 1378 1578 suscipitur,
1396 1513 1461 1563 ante
1480 1508 1628 1564 introitum
1642 1525 1686 1564 oa·

79 1589 147 1656 jerem
160 1581 266 1645 missam
282 1594 367 1648 Crede
381 1596 415 1648 in
428 1611 518 1648 arnam
532 1597 628 1650 Deum.
646 1597 717 1650 Nam
734 1596 769 1650 ad
784 1613 846 1652 ma·
888 1596 970 1665 pituli
983 1597 1159 1666 egredientes
1172 1597 1271 1650 fratres
1286 1598 1437 1652 osculetur.
1454 1597 1482 1652 Si
1496 1614 1561 1652 vere
1575 1599 1685 1670 capitu·

81 1677 196 1732 tatinalem
209 1680 323 1736 missam
337 1681 367 1736 in
381 1689 676 1756 couventanunquam
690 1685 803 1740 dicitur.
854 1667 947 1738 Blnm
972 1701 1029 1739 non
1055 1684 1211 1748 intraverit,
1237 1691 1348 1740 servata
1370 1686 1540 1756 competenti
1561 1686 1632 1740 hora
1654 1687 1683 1742 in

128 1769 211 1824 sano
226 1770 289 1825 llll.
305 1797 338 1809 -
349 1773 603 1840 deceptiaporsona
615 1776 791 1843 principalis.
889 1774 1012 1828 claustro
1027 1773 1170 1828 osculetur
1179 1789 1236 1829 eos.

105 1856 198 1920 Quoties
207 1858 368 1930 disponitur
378 1865 412 1914 ut
424 1859 520 1932 aliqua
538 1877 658 1932 persona
669 1878 732 1917 cum
747 1863 847 1918 festiva
1207 1861 1323 1918 CAPUT
1336 1861 1371 1916 ll.

79 1947 220 2014 procssione
231 1948 411 2020 suscipiatur,
421 1954 555 2020 tangatur
564 1955 608 2005 ter
625 1951 745 2007 breviter
757 1968 846 2008 unam
1207 1952 1360 2004 flectente.

79 2033 102 2086 le
113 2035 247 2106 mej0ribns
256 2037 356 2108 signis,
372 2045 404 2093 ut
418 2039 471 2094 hoc
484 2039 564 2110 signe
576 2041 844 2096 conveniantomnes
919 2037 1013 2094 Abbas
1023 2055 1087 2094 cum
1102 2038 1224 2110 eligitur,
1241 2054 1338 2092 onmes
1352 2038 1462 2105 fratres,
1482 2039 1525 2094 vel
1547 2041 1638 2111 major
1652 2047 1681 2096 et

79 2121 341 2182 tratresinerclesiam
352 2128 387 2182 ad
397 2128 569 2183 induendum
579 2130 843 2186 se.Etcumomnes
885 2127 984 2181 melior
1000 2145 1075 2200 pars,
1089 2127 1117 2182 in
1132 2128 1193 2199 eius
1207 2127 1373 2183 electionem
1390 2129 1549 2183 consentire
1566 2128 1680 2186 debent.

80 2213 149 2282 cippis
162 2215 246 2270 induti
262 2215 378 2282 suerint,
391 2217 415 2271 si
428 2221 508 2271 tanta
526 2235 678 2290 capparum
693 2218 773 2290 copia
788 2225 840 2283 est,
883 2215 994 2270 Electus
1001 2221 1094 2271 autem
1102 2217 1125 2271 si
1134 2217 1682 2285 extramoaasteriumconsecratur,eum

77 2303 212 2368 sutmsulis
225 2309 257 2358 et
269 2305 439 2374 dalmaticis,
454 2306 477 2360 si
492 2322 586 2377 cappae
600 2306 703 2372 desint,
721 2312 749 2360 et
761 2307 842 2379 pueri
882 2305 999 2360 redierit
1008 2306 1358 2377 curnfestivaprocessiene
1367 2306 1681 2377 suscipiatur.lpsevero

76 2389 159 2454 turricis,
169 2399 329 2465 exspectent
338 2395 469 2448 sedentes
481 2395 510 2448 in
525 2395 620 2460 choro,
641 2395 729 2450 donec
744 2412 841 2467 proce-
882 2393 912 2446 ia
927 2399 1046 2465 utraque
1058 2395 1180 2450 statione
1193 2399 1350 2466 prostratus
1360 2396 1463 2465 jaceat.
1482 2395 1575 2451 Finito
1593 2401 1678 2451 cantu

74 2476 130 2532 lant.
144 2481 311 2537 Secretarias
325 2482 439 2538 interim
454 2484 585 2538 extendat
596 2500 684 2540 unum
705 2489 839 2556 tapetem,
883 2482 1012 2537 secunda
1027 2482 1166 2550 stationis,
1183 2482 1339 2554 episcopas,
1355 2482 1378 2536 si
1393 2483 1482 2551 adest,
1503 2483 1547 2538 vel
1571 2483 1682 2555 legatus

75 2573 94 2618 et
103 2567 204 2640 desuper
216 2572 335 2644 pallium
345 2575 509 2643 antemajus
519 2574 608 2628 altare
619 2589 705 2644 snper
718 2573 841 2645 priorem
882 2571 943 2639 ejus
957 2569 986 2624 in
1001 2571 1060 2626 loco
1075 2577 1103 2625 et
1125 2571 1245 2625 statione
1265 2570 1373 2625 abbatis
1397 2589 1461 2626 eum
1484 2576 1599 2628 statuat.
1620 2573 1681 2638 Quo

72 2655 172 2722 pradum,
183 2661 517 2716 etsimiliterfaciatante
527 2663 694 2716 cruxifixum
705 2662 734 2716 in
748 2662 840 2717 medie
882 2663 996 2725 statuto,
1011 2659 1034 2721 si
1049 2659 1195 2730 episcopus
1215 2658 1302 2724 abest,
1318 2659 1435 2730 incipiat
1449 2661 1526 2730 prior
1542 2663 1574 2716 l'e
1592 2663 1680 2716 licam

74 2742 187 2803 talesia:
209 2749 253 2804 lris
283 2750 404 2820 peractis
421 2767 485 2805 eum
508 2751 661 2805 indicatum
684 2751 771 2806 fuerit
783 2751 842 2820 jam
885 2749 1043 2815 territamur,
1058 2747 1213 2819 quoddam
1228 2749 1679 2812 cantantacccdantomnesfra·

72 2837 739 2911 prepeadessepersenam‚pulsenturduomajora
751 2839 842 2910 signa.
884 2841 951 2900 tres,
974 2835 1046 2891 sicut
1066 2841 1132 2891 surrt
1153 2836 1269 2907 priores,
1285 2836 1319 2890 ad
1336 2837 1462 2890 osculum
1481 2837 1552 2907 ejus,
1568 2837 1611 2892 bis
1634 2840 1682 2892 llc·

95 2922 157 2979 Tunc
169 2926 253 2998 aliqui
271 2928 472 2999 demajoribus
487 2927 739 3000 accipiantaquam
756 2927 844 2984 bene·
885 2929 992 2980 etentes
1006 2941 1108 2996 genua,
1126 2925 1212 2980 semel
1225 2929 1290 2980 ante
1305 2926 1440 2990 osculum,
1457 2929 1486 2980 et
1505 2927 1592 2980 semel
1617 2932 1681 2997 post

14 3071 15 3076 ἵ
73 3009 160 3077 dictam,
175 3021 201 3069 et
217 3021 322 3071 caetera
340 3034 401 3088 quse
425 3017 460 3072 ad
484 3017 612 3072 festivam
635 3016 841 3087 processionem
885 3013 1021 3069 osculum.
1035 3015 1072 3067 Er
1087 3013 1135 3068 illa
1149 3013 1193 3068 elie
1209 3013 1322 3068 inomni
1332 3013 1392 3068 loco
1403 3013 1538 3084 singulari
1554 3031 1681 3070 rereren·

73 3102 153 3166 portari
165 3105 270 3172 soleat3
284 3105 336 3159 hos
347 3105 534 3174 praecedentes
544 3105 802 3177 sequanturabbas,
815 3112 845 3161 et
884 3102 925 3156 tia
940 3102 1120 3158 honorandus
1131 3108 1185 3157 est.

72 3191 149 3256 reteri,
164 3197 193 3246 ut
205 3197 275 3248 sunt
295 3193 415 3265 priores.
440 3195 524 3249 Pueri
548 3211 612 3249 cum
628 3194 770 3266 magistris
785 3194 843 3250 suis
920 3190 952 3244 ln
967 3190 1058 3262 primo
1074 3190 1196 3262 capitulo
1221 3189 1269 3245 ubi
1291 3190 1405 3258 sederit,
1421 3191 1582 3263 omnesqui
1604 3191 1680 3248 intra

71 3281 160 3334 artemi
171 3283 294 3347 veniant,
310 3287 339 3336 et
352 3282 380 3336 in
395 3283 493 3338 ordine
505 3299 556 3338 suo
570 3289 647 3338 stent
657 3283 730 3338 inter
744 3283 843 3338 cheros
884 3280 1087 3335 monasterium
1103 3279 1277 3335 obedientias
1291 3279 1407 3350 habent,
1419 3285 1448 3334 et
1459 3298 1506 3335 res
1517 3281 1681 3336 monasterii

72 3363 128 3428 laos,
139 3385 197 3424 com
216 3371 391 3426 factaluerit
405 3372 489 3426 statio
504 3371 540 3426 ad
558 3373 764 3445 susceptionem
782 3389 843 3444 per·
884 3373 1004 3432 serrant,
1022 3385 1138 3424 suarum
1157 3369 1381 3424 obedientiarum
1403 3369 1493 3424 claves
1512 3375 1577 3425 ante
1595 3371 1680 3442 pedes

71 3457 206 3520 ababuc
220 3475 288 3514 cum
299 3459 453 3532 suscipitur
463 3459 739 3527 modeteiabbas
750 3477 843 3532 asper·
884 3457 944 3528 ejus
958 3462 1074 3529 ponant.
1088 3459 1150 3529 lpse
1164 3475 1228 3512 vere
1239 3458 1449 3514 recommendet
1467 3458 1508 3514 eis
1522 3459 1599 3530 ipsas
1617 3459 1681 3514 obe·

71 3543 149 3598 anum
163 3563 224 3602 cum
254 3564 332 3620 aqua
350 3547 380 3603 in
394 3565 520 3616 manum,
537 3549 560 3603 si
575 3549 722 3622 episcopus
746 3549 840 3614 inerit,
884 3547 1014 3611 dicntias,
1028 3546 1051 3600 si
1067 3562 1123 3602 non
1138 3546 1221 3601 aliter
1241 3545 1411 3601 ordinandas
1431 3563 1492 3601 esse
1514 3547 1680 3602 decreverit.

71 3628 131 3686 alian
143 3652 290 3705 personam
300 3643 433 3710 aspergat
447 3638 516 3710 ipse,
533 3639 634 3695 dehinc
648 3637 843 3709 porrigaturei
884 3635 1015 3690 inclinari
1030 3634 1140 3689 debota
1151 3639 1212 3689 toto
1226 3641 1364 3689 conventu
1375 3651 1437 3690 curn
1450 3639 1514 3706 pest
1527 3635 1680 3708 inemptam

71 3715 193 3792 iucensam,
203 3726 338 3781 similiter
351 3726 387 3781 ab
396 3727 506 3793 abbate,
517 3733 611 3783 textus
625 3744 642 3781 a
655 3727 749 3799 priore
758 3747 764 3796 ;
774 3727 841 3782 dum
883 3724 1066 3795 antiphonam
1082 3722 1206 3788 inclinat,
1219 3739 1281 3778 curn
1295 3723 1322 3778 in
1338 3723 1434 3778 tabula
1447 3723 1477 3778 in
1496 3725 1618 3796 capitulo
1633 3742 1682 3780 no·

70 3807 111 3862 lac
122 3811 192 3878 frunt,
205 3817 360 3884 pulsentur
369 3817 463 3870 emnia
474 3817 564 3887 signa.
577 3817 683 3872 Cantor
696 3833 761 3871 vero
775 3815 841 3871 inci·
883 3811 1017 3874 minatur,
1033 3809 1056 3864 si
1070 3809 1107 3863 ibi
1120 3825 1242 3880 praesens
1257 3815 1308 3876 est,
1324 3827 1388 3865 cum
1408 3811 1438 3864 in
1454 3813 1571 3882 psalmo,
1593 3813 1637 3868 vel
1651 3813 1681 3868 in

70 3896 111 3964 piat
122 3907 224 3958 cantum
236 3904 288 3976 qui
303 3904 451 3959 conveniet
469 3921 604 3976 personae,
627 3905 729 3959 dehinc
750 3921 841 3959 rever·
883 3901 938 3954 alio
952 3899 1046 3971 aliquo
1057 3897 1164 3952 fallitur
1179 3897 1208 3952 in
1224 3899 1319 3966 chore,
1331 3916 1381 3970 pro
1396 3916 1450 3970 que
1471 3900 1581 3954 veniam
1593 3908 1680 3974 petat.

15 3975 16 3992 ¹
69 3989 126 4041 illut
136 3992 282 4062 processio,
293 3993 375 4064 pueri
390 4007 453 4046 cum
468 3993 609 4062 magistris
624 3992 682 4047 suis
698 3992 780 4065 primi
796 3993 841 4048 in·
918 3991 1009 4044 Eunte
1024 4005 1056 4042 eo
1071 3987 1106 4042 ad
1130 3987 1334 4058 legendumve-l
1357 3988 1493 4042 redeunte
1513 4005 1530 4042 a
1550 3989 1678 4060 legende,

70 4077 207 4141 gradiantur
221 4069 382 4142 ecclesiam,
393 4082 444 4136 lios
459 4086 614 4153 sequantur
622 4081 722 4154 reliqui
732 4082 804 4136 sicut
811 4081 842 4136 in
882 4081 1013 4148 assurgat
1022 4075 1048 4130 ei
1058 4081 1134 4130 totus
1145 4079 1307 4129 conventus.
1319 4075 1493 4130 Transeunte
1504 4093 1537 4130 ee
1545 4094 1595 4148 per
1603 4078 1680 4132 elau-

16 4179 17 4196 *
68 4165 843 4226 sutouefuerunt:ostremusreniatabbascumsusce-
883 4172 973 4220 strum
1003 4165 1045 4218 vel
1070 4180 1119 4234 per
1137 4180 1332 4234 quemcunque
1353 4164 1455 4229 locum,
1481 4173 1631 4236 assurgant
1654 4166 1681 4220 ei

16 4249 17 4284 ³
68 4257 230 4326 masona,
243 4257 468 4331 praecedentibus
482 4274 530 4313 eos
543 4257 710 4329 supradictis
724 4258 844 4330 portito-
884 4270 982 4309 omnes
991 4257 1057 4307 ante
1074 4268 1143 4324 quos
1155 4251 1268 4316 transit,
1285 4251 1468 4324 quoadusque
1492 4259 1680 4325 pertranseat.

69 4337 135 4397 ribus.
850 4345 956 4436 Deum
968 4343 1122 4414 capitulum
1131 4339 1285 4404 introierit,
1299 4340 1433 4396 fratribus
1444 4341 1593 4412 jarniaco
1612 4359 1680 4400 con·

16 4469 17 4506 q
92 4431 196 4504 ingressi
206 4437 528 4494 monasteriumfaciant
542 4436 692 4494 stationem
703 4441 769 4491 ante
779 4453 843 4492 cru·
883 4431 1051 4494 sidentibus,
1067 4431 1102 4485 de
1117 4429 1246 4484 omnibus
1257 4429 1391 4500 gradibus
1402 4447 1499 4486 omnes
1509 4431 1681 4489 descendant

69 4517 164 4580 citrum.
180 4527 266 4584 Pueri
284 4545 351 4584 rere
370 4527 500 4583 similitor
520 4532 596 4581 stent
614 4526 689 4581 inter
708 4531 843 4597 utrosque
884 4522 1055 4578 donecidem
1066 4519 1219 4576 consideat.
1229 4519 1394 4591 Ubicunque
1408 4520 1457 4582 sit,
1470 4519 1509 4575 ibi
1523 4521 1606 4577 debet
1619 4538 1680 4578 esse

68 4607 151 4667 eleros.
166 4616 298 4672 Prmdicti
312 4617 462 4689 portitores
476 4616 613 4688 paulatim
628 4614 844 4686 progrediantur
884 4612 952 4666 erdo
971 4617 1000 4666 et
1013 4609 1177 4682 disciplina;
1199 4615 1370 4681 quapropter
1389 4609 1418 4664 in
1440 4627 1607 4682 quocunque
1620 4611 1681 4669 loco

69 4704 353 4774 maenomenon,
369 4713 397 4761 et
411 4711 488 4760 stent
499 4709 565 4760 ante
579 4703 741 4760 crucifixum
756 4703 843 4758 versis
884 4699 978 4765 fuerit,
1003 4698 1059 4754 sive
1081 4700 1110 4754 in
1125 4700 1257 4764 claustro,
1272 4697 1330 4752 sive
1344 4703 1425 4753 extra
1438 4699 1601 4767 claustram,
1616 4717 1680 4756 cum

68 4787 164 4846 ultibus
178 4795 213 4850 ad
229 4811 308 4850 eum.
324 4793 443 4850 Interim
469 4799 531 4850 oret
551 4799 681 4866 suscepta
705 4809 841 4864 persena;
883 4789 1064 4860 reprehendit
1082 4787 1204 4859 aliquem
1219 4787 1335 4841 fratrem
1358 4786 1517 4843 inordinate
1538 4794 1680 4860 agentem,
1768 4785 1775 4796 “

68 4876 126 4932 truite
138 4889 230 4952 matu,
240 4890 375 4956 surgente
390 4901 424 4939 ea
430 4883 466 4938 ab
475 4883 612 4950 oratione,
618 4881 734 4953 incipiat
747 4886 844 4938 canter
885 4877 942 4932 sive
950 4877 1121 4949 loquentem,
1132 4893 1195 4931 mox
1205 4875 1252 4930 ille
1264 4892 1358 4930 corani
1370 4893 1402 4930 eo
1415 4876 1561 4933 humiliter
1571 4878 1680 4934 veniam

16 4963 17 4968 ’
66 4967 288 5040 scriptorumve!
299 4973 508 5044 responsorium
519 4971 845 5042 desaaetoinqu'nshe-
884 4973 972 5038 petat,
989 4967 1062 5022 sicut
1082 4966 1110 5020 in
1126 4965 1260 5036 capitulo,
1277 4971 1306 5020 et
1327 4965 1426 5020 tandiu
1446 4971 1502 5022 stet
1522 4973 1588 5022 ante
1602 4967 1683 5023 illurn

17 5047 18 5070 ¹
68 5067 141 5112 nerem
151 5060 271 5116 fundata
280 5069 323 5117 est
329 5061 540 5118 ecclesia.Tunc
550 5061 711 5133 prmcedant
718 5059 843 5132 praedicti
884 5056 973 5112 donec
983 5056 1062 5112 illum
1068 5055 1167 5126 jubeat
1177 5055 1285 5110 sedere.
1294 5051 1332 5108 Et
1343 5055 1368 5109 si
1380 5054 1480 5110 viderit
1494 5055 1572 5110 illurn
1584 5056 1679 5120 irasci,

17 5148 18 5190 f
66 5146 200 5210 ramore,
219 5151 378 5223 deposituri
398 5151 428 5205 in
443 5151 511 5205 locis
532 5150 591 5205 suis
605 5167 638 5204 ea
653 5166 715 5221 quae
729 5153 844 5221 portant
882 5151 941 5200 tam
956 5145 1004 5201 diu
1014 5145 1170 5200 satisfaciat
1182 5149 1247 5198 ante
1262 5143 1354 5213 ipsum
1364 5144 1473 5198 veniam
1481 5145 1682 5216 petend0,qno·

67 5235 140 5290 *latiur
155 5256 217 5294 cum
231 5241 271 5295 ad
285 5241 374 5295 altare
384 5241 521 5295 venerint.
534 5241 695 5312 Sequuntur
711 5237 841 5304 infantes,
883 5252 973 5308 usque
986 5235 1065 5290 illum
1080 5233 1180 5288 reddat
1194 5234 1346 5304 placatum.
1361 5233 1454 5288 Abbas
1472 5239 1568 5288 tamen
1589 5233 1682 5304 prori-

66 5327 111 5386 P⁰⁵l
123 5323 169 5382 bos
176 5329 291 5400 reliqui,
307 5346 340 5385 eo
355 5329 520 5400 ordineque
535 5327 780 5400 superiusdictum
789 5331 842 5381 est.
885 5325 951 5380 dere
966 5323 1096 5379 debetne
1112 5323 1164 5377 hoc
1188 5321 1271 5378 faciat
1285 5338 1379 5378 coram
1401 5320 1580 5376 sacularibus
1595 5321 1683 5377 homi·

65 5406 162 5480 baresii
186 5418 309 5474 eborum
322 5423 398 5474 stent
419 5435 437 5474 a
458 5422 539 5489 parte
561 5417 658 5473 altaris
678 5433 711 5471 ex
725 5421 845 5488 atraque
886 5413 980 5470 nibus.

66 5505 204 5562 letericus
218 5507 418 5579 suntpriores.
431 5507 500 5562 Oret
515 5505 620 5562 iterum
641 5509 769 5578 suscepta
785 5520 846 5576 per·
922 5503 1096 5574 Ubicumque
1109 5501 1224 5570 sederit,
1239 5499 1332 5558 nullus
1340 5499 1419 5571 juna
1429 5513 1495 5554 eum
1502 5499 1599 5557 sedere
1613 5517 1683 5574 pre·
