3856 6176
94 197 133 256 ⁴73
532 206 785 265 caesaraeae
804 211 940 266 ORDINE
959 213 988 267 S.
1011 207 1209 268 euasurum.
1300 279 1303 284 1
1641 196 1692 256 lii

93 321 219 378 eumue
227 322 369 392 genitricis
378 314 483 394 Maria,
494 327 630 385 festivitas
648 329 712 388 loci.
729 333 851 388 Sacratis
859 337 882 394 Α
892 333 923 389 in
939 333 1019 389 albis.
1035 333 1064 389 Si
1078 332 1164 387 abbas
1178 327 1360 401 Evangelium
1373 326 1483 399 legerit,
1491 329 1554 398 post
1569 324 1692 394 Evange-

94 409 194 464 onnibus
207 425 265 480 quae
279 410 314 465 de
339 411 461 468 Sabbata
477 421 573 470 sancto
585 417 659 473 dicta
672 424 747 486 sunt,
764 420 793 474 in
807 421 854 476 ha·
895 423 965 478 lium
979 420 1351 492 indutuscappainchorum
1360 405 1693 485 revertatur.Antiphona

92 497 317 554 runiestiritatum
338 500 441 572 vigiliis
461 509 578 560 ornetur
597 511 688 562 totum
712 515 855 564 monaste·
895 513 930 567 ad
945 513 1103 567 Benedictus
1115 509 1287 564 terdicatur.

91 587 153 652 dun,
167 588 294 642 stomata
306 589 417 658 altaria,
437 593 590 649 secundum
613 595 775 652 facultatem
788 598 852 667 loci,
929 601 972 656 Ad
986 600 1117 672 primam,
1131 599 1186 653 duo
1196 595 1554 666 majorasignapulssntur.
1565 593 1634 646 Tres
1645 607 1691 646 ce·

89 674 143 728 sicm
154 675 288 730 honestius
303 677 365 732 lieri
380 685 481 750 potest.
894 691 937 746 rei
950 697 1016 744 ante
1035 689 1123 743 altare
1138 686 1336 750 accendantur,
1352 683 1482 738 similiter
1494 682 1529 737 ad
1538 681 1652 736 tertiam
1662 684 1691 735 et

117 764 854 838 hundenturofficinae,etclaustrum.Sediliareiecto-
896 785 1013 834 sextam.
1027 783 1184 842 etnonam;
1200 773 1354 846 capitulum
1381 771 1502 826 breviter
1527 773 1689 841 peragatur.

88 850 120 917 n'i,
130 851 239 922 capituli,
254 853 369 911 claustri
383 862 526 930 tegantur,
541 859 703 917 bancalibus
713 867 856 921 sternatur
931 869 1016 922 Missa
1025 864 1199 921 matutinalis
1208 879 1272 918 crim
1291 877 1349 917 una
1358 861 1474 916 collecta
1487 864 1515 914 et
1528 858 1691 930 prefatione

85 941 172 1009 iuncus·
895 955 1094 1011 dicatur.Dum
1105 953 1233 1009 sacerdos
1248 953 1277 1006 in
1288 967 1394 1006 canone
1410 955 1463 1015 est,
1479 945 1689 1002 remanentibus

111 1029 263 1086 inmissam
290 1035 392 1104 jejunii
420 1035 576 1093 induantur
600 1039 777 1112 honestequi
792 1059 853 1096 cam
894 1045 1047 1100 infantibus
1062 1061 1124 1098 curn
1138 1039 1280 1114 magistris
1301 1039 1360 1093 suis
1388 1038 1417 1093 in
1443 1037 1536 1102 choro,
1562 1035 1609 1108 qui
1624 1041 1689 1090 ante

87 1123 137 1172 sunt
144 1118 311 1188 celebraturi,
325 1125 454 1180 sacerdos
469 1125 634 1181 honorilice:
649 1129 783 1184 diaconus
796 1131 854 1185 dal·
894 1134 1008 1188 missam
1021 1132 1123 1188 debent
1137 1147 1197 1185 esse
1212 1128 1313 1195 induti,
1328 1129 1421 1182 caeteri
1441 1130 1561 1197 pergant
1573 1124 1689 1179 induere

86 1205 173 1272 naim,
187 1207 371 1266 subdiaconus
383 1213 495 1281 tunica;
511 1220 569 1269 tres
596 1216 730 1283 conversi,
756 1224 854 1274 cantor
894 1238 941 1290 se,
959 1222 1016 1294 qui,
1032 1220 1227 1292 accipientesa
1241 1216 1393 1272 secretario
1420 1214 1595 1278 vestimenta,
1611 1219 1690 1267 extra

84 1293 292 1354 hebdomadarius
305 1315 412 1371 cappa;
428 1302 485 1357 duo
497 1303 598 1358 iratres
613 1304 648 1359 ad
664 1307 851 1377 responsoria.
894 1311 1077 1365 secretarium
1092 1325 1121 1364 se
1146 1304 1274 1362 induant.
1291 1305 1320 1361 Si
1335 1320 1399 1358 uero
1422 1318 1524 1374 parvus
1547 1301 1687 1367 locasset,

84 1382 139 1437 Ante
146 1385 252 1440 missm
263 1388 412 1458 pulsentur
420 1390 510 1462 signa,
523 1393 595 1448 sicut
604 1393 633 1448 in
650 1393 729 1450 iestis
743 1393 850 1464 diebus,
894 1404 994 1454 exeant
1003 1399 1090 1470 aliqui
1104 1398 1133 1452 in
1140 1397 1293 1452 claustrum
1307 1395 1351 1448 rel
1365 1393 1530 1465 capitulum,
1553 1389 1634 1445 stibi
1648 1389 1690 1443 in-

82 1470 159 1526 litauia
167 1473 415 1546 minimedicatur;
428 1481 755 1548 Kyrieeleisoniestivum
767 1500 851 1539 cana·
892 1488 1032 1542 duantse.
1045 1485 1174 1541 Meliores
1196 1501 1261 1538 vero
1280 1483 1350 1538 albae
1368 1476 1689 1551 tribuantur-prioribus

81 1563 309 1625 incantantum
331 1563 449 1622 collecta
471 1569 593 1627 dicatur.
612 1571 641 1626 Si
666 1572 803 1627 festivitas
822 1573 851 1628 in
893 1583 922 1631 et
935 1575 1141 1632 honestioribus
1152 1574 1293 1646 personis;
1309 1570 1502 1642 unusquisque
1512 1584 1585 1634 mox,
1601 1571 1634 1621 ut
1648 1566 1690 1620 in-

80 1647 119 1701 hac
129 1649 167 1704 die
179 1654 311 1720 evenerit,
329 1657 416 1711 missa
426 1658 600 1713 matutinalis
614 1659 649 1714 de
665 1677 697 1714 ea
711 1667 849 1720 cantetur.
860 1647 883 1707 Β
894 1666 979 1720 dutus
992 1664 1086 1724 inerit.
1103 1667 1260 1718 revertatur
1273 1662 1303 1715 in
1317 1661 1432 1715 chorum
1444 1678 1451 1726 3
1465 1657 1551 1711 missa
1562 1659 1685 1727 peracta,

79 1736 387 1813 hdnouamduomajora
398 1745 479 1816 signa
495 1747 653 1817 pulsentur.
663 1749 704 1802 ad
720 1765 849 1820 resperas
892 1755 916 1810 si
926 1755 985 1810 dies
995 1753 1157 1808 Dominious
1173 1747 1580 1816 noniuerit,cessantemaj0re
1595 1744 1684 1815 signo,

78 1823 120 1878 duo
131 1827 247 1895 minima,
261 1830 364 1886 dehinc
375 1833 515 1903 gradatim
539 1836 594 1890 duo
621 1843 650 1891 et
664 1837 730 1902 duo,
750 1839 786 1892 ad
805 1855 850 1892 ex·
890 1845 964 1916 quod
980 1843 1101 1914 incoepta
1114 1841 1215 1897 ultima
1229 1840 1346 1894 collecta
1355 1837 1447 1892 missac
1461 1834 1567 1907 pulsari
1591 1833 1684 1904 coepit,

79 1922 176 1970 imnum
191 1919 297 1975 omnis.
314 1921 496 1992 intersigna,
511 1923 663 1980 luminaria
684 1928 849 1982 monasterii
890 1933 940 1987 ssat
950 1932 1040 1986 oratio
1051 1928 1401 1992 tertiaePostorationeru,
1412 1925 1523 1998 pulsato
1531 1922 1585 1978 alio
1594 1921 1684 1992 signo,

78 2005 349 2064 onniaacrendantur.
360 2013 434 2066 Ante
450 2012 560 2082 singula
580 2013 681 2070 altaria
696 2032 757 2086 quse
771 2022 850 2072 extra
890 2025 1019 2076 mutetur
1031 2019 1125 2074 tertia.

77 2091 253 2163 presbyterium
264 2103 341 2165 sunt,
356 2099 468 2170 singula
480 2101 632 2156 luminaria
646 2103 773 2159 ardeant.
790 2107 848 2160 An·
926 2109 955 2166 Si
963 2125 1028 2165 vero
1036 2106 1199 2163 Dominious
1207 2104 1299 2170 fuerit,
1307 2097 1686 2174 expletamatutinalimissa,

77 2179 181 2248 tiphonss
194 2201 281 2256 super
293 2188 427 2257 psalmos,
443 2189 544 2260 quibus
563 2196 660 2246 cantor
673 2195 847 2265 preceperit,
889 2215 945 2253 non
955 2193 1361 2269 pulsatoadhuctertiaesigno,
1377 2193 1426 2244 irat
1440 2205 1514 2261 aqua
1527 2187 1684 2251 benedicta,

76 2265 194 2340 incipiant.
208 2273 431 2345 Responsorium
449 2285 570 2349 quatuor
583 2281 612 2334 in
628 2282 724 2353 cappis
735 2288 844 2338 canant.
889 2287 960 2342 sicut
971 2286 1034 2342 aliia
1047 2283 1201 2340 Dominicis
1214 2281 1312 2337 diebus
1327 2279 1387 2334 ireri
1403 2280 1490 2342 solet:
1507 2277 1574 2332 dum
1590 2281 1686 2331 cantat

75 2355 213 2428 antiphona
239 2363 278 2416 ad
307 2365 469 2434 lispailtcat
493 2373 538 2422 ter
555 2369 683 2438 dicatur;
715 2370 801 2426 abbas
820 2379 849 2426 et
888 2379 1017 2445 Aspcrper
1032 2373 1207 2444 mspulsetur
1221 2370 1312 2439 majus
1326 2365 1482 2438 signumad
1497 2365 1685 2419 tertiamhs-

73 2445 132 2514 pdor
145 2451 235 2521 cappis
250 2452 344 2508 induti
359 2453 509 2510 incensent
531 2463 652 2529 utraque
679 2459 847 2536 presbyterii
889 2480 972 2536 persa
986 2478 1060 2533 aqua
1069 2460 1226 2525 benedicta,
1241 2456 1324 2512 vadat
1339 2455 1468 2510 sacerdos
1482 2469 1534 2525 per
1548 2453 1684 2515 cilicinas,

73 2533 161 2601 dam,
175 2545 238 2594 ante
252 2545 283 2594 et
294 2541 416 2614 desuper
429 2545 543 2617 utrique
557 2545 651 2615 simul,
668 2548 772 2619 singuli
792 2550 848 2604 sin·
889 2569 951 2608 cum
967 2549 1149 2624 portitoribus
1163 2551 1277 2618 aquaeet
1291 2545 1390 2600 crucis.
1401 2544 1534 2598 Cessante
1543 2542 1623 2612 signo
1635 2541 1685 2596 irat

70 2621 122 2689 gula
137 2625 227 2683 latera.
238 2629 338 2684 Parati
351 2631 410 2686 sint
431 2633 487 2689 duo
501 2635 550 2689 alii
568 2636 726 2691 sacerdotes
745 2637 849 2693 hebdo-
889 2641 979 2696 oratio
990 2639 1092 2697 tertia.
1104 2639 1165 2703 Qua
1172 2636 1290 2708 expleta,
1302 2633 1413 2707 pulsato
1427 2633 1483 2687 alio
1496 2632 1588 2703 signo,
1602 2645 1684 2685 cana·

71 2711 293 2781 amenissima
301 2720 417 2791 majoris
426 2722 528 2789 missae,
538 2729 568 2778 et
589 2724 714 2792 minoris,
726 2727 847 2797 quithu-
887 2733 935 2784 tur
947 2729 1041 2784 tertia.
1058 2727 1193 2783 Sacerdos
1205 2723 1329 2790 interim,
1346 2723 1394 2794 qui
1409 2737 1460 2792 per
1469 2720 1594 2775 officinas
1622 2718 1681 2784 ivit,

69 2798 142 2856 nbula
155 2803 188 2858 de
201 2823 301 2861 eorum
312 2808 444 2864 manibus
454 2812 602 2883 accipiant,
616 2818 644 2868 et
652 2813 728 2882 hinc,
737 2819 766 2869 et
779 2815 845 2870 inde
886 2825 1029 2873 revertens
1043 2822 1108 2871 ante
1121 2815 1268 2870 introitum
1288 2809 1462 2876 monasterii,
1482 2809 1557 2863 dicat
1577 2807 1684 2862 oratio·

68 2901 107 2956 per
118 2882 290 2966 albna'quae
312 2903 392 2952 extra
413 2904 478 2954 sunt
498 2900 711 2970 circumierant3
732 2905 780 2975 qui
802 2920 845 2959 re·
884 2923 949 2962 nem
964 2905 1093 2972 solitam3
1109 2903 1210 2960 dehinc
1224 2903 1333 2956 intrans
1349 2904 1414 2954 ante
1429 2913 1519 2953 unum
1533 2897 1568 2952 dc
1581 2895 1679 2951 altari·

68 2981 185 3036 remeas
198 2983 229 3038 in
243 2985 365 3040 chorum
383 2986 478 3042 abbati
489 2989 578 3060 prius,
588 2991 676 3062 priori
690 2999 788 3064 postea
805 2994 874 3062 sec
884 2995 947 3060 bus,
968 2997 1014 3051 Viu
1026 3001 1198 3050 sanctorum.

67 3074 124 3130 nst,
138 3075 207 3138 post,
224 3071 269 3126 eis
282 3073 331 3142 qui
344 3078 554 3147 responsorium
576 3083 768 3148 cantaverunt,
788 3097 845 3137 non
923 3085 1003 3139 Dicta
1015 3084 1108 3148 tertia,
1125 3080 1281 3137 distributis
1290 3079 1395 3152 cappis,
1404 3076 1547 3149 dispositis
1560 3074 1590 3130 in
1598 3075 1683 3130 choro

66 3151 131 3208 tubo
143 3157 234 3227 simul,
249 3163 301 3216 sed
321 3178 394 3218 unus
419 3165 495 3235 hinc,
510 3171 538 3220 et
561 3167 633 3222 alter
643 3168 726 3236 inde;
745 3169 845 3225 dehinc
887 3177 1039 3236 acantore,
1050 3171 1098 3243 qui
1108 3187 1141 3225 ea
1155 3186 1217 3240 quae
1230 3168 1369 3240 portanda
1382 3172 1448 3222 sunt
1458 3169 1571 3238 portare
1581 3163 1684 3218 debent

65 3239 107 3295 duo
117 3249 237 3303 conversi
252 3249 284 3304 in
299 3251 380 3318 albis,
402 3255 510 3310 ceteris
527 3255 671 3312 iratribus.
694 3255 796 3312 Abbati
810 3259 845 3313 de
888 3257 934 3334 [f.,
948 3260 1051 3330 debet],
1065 3265 1165 3314 exeant
1188 3274 1286 3312 omnes
1312 3257 1365 3311 hoc
1392 3254 1490 3310 ordine
1516 3253 1683 3324 processuri.

65 3327 119 3384 libro
129 3336 229 3390 semiat
255 3338 305 3410 qui
329 3341 503 3398 thuribulum
519 3343 554 3399 de
579 3346 639 3414 ejus
658 3361 744 3400 manu
764 3363 845 3402 acce-
886 3349 1011 3404 Primum
1025 3364 1173 3403 conversus
1187 3349 1281 3401 serens
1292 3345 1405 3400 situlam
1428 3360 1492 3397 curn
1512 3357 1586 3414 aqua
1598 3340 1684 3396 bene·

64 3417 103 3485 lti·
886 3437 961 3493 dicta
972 3437 1090 3492 :dehinc
1100 3437 1155 3492 duo
1170 3440 1315 3508 portantes
1324 3434 1395 3488 duas
1407 3448 1504 3488 cruces
1515 3449 1522 3499 3
1537 3436 1601 3503 post
1611 3447 1681 3502 quos

90 3514 171 3578 „1
190 3515 222 3569 ln
233 3515 271 3570 iis
284 3517 386 3587 vigiliis
397 3518 499 3575 tabulae
508 3522 649 3577 refectorii
672 3523 775 3579 debent
785 3539 846 3580 esse
887 3528 942 3582 duo
954 3543 1018 3582 cum
1033 3525 1142 3582 duobus
1156 3523 1341 3589 candelabris,
1358 3521 1482 3577 accensis
1497 3521 1618 3591 desuper
1635 3537 1680 3574 ce-

64 3605 193 3668 wopertae.
885 3616 957 3683 reis3
974 3616 1023 3670 alii
1037 3616 1092 3670 duo
1108 3615 1230 3669 ferentes
1244 3613 1300 3668 duo
1312 3611 1457 3666 thuribula
1479 3610 1544 3680 igne
1558 3615 1588 3664 et
1597 3609 1681 3664 thure

90 3685 116 3738 ln
125 3691 246 3746 masline
268 3697 335 3748 ante
346 3701 499 3753 nocturnas
511 3699 621 3770 vigilias
634 3700 669 3755 ad
685 3701 845 3757 excitandos
884 3707 968 3777 plena
979 3724 985 3771 ;
997 3705 1048 3759 hos
1058 3711 1213 3774 sequantur
1220 3703 1275 3757 duo
1285 3699 1449 3756 subdiaconi
1462 3699 1565 3753 tunicis
1578 3696 1682 3764 induti,

60 3769 301 3849 tauapulsentur
310 3784 406 3839 omnia
414 3787 494 3858 sigua
506 3788 622 3856 ;dehinc
636 3789 776 3859 gradatim
787 3790 843 3846 duo
884 3797 1030 3867 portantes
1043 3793 1113 3848 duos
1120 3790 1333 3862 Evangeliorum
1343 3795 1436 3844 textus
1447 3807 1454 3857 ;
1464 3793 1528 3860 post
1539 3804 1619 3858 quos,
1635 3787 1680 3841 in-

60 3863 144 3930 sideo,
157 3868 192 3922 ad
208 3875 371 3927 extremum
380 3876 485 3931 omnia.
501 3877 544 3931 Ad
570 3877 762 3933 invitatorium
776 3897 844 3950 qua·
883 3883 975 3938 santes
986 3899 1049 3937 cum
1057 3881 1199 3952 magistris
1209 3881 1267 3935 suis
1278 3899 1284 3946 ;
1297 3879 1415 3934 extremi
1421 3877 1508 3933 abbas
1520 3881 1549 3930 et
1560 3876 1678 3947 priores,

57 3951 141 4008 ucria
151 3958 260 4030 cappis.
279 3960 375 4015 Terna
387 3965 564 4035 responsoria
582 3966 612 4020 in
625 3967 717 4022 tribus
731 3974 843 4023 noctur·
883 3963 1680 4043 praecedentibusaliisbinisetbinis,sicutestordoeorum.

57 4037 271 4116 rtis,duoetduo;
284 4055 427 4119 quartum,
448 4060 584 4124 quatuor;
605 4063 742 4123 ucmvum,
760 4058 842 4129 quin·
919 4052 1141 4131 Cum’processio
1155 4059 1284 4112 dechoro
1298 4055 1398 4127 incipit
1423 4054 1506 4118 exire,
1529 4053 1677 4124 pulsentur

57 4132 337 4203 acaduodecimum,
351 4156 398 4194 sex
413 4148 524 4197 canant.
543 4143 576 4197 In
589 4143 680 4200 tribus
697 4147 843 4201 nocturnis
884 4149 940 4204 duo
954 4149 1063 4218 maiora
1076 4148 1165 4218 signa,
1181 4161 1238 4200 non
1252 4149 1395 4199 cessatura
1408 4158 1497 4213 usque
1526 4141 1593 4195 dum
1609 4156 1678 4211 pro·

56 4213 110 4270 dum
119 4219 221 4290 legitur
234 4226 324 4280 tertia
334 4226 416 4283 lectio
427 4230 483 4285 duo
506 4230 675 4300 sacerdotes,
688 4235 783 4306 cappis
795 4235 840 4289 in·
850 4233 970 4292 Deessio
984 4236 1014 4291 in
1028 4238 1145 4290 chorum
1158 4235 1195 4289 sit
1209 4249 1329 4299 reversa,
1342 4237 1506 4301 cessentque
1519 4229 1575 4284 alia
1586 4229 1677 4300 signa.

54 4299 110 4372 dull,
123 4307 276 4368 incensent
288 4313 400 4383 altaria,
413 4319 506 4388 majus
515 4325 544 4374 et
563 4320 674 4388 minus;
690 4322 791 4378 dehinc
804 4323 842 4378 ie·
883 4325 1069 4380 Procedentes
1088 4341 1138 4397 per
1157 4325 1279 4393 majores
1295 4323 1398 4393 januas
1414 4318 1617 4374 monasterium
1632 4317 1677 4371 in-

53 4401 105 4448 rant
117 4397 221 4468 abbati,
238 4407 269 4457 et
281 4404 378 4475 priori,
391 4413 419 4461 et
432 4409 540 4464 caeteris
551 4410 686 4466 iratribus
700 4428 752 4483 per
765 4413 840 4467 ordi·
883 4419 1004 4480 troeant,
1023 4419 1051 4468 et
1065 4419 1130 4468 ante
1144 4411 1306 4467 crucifixum
1321 4410 1470 4465 stationem
1482 4407 1595 4462 iaciant.
1616 4407 1678 4472 Qua

51 4492 277 4557 concoctarum,
293 4497 322 4546 et
335 4494 532 4553 duodecimum
544 4501 752 4571 responsorium
777 4507 841 4574 post
882 4503 964 4570 sacta,
981 4505 1089 4574 expleto
1099 4507 1182 4556 cantu
1197 4517 1280 4572 quem
1307 4499 1488 4569 incoeperant,
1504 4495 1621 4567 incipiat
1633 4495 1680 4550 ab·
1701 4547 1703 4552 .

50 4567 129 4627 Gloria
150 4593 169 4630 a
193 4579 291 4650 capite
310 4589 484 4654 repetentum
496 4588 677 4658 pronuntiato
692 4591 841 4660 Evangelio
881 4592 931 4648 bas
944 4593 986 4646 vel
997 4590 1175 4661 caritorquod
1189 4589 1225 4643 ad
1239 4590 1331 4659 ipsum
1346 4587 1420 4642 idom
1430 4586 1582 4658 pertineat,
1598 4591 1627 4640 et
1637 4586 1677 4641 sic

50 4655 124 4713 disce
136 4662 377 4738 discooperiatur,
387 4675 680 4732 atomuialuminaria
690 4679 842 4733 accendan-
882 4679 1047 4735 sonantibus
1059 4678 1189 4733 omnibus
1202 4677 1290 4747 signis
1315 4678 1432 4730 chorum
1455 4675 1606 4737 introeant,
1622 4676 1678 4730 eis-

49 4753 95 4800 itr.
106 4751 147 4805 Ad
165 4755 201 4808 Te
212 4758 301 4812 ileum
315 4761 529 4819 lcudamasduo
552 4767 661 4836 majora
682 4766 762 4836 signa
777 4767 840 4837 pul·
882 4785 936 4840 que
947 4767 1121 4822 cessantibus
1134 4767 1247 4821 missam
1261 4765 1407 4837 incipiant.

49 4841 153 4908 tentum
170 4843 251 4899 lecto
277 4847 439 4920 Evangelio,
470 4853 587 4908 collecta
615 4854 700 4921 dicta,
720 4855 840 4926 pulsatis
918 4859 992 4912 Ante
1004 4857 1096 4911 missae
1121 4855 1266 4910 introitum
1291 4860 1434 4908 sternatur
1453 4859 1603 4909 unumaut
1620 4854 1677 4908 duo

47 4925 162 4984 canibus
172 4932 277 5002 signis,
289 4935 402 4992 inchoet
421 4941 551 4996 sacerdos
566 4942 719 4997 matutinas
732 4944 839 5000 laudes.
881 4947 988 5017 tapetia
1002 4961 1052 5017 per
1075 4950 1267 4999 transversum
1295 4943 1382 5010 chori,
1409 4941 1458 4998 ubi
1480 4949 1555 4998 stare
1579 4941 1681 4996 debeat

46 5005 137 5068 behim
150 5018 182 5072 iu
199 5023 368 5079 vestiarium
382 5042 481 5081 rursus
500 5030 624 5084 casulam
639 5035 668 5084 et
681 5031 782 5085 stolam
792 5032 841 5086 de·
883 5040 981 5089 cantor
996 5041 1024 5088 ct
1050 5033 1143 5089 caeteri
1170 5049 1240 5104 quos
1261 5032 1295 5086 ad
1320 5049 1350 5086 se
1362 5031 1500 5087 vocaverit
1514 5031 1549 5085 ad
1563 5029 1679 5084 chorum

45 5109 126 5171 Ponat,
140 5114 171 5162 et
187 5109 232 5164 sic
247 5111 277 5166 in
291 5113 355 5168 alba
369 5130 433 5169 cum
453 5117 596 5188 manipulo
613 5118 642 5172 in
662 5119 778 5174 chorum
794 5137 839 5176 re·
881 5124 1044 5194 regendum.
1060 5122 1166 5177 Omnes
1191 5121 1274 5187 cerei,
1306 5121 1406 5192 quiin
1430 5119 1540 5174 coronis
1554 5123 1630 5183 sunt,
1651 5123 1681 5172 et

45 5189 256 5270 desumpto
270 5201 376 5274 hymno
391 5210 480 5271 excat,
508 5207 684 5279 manipulum
707 5210 838 5282 deponat,
881 5219 982 5268 caetera
1008 5211 1158 5266 luminaria
1175 5227 1237 5283 quse
1256 5211 1285 5265 in
1309 5213 1393 5265 choro
1412 5215 1441 5264 et
1459 5207 1632 5279 presbyterio
1651 5213 1680 5262 et

44 5291 149 5351 “iliam
162 5287 281 5356 induat,
295 5299 323 5348 et
333 5310 397 5349 curn
414 5294 469 5350 alio
489 5295 576 5351 fratre
603 5297 734 5352 similiter
751 5314 840 5371 cappa
882 5299 1199 5366 antecruciirxumsunt,
1211 5298 1409 5353 accendantur.
1421 5293 1679 5365 Cantorprovideat

45 5369 139 5442 induto,
152 5379 233 5434 sicut
249 5382 284 5436 ad
292 5382 439 5438 hesternas
451 5401 591 5456 resperas,
608 5403 672 5442 cum
686 5387 838 5442 thuribulis
881 5395 949 5460 quot
963 5395 992 5443 et
1004 5388 1062 5460 qui,
1074 5405 1135 5458 quac
1149 5387 1340 5458 singulariter,
1364 5383 1504 5438 cantanda
1526 5389 1602 5448 sunt,
1615 5399 1679 5438 can-

37 5477 83 5531 det
94 5469 200 5529 altana
216 5471 311 5544 vaist,
322 5473 432 5531 duobus
441 5474 583 5535 converas
596 5492 661 5535 cum
682 5476 838 5535 eisindutis
878 5482 949 5534 tent.
965 5477 1008 5534 Ad
1020 5477 1197 5549 sequentiam
1213 5477 1268 5533 duo
1290 5474 1398 5544 majora
1416 5471 1498 5544 signa
1520 5473 1678 5546 pulsentur.
