3934 6174
91 267 137 323 205
442 267 480 321 lN
499 266 533 320 D.
553 268 660 326 PAULI
679 269 791 327 EPIST.
811 271 997 332 ΟΟΜΜΕΝΤ.
1018 305 1050 318 ·-
1071 273 1184 330 EPlST.
1202 273 1215 330 Ι
1233 273 1282 330 AD
1302 273 1383 330 COR.
1669 269 1722 344 209

91 395 164 463 parti
173 407 249 446 unus
255 391 395 460 propheta,
416 395 442 445 ct
461 393 536 446 atius
549 394 604 447 atii
615 392 799 464 loquebatur),
812 401 841 449 et
854 395 947 450 (stari
960 394 1123 467 dijudicent,
1137 397 1304 452 audiantur.
1320 394 1366 454 20.
1375 396 1457 462 Quod
1471 396 1550 452 sielii
1565 397 1722 452 revelatum

92 481 174 540 merit
188 480 307 547 sedenti,
319 480 398 551 prior
411 484 512 534 taceat.
524 480 645 536 Potestis
656 481 730 537 enim
746 484 794 537 hoc
804 486 882 538 inodo
891 501 988 540 omnes
1005 485 1192 556 persingulas
1208 485 1386 557 prophetare,
1402 489 1435 540 ut
1449 501 1546 540 omnes
1557 487 1721 556 prophetare

92 573 209 636 discant,
226 576 255 625 et
272 585 371 624 ornnes
389 569 584 640 exhortentur,
602 573 817 637 admoneantur,
838 577 867 628 et
884 572 929 630 21.
946 573 1061 645 spiritus
1080 573 1281 645 prophetarum
1301 573 1445 645 prophetis
1464 573 1581 644 subjecti
1599 579 1666 629 sunt
1679 574 1723 629 aet

93 662 226 729 subjectus
239 664 287 714 est.
303 656 426 714 aaron
450 659 525 713 enim
541 665 585 714 est
602 659 786 715 dissensionis
800 661 885 729 Deus,
901 663 950 717 sed
973 662 1059 734 pacis,
1080 662 1152 717 sicut
1173 665 1203 717 et
1223 663 1253 716 in
1275 661 1405 718 omnibus
1419 663 1542 718 ecclesiis
1560 668 1723 719 sanctorum

93 751 185 803 doceo.
202 749 263 802 Viri
278 748 389 816 quidem
400 747 570 817 prophetem,
585 753 617 802 ut
630 748 745 802 dictum.
758 749 889 805 Mulieres
902 756 995 806 autem
1008 752 1037 806 in
1052 752 1175 808 eeclesiis
1189 757 1316 818 taceant;
1332 767 1388 806 non
1402 753 1478 806 enim
1492 751 1668 824 permittitur
1681 752 1721 807 eit

94 838 176 908 loqui,
188 837 239 890 sed
251 835 378 890 subditas
389 851 460 903 csse,
472 838 551 902 uiris
563 838 634 906 quod
647 852 704 891 non
716 843 790 906 esset,
801 841 827 892 si
835 841 1029 909 predicarent,
1043 841 1116 896 sieut
1127 846 1157 895 et
1169 839 1215 898 ⁴23.
1231 842 1275 896 lex
1287 841 1357 895 dixit
1370 857 1376 891 :
1393 841 1422 895 Si
1438 841 1505 913 quid
1520 847 1614 896 autern
1626 842 1723 896 volunt

93 929 207 993 discere,
219 925 296 980 domi
310 942 366 981 non
382 929 414 979 in
427 928 538 980 ccclesia
549 925 623 980 viros
645 943 710 982 suos
724 927 908 999 interrogent.
928 929 1021 1000 Turpe
1040 935 1084 985 est
1097 931 1173 985 enim
1186 929 1297 984 mulieri
1311 929 1389 1002 loqui
1403 930 1433 984 in
1446 930 1571 984 ecclesia.
1587 929 1632 986 ii.
1648 931 1691 984 An
1705 946 1723 985 a

95 1018 167 1072 rabis
181 1015 300 1071 verbum
317 1015 363 1070 uei
375 1015 532 1087 processit?
546 1020 578 1070 ut
593 1021 704 1086 propter
716 1017 766 1072 bac
780 1033 849 1072 noua
863 1021 982 1072 ineatis?
996 1020 1053 1074 Aut
1065 1019 1094 1074 in
1109 1036 1157 1074 vos
1172 1020 1245 1074 solos
1259 1018 1405 1090 pervenit?
1421 1017 1450 1074 Si
1465 1017 1528 1090 quis
1541 1018 1723 1090 videturpro-

95 1108 177 1180 pheta
198 1122 271 1172 esse,
294 1104 410 1176 want
423 1105 586 1177 spiritualis,
602 1111 752 1176 eognoscat
774 1123 835 1178 qum
849 1106 940 1161 scribo
954 1105 1030 1163 vobis
1047 1109 1102 1180 (hic
1120 1110 1257 1163 euidenter
1276 1107 1402 1174 ostendit,
1418 1107 1549 1174 difficilia
1567 1122 1620 1161 esse
1642 1110 1724 1162 uerba

96 1213 212 1250 suarum
225 1196 425 1264 Epistolarum,
437 1197 474 1249 ad
483 1211 551 1264 quas
560 1197 735 1264 exponendas
745 1196 899 1265 propbetas,
912 1201 937 1250 et
950 1201 1083 1266 sapientes
1099 1196 1223 1267 inuitat),
1237 1195 1304 1267 quia
1318 1193 1431 1249 Domini
1440 1194 1662 1249 sunt-mandata.
1676 1193 1722 1250 26.

98 1285 122 1342 si
133 1285 199 1356 quis
211 1289 307 1338 autern
317 1285 371 1338 hec
385 1287 409 1337 ct
422 1285 483 1337 aiio
492 1285 542 1338 Dei
555 1283 691 1336 inundata
700 1283 821 1354 ignorat,
834 1287 874 1340 uel
890 1288 1014 1354 nealipit,
1029 1285 1074 1340 ⁰27.
1089 1285 1275 1357 ignorabitur.
1289 1289 1349 1351 118
1363 1285 1473 1355 Itaque,
1487 1283 1598 1350 fratres,
1610 1283 1725 1340 aemnla·

97 1373 164 1428 mini
177 1372 351 1445 prophetare
368 1390 374 1425 :
389 1375 457 1441 quia
471 1373 573 1442 duplas
587 1374 689 1427 bonum
705 1377 742 1427 est
757 1389 766 1426 :
780 1377 809 1428 et
821 1373 898 1444 loqui
916 1374 1019 1446 linguis
1040 1374 1127 1429 nolite
1146 1375 1305 1446 prohibere.
1321 1373 1423 1430 Omnia
1438 1380 1533 1430 autem
1547 1374 1673 1439 honeste,
1694 1377 1726 1428 ut

98 1465 152 1518 ciri
168 1463 332 1532 loquantur,
350 1463 480 1515 mulieres
495 1465 611 1526 taceam,
622 1465 651 1514 et
664 1461 819 1516 secundum
833 1461 970 1530 ordinem,
983 1467 1054 1519 alter
1065 1467 1157 1534 prius,
1172 1469 1244 1520 atter
1254 1467 1401 1535 posterius,
1415 1480 1472 1520 non
1483 1479 1575 1519 omncs
1587 1466 1675 1519 simut
1690 1463 1729 1518 lo·

100 1557 235 1621 mestar,
251 1551 324 1605 flant
334 1552 367 1604 in
381 1549 468 1615 coms,
486 1549 528 1603 oet
541 1563 558 1602 u
572 1549 654 1602 uobis.

821 1658 939 1715 CAPUT
956 1659 1015 1716 XV.

138 1805 162 1861 i.
177 1805 287 1859 Notum
300 1807 395 1858 autem
404 1801 482 1856 robis
496 1801 578 1863 facio,
593 1801 704 1860 iratres.
716 1801 907 1872 Evangelium,
919 1801 993 1872 qnod
1005 1801 1247 1873 praedicavimus,
1259 1803 1334 1873 qnod
1348 1805 1377 1857 et
1392 1801 1517 1872 (effectus)
1529 1801 1685 1874 accepistis,
1699 1802 1730 1858 in

106 1911 158 1965 qno
173 1897 203 1948 et
214 1892 307 1958 statis,
322 1908 373 1964 per
391 1892 465 1962 qnod
480 1896 508 1945 et
520 1890 676 1956 salvamini,
693 1907 748 1962 qua
761 1891 870 1944 ratione
883 1890 1091 1962 praedicaverim
1104 1891 1192 1957 robis,
1207 1891 1230 1946 si
1249 1891 1362 1958 tenetis,
1376 1891 1432 1946 nisi
1446 1891 1549 1947 frustra
1562 1892 1730 1960 credidistis,

98 1986 148 2037 nisi
166 1984 206 2037 ad
222 1987 341 2036 mortem
355 1982 546 2049 predestinati
559 1983 631 2034 estis.
651 1979 766 2035 Tradidi
781 1979 947 2034 enimvobis
966 1980 996 2034 in
1011 1977 1118 2049 primis,
1135 1979 1317 2047 scansurum
1332 1979 1405 2048 quod
1419 1984 1516 2033 natam
1532 1981 1594 2047 feci,
1609 1979 1683 2051 qnod
1703 1983 1732 2034 et

91 2072 195 2144 accepi,
212 2070 349 2142 quoniam
364 2069 493 2124 Christus
510 2073 638 2124 mortuns
653 2077 696 2124 est
709 2085 760 2140 pro
775 2067 897 2139 peccatis
912 2066 1015 2121 nostris
1028 2082 1084 2120 noo
1096 2068 1155 2120 suis
1168 2066 1322 2121 secundum
1335 2065 1504 2137 Scripturas,
1516 2072 1545 2122 et
1558 2067 1624 2138 quia
1638 2067 1732 2139 sepul-

93 2169 132 2217 tus
148 2167 204 2228 est,
223 2166 252 2215 et
266 2160 335 2231 quia
348 2158 502 2215 resurrexit
515 2158 602 2214 tertia
616 2159 672 2216 die.
690 2157 843 2212 secundnm
860 2157 1030 2228 Scripturas,
1045 2159 1074 2210 et
1087 2154 1154 2226 quia
1168 2155 1242 2209 visus
1265 2159 1317 2209 est
1329 2155 1440 2226 Cepha,
1456 2160 1561 2226 etpost
1574 2155 1627 2210 hoc
1647 2158 1733 2212 disci-

91 2254 177 2320 paiis,
190 2248 325 2304 undecim
337 2267 344 2316 ;
360 2248 462 2303 deinde
475 2247 550 2302 risus
564 2251 608 2301 est
621 2247 771 2318 plusquam
789 2245 950 2317 quingentis
963 2245 1098 2300 fratribus
1108 2245 1192 2299 simul
1204 2245 1247 2316 (cle
1261 2245 1508 2314 hacappariticac,
1522 2252 1547 2302 et
1560 2249 1735 2316 subsequenti

94 2343 164 2395 nihil
173 2343 209 2396 ab
222 2342 399 2409 coanpcttsiis
408 2339 534 2407 dicitur),
548 2355 582 2393 ex
594 2337 696 2409 quibus
707 2335 789 2390 multi
803 2340 1016 2406 manentesque
1025 2333 1125 2398 adhue,
1139 2332 1254 2405 quidam
1265 2332 1568 2402 autemdormierunt3
1583 2335 1613 2389 Ξ.
1630 2334 1735 2392 deinde

94 2431 169 2488 risus
183 2433 229 2484 est
242 2427 358 2492 Jacobo,
374 2426 475 2481 deinde
490 2425 625 2497 apostolis
640 2423 780 2490 omnibus,
797 2423 948 2478 novissime
962 2427 1058 2478 autem
1072 2421 1199 2477 omnium
1212 2421 1240 2478 3.
1254 2425 1392 2493 tanquam
1407 2421 1545 2492 abortivo,
1558 2423 1634 2480 risus
1649 2427 1694 2480 est
1708 2427 1737 2480 et

770 2574 1067 2633 COMMENTARIUS.

129 2732 174 2793 20.
191 2735 273 2803 Quod
290 2735 316 2788 si
339 2735 401 2788 atii.
417 2729 448 2786 Si
461 2729 529 2786 dum
549 2729 604 2784 duo
620 2728 661 2783 vel
678 2733 737 2782 tres
758 2727 901 2799 prophetae
911 2731 931 2788 A
941 2727 996 2782 iste
1011 2743 1094 2799 paena
1105 2726 1153 2784 ille
1168 2727 1331 2800 plectendus
1346 2731 1392 2800 sit,
1409 2732 1457 2802 qui
1472 2747 1530 2786 non
1548 2734 1622 2789 valet
1635 2735 1740 2791 intelli-

97 2827 267 2898 loqnnntur.
283 2821 368 2877 alieni
386 2836 484 2876 eornm
497 2819 545 2891 qni
558 2817 665 2884 sedent,
684 2822 713 2872 et
731 2818 901 2884 auscultant,
942 2815 1039 2888 gentis
1061 2816 1100 2872 sic
1122 2816 1280 2873 discernere
1302 2819 1471 2887 ineffabilem
1484 2822 1630 2878 Trinitatis
1645 2825 1741 2880 unita·

98 2913 207 2986 aliquid
225 2911 380 2967 revelatum
392 2908 491 2975 fuerit,
505 2908 583 2979 prior
596 2907 733 2978 prophete
748 2907 795 2978 qui
809 2906 903 2978 loque·
944 2906 1101 2973 ten1,sicut
1122 2907 1292 2962 discernitur
1311 2908 1340 2962 in
1361 2909 1456 2964 animo
1478 2917 1574 2967 nostro
1593 2913 1740 2982 memoria,

100 3005 195 3068 batur,
210 3006 313 3064 taceat,
331 3005 359 3055 et
373 2997 556 3071 permittatur
566 2995 631 3052 huie
645 2995 732 3067 loqui.
945 2993 1114 3060 intellectus,
1128 2995 1266 3050 voluntas.
1284 2995 1405 3051 Aliunde
1426 2998 1537 3054 dicebat
1554 3001 1608 3056 hoc
1622 3003 1742 3074 Aposto-

133 3093 166 3148 Ἡ
175 3093 314 3161 Spiritus
321 3085 690 3158 prophetarum.Plnraliter
697 3084 766 3138 dicit
773 3083 903 3156 Spiritus,
946 3084 990 3139 lus
1005 3102 1011 3138 :
1027 3085 1111 3154 Lege,
1123 3089 1152 3138 et
1166 3084 1271 3141 videbis
1286 3104 1319 3141 ea
1333 3105 1395 3160 quae
1408 3088 1577 3162 loquebatur
1591 3093 1651 3162 [at.,
1668 3091 1743 3164 quod

100 3187 222 3252 propter
236 3177 447 3234 multitudinem
461 3175 672 3246 prophetarum,
692 3189 756 3228 cum
778 3173 815 3228 sit
832 3188 906 3227 unus
947 3189 980 3228 ea
990 3171 1180 3246 loquebatur],
1195 3189 1256 3244 que
1266 3175 1350 3231 fidem
1360 3177 1404 3230 vel
1414 3195 1505 3234 mores
1516 3180 1667 3236 multorum
1680 3181 1745 3236 aedi-

101 3269 233 3340 Spiritus
254 3267 302 3338 qui
326 3265 416 3337 replet
439 3280 497 3331 eos,
521 3262 570 3334 qui
593 3260 736 3332 subjectus
763 3259 907 3332 prophetis
948 3263 1073 3329 licerent,
1090 3279 1146 3317 non
1166 3279 1228 3335 que
1248 3264 1293 3319 vix
1314 3265 1350 3319 ad
1370 3283 1532 3338 paucorum,
1551 3285 1669 3342 eamque
1684 3259 1744 3326 exi·

101 3359 221 3422 dicitur,
239 3355 307 3427 quia
319 3371 367 3410 eos
387 3358 466 3408 extra
484 3353 657 3407 voluntatem
676 3367 782 3416 eorum,
800 3366 852 3405 nec
865 3350 908 3404 lo·
949 3368 1045 3422 guam,
1070 3352 1316 3425 quantulacunque
1336 3355 1367 3409 in
1387 3355 1441 3411 hac
1460 3357 1527 3426 rita,
1551 3358 1586 3414 de
1611 3376 1642 3416 re
1665 3365 1746 3416 tanta

101 3448 161 3520 qni,
179 3462 238 3500 nec
251 3449 345 3499 tacere
369 3441 521 3513 compellit.
547 3442 580 3495 Et
604 3446 647 3495 est
669 3438 813 3511 responsio
829 3439 910 3510 quasi
951 3457 1012 3496 esse
1027 3445 1127 3512 potest,
1151 3441 1364 3514 intelligentiam
1383 3447 1571 3517 pervenirent,
1592 3449 1620 3504 id
1642 3454 1695 3520 est,
1714 3451 1746 3506 nt

103 3539 211 3612 aliquis
227 3537 353 3591 diceret:
377 3537 422 3590 An
445 3535 522 3606 prior
541 3533 679 3605 propheta
701 3538 794 3604 potest
807 3532 910 3599 iecere,
952 3530 1056 3602 linguis
1069 3530 1217 3602 prophetia
1231 3539 1443 3604 proponeretur.

103 3646 170 3684 cum
180 3627 254 3690 vult,
267 3625 295 3680 id
308 3630 359 3692 est,
371 3640 408 3678 an
420 3621 523 3694 singuli
535 3621 644 3694 possint
655 3621 834 3693 prophetare,
846 3637 911 3676 aum
987 3619 1033 3675 Ti.
1053 3617 1150 3690 (ibid.)
1170 3621 1359 3689 Ignorabitur.
1384 3625 1465 3680 Multi
1485 3625 1514 3680 in
1536 3625 1641 3683 Christi
1664 3645 1746 3685 cruce

104 3721 146 3774 eis
158 3715 273 3788 aliquid
286 3715 435 3770 revelatur.
953 3708 1116 3780 gloriantes,
1131 3713 1160 3762 et
1174 3708 1208 3763 ab
1228 3711 1327 3766 eadem
1347 3712 1392 3768 via
1406 3730 1462 3769 non
1476 3715 1647 3784 recedentes,
1663 3717 1750 3774 etiam

141 3807 191 3865 Ti.
207 3808 270 3862 ,ian
292 3808 366 3858 enim
386 3805 573 3857 dissensionis.
597 3801 783 3857 Dissensionis
797 3801 912 3873 spiritns
956 3797 1004 3867 qui
1029 3796 1084 3851 ista
1104 3814 1166 3868 quse
1190 3797 1372 3856 subtilissime
1398 3801 1583 3873 disseruntur,
1607 3806 1749 3878 ignorant,

105 3901 218 3962 esent,
243 3895 267 3948 si
283 3908 465 3963 omnesquae
483 3892 614 3963 repleret,
632 3891 709 3962 loqui
733 3891 818 3946 simul
839 3907 913 3945 com·
954 3886 1093 3957 quianon
1112 3887 1187 3958 perit
1204 3904 1278 3943 arius
1297 3889 1331 3945 de
1350 3891 1459 3962 pusillis
1478 3893 1540 3963 [al.,
1561 3911 1593 3949 ex
1612 3893 1682 3968 illis]
1698 3913 1750 3968 pro

105 3986 242 4057 pelleret,
954 3974 1055 4045 quibus
1070 3979 1197 4032 mortuus
1209 3981 1260 4046 est,
1272 3979 1308 4032 ad
1321 3980 1447 4035 eamdem
1463 3982 1630 4053 perveniunt
1638 3984 1752 4039 aeterni·

143 4073 193 4130 ⁵23.
209 4075 262 4128 tec
273 4075 351 4126 dicit.
363 4073 395 4126 ln
405 4069 507 4126 Genesi
521 4068 591 4124 dicit
602 4069 677 4123 Deus
691 4068 726 4122 ad
742 4068 890 4123 mulierem
903 4086 909 4121 ε
921 4067 1052 4146 Btatem,
1069 4064 1224 4133 veritatem,
1241 4065 1418 4135 charitatem,
1434 4068 1463 4123 id
1483 4075 1535 4137 est,
1553 4071 1588 4125 ad
1609 4071 1749 4139 stabilem,

104 4163 168 4219 Sub
181 4165 244 4220 ciri
254 4166 384 4232 potestate
397 4163 460 4227 eris,
472 4165 497 4214 et
511 4161 567 4228 ipse
581 4159 773 4212 dorninabitur
786 4159 846 4210 titi.
954 4157 1070 4220 certam
1086 4154 1255 4226 plenamque
1266 4155 1437 4211 felicitatem.
1454 4157 1507 4214 Ubi
1522 4159 1700 4216 manentibus
1709 4161 1752 4215 ri-

145 4251 194 4305 24.
206 4251 362 4306 Anacobis
372 4247 556 4304 contumilia
564 4247 648 4300 datur
656 4244 775 4316 intelligi
786 4245 914 4317 quedam
955 4241 1095 4302 dentibus,
1112 4241 1282 4310 amantibus,
1294 4251 1360 4298 sunt
1373 4251 1473 4301 cuncta
1487 4252 1633 4318 perpetua.

107 4357 177 4412 qnae
198 4337 331 4410 superius
352 4336 499 4408 redarguit
517 4334 676 4391 Corinthios
695 4333 803 4398 fecisse,
831 4339 915 4405 atque
993 4330 1074 4386 CAP.
1093 4329 1151 4387 llV.
1165 4361 1190 4372 -
1207 4330 1352 4390 i-Linra.
1371 4335 1752 4406 Notumautcmoabis.,eto.

106 4429 178 4482 idea
193 4425 378 4498 reprehendit
393 4443 441 4482 eos
454 4425 549 4481 dicens
561 4440 618 4478 non
631 4423 733 4479 debere
746 4440 794 4478 eos
809 4421 915 4494 aliquid
957 4418 1156 4474 Dubitantibus
1175 4420 1328 4476 Corinthiis
1344 4422 1379 4476 de
1397 4424 1604 4480 resurreetione
1628 4430 1755 4482 mortuo-

106 4517 232 4572 notiter
243 4515 326 4584 inire,
337 4514 386 4572 'sed
398 4514 491 4587 potius
503 4513 636 4585 exemplis
647 4512 766 4568 aliarum
781 4511 916 4567 Ecclesia·
957 4525 1031 4573 rum,
1043 4508 1148 4580 ¹probat
1161 4510 1311 4580 Apostolus
1330 4512 1427 4567 multis
1441 4515 1615 4584 argumentis
1634 4531 1697 4570 eam
1711 4531 1757 4570 re-

106 4623 180 4660 rnm
195 4605 300 4671 virere,
312 4604 379 4675 quia
391 4602 504 4658 verbum
517 4603 567 4658 Ilei
582 4601 686 4656 abillis
701 4618 758 4657 non
771 4599 916 4673 processit,
960 4613 1024 4652 vera
1034 4613 1094 4652 esse
1106 4598 1240 4665 suturam,
1254 4600 1380 4656 recolens
1390 4602 1464 4672 quod
1479 4603 1535 4658 illis
1547 4603 1756 4674 predicaverat,

107 4695 195 4768 quod
218 4695 242 4749 si
257 4693 447 4767 processisset,
463 4691 609 4748 tolerabile
621 4697 695 4746 esset
708 4691 732 4746 si
746 4688 852 4762 aliquid
867 4705 918 4744 no·
961 4686 1061 4758 quibus
1075 4687 1219 4742 evidenter
1230 4695 1346 4762 apparet
1362 4691 1396 4745 de
1405 4693 1610 4748 resurrectione
1625 4692 1759 4750 dubitan-

107 4803 186 4841 rnm
199 4783 344 4839 recusent.
961 4775 1028 4830 dum
1045 4793 1102 4831 non
1116 4793 1188 4832 esse.

146 4875 202 4930 25.
218 4873 344 4928 Annos.
357 4870 522 4940 Spiritualis
532 4873 681 4937 copnmcat.
691 4867 744 4924 llic
752 4868 844 4939 tangit
856 4883 923 4939 apo·
997 4864 1023 4922 2.
1040 4867 1165 4922 Aaousr.
1184 4869 1242 4934 (lib.
1259 4873 1328 4922 cont.
1346 4869 1460 4941 iniisti.
1477 4873 1629 4927 Nouissime
1648 4878 1756 4932 autem.

105 4965 211 5020 stolas
236 4961 330 5028 salsos,
352 4957 401 5032 qui
426 4975 484 5014 non
505 4957 609 5024 divina,
634 4957 683 5012 sed
705 4963 819 5012 terrena
839 4957 924 5012 doce·
963 4955 1018 5010 Sed
1038 4956 1083 5010 hic
1100 4957 1160 5027 J'am
1184 4956 1220 5011 de
1243 4957 1322 5024 eoelo,
1343 4963 1408 5030 post
1427 4977 1484 5015 non
1506 4978 1623 5033 parvum
1649 4968 1761 5036 tempus

107 5055 202 5107 bant.
964 5044 1135 5099 ascensionis
1150 5062 1217 5101 suae.

147 5139 205 5196 26.
221 5136 254 5192 Si
268 5139 331 5207 quis
343 5139 464 5206 iamai,
478 5135 666 5205 ipnornbitur.
679 5133 775 5202 Recte,
791 5133 857 5206 quia
877 5132 925 5206 qui
1000 5131 1026 5190 3.
1041 5134 1164 5190 Aunios.
1185 5135 1328 5205 Tanquam
1347 5139 1480 5194 abortivo.
1496 5141 1635 5212 Apparuit
1646 5141 1687 5196 illi
1701 5142 1760 5214 pri-

108 5229 217 5287 nescit
230 5227 281 5282 Dei
301 5243 362 5282 esse
378 5241 440 5298 que
458 5224 584 5297 loquitur
596 5224 758 5296 Apostolus,
775 5241 793 5278 a
807 5223 925 5280 Domino
964 5241 1042 5280 mum
1057 5225 1091 5280 de
1112 5225 1191 5292 coelo,
1216 5231 1280 5297 post
1302 5228 1394 5283 oranti
1416 5228 1446 5284 in
1468 5231 1583 5302 templo.
1599 5231 1763 5288 Abortivum

108 5316 313 5394 ignorabitur.
966 5331 996 5368 se
1010 5318 1099 5380 vocat,
1116 5314 1182 5386 qnia
1196 5319 1274 5370 extra
1288 5321 1400 5388 tempus
1414 5323 1497 5373 notus
1511 5319 1541 5372 in
1555 5319 1677 5386 Christo,
1694 5313 1765 5394 epo-

149 5408 213 5464 2⁰6.
228 5407 354 5462 Auausr.
370 5403 463 5476 (epist.
478 5401 531 5460 102
542 5403 580 5458 ad
591 5403 736 5470 Euodium,
751 5407 821 5458 tom.
834 5401 880 5471 ll).
894 5401 925 5457 Si
934 5444 955 5504 c
967 5403 1100 5458 stolatum
1114 5405 1237 5476 aceepit;
1260 5405 1290 5460 in
1308 5406 1377 5460 coelo
1398 5405 1519 5461 Ilomino
1533 5414 1643 5480 recepto
1658 5409 1687 5465 in
1703 5409 1766 5482 fat,

109 5501 186 5570 qais
195 5501 292 5550 nutem
301 5493 622 5566 ignoratNequaquam,
633 5489 779 5557 utsoribis,
790 5489 838 5562 qui
848 5490 925 5561 igno-
952 5488 957 5500 '
972 5492 1048 5563 cum]
1059 5508 1153 5549 carne.

109 5593 177 5658 rat,
190 5581 384 5654 ignorabitur.
392 5584 434 5639 De
442 5582 496 5637 hac
505 5597 535 5637 re
546 5581 614 5637 dicit
623 5581 783 5654 Apostolus,
794 5583 930 5654 tanquam
