3882 6172
82 328 129 389 lot
495 329 580 387 vias
601 331 629 386 S.
651 331 828 388 HERLUINI
848 331 1001 388 auseris
1021 329 1219 387 succensis
1237 328 1350 386 PRIMI.
1673 326 1725 384 loa

3 431 5 496 i
80 456 162 512 lior-is
175 453 243 510 huic
264 453 358 509 studio
373 453 498 520 vacabat,
515 455 583 526 quia
604 463 718 530 propter
737 456 1100 529 lectionemAperiringere
1112 454 1327 519 conabatursed
1338 453 1400 526 [ol.,
1410 469 1486 509 nunc
1498 453 1653 524 lconamen
1664 453 1725 524 ejus

83 561 233 616 nunquam
257 543 351 598 diurni
370 543 463 617 operis
489 545 643 601 intermisit
669 549 885 604 exsecutionem.
929 563 1012 602 omna
1021 545 1220 608 frustrabatur,
1235 545 1308 599 hunc
1322 543 1403 597 malis
1422 559 1571 614 pravorum
1591 543 1725 615 exemplis

83 637 148 690 Non
163 634 256 688 solum
276 633 305 687 in
326 632 443 704 cythara
457 634 584 689 conilteri
597 634 727 703 Domino,
743 655 840 692 verum
861 643 889 692 et
929 634 1067 691 suiloderc
1082 635 1205 689 molitur.
1222 633 1366 688 Verumut
1376 632 1404 686 in
1420 631 1726 687 Canticiscanticorum

85 724 111 778 in
127 722 267 795 psalterio
283 721 379 776 decem
396 720 562 776 chordarum
578 726 659 779 lPsul.
676 725 888 797 xxx11.2)psal·
929 725 1065 796 legimus:
1079 725 1438 792 Hur'uscujasqueuiriensia
1448 722 1725 790 reperiemursaum

86 813 145 868 lere
164 810 315 882 gestiebat,
344 827 468 881 congrua
496 818 654 882 temporum
679 812 886 883 distributione,
926 819 1039 884 propter
1054 816 1165 867 limares
1180 816 1328 866 rrocturuos
1344 811 1434 877 (dont.
1450 823 1490 874 ιιι,
1506 806 1544 874 8).
1559 826 1609 864 seu
1623 809 1726 864 diurna

86 917 162 956 nunc
175 904 304 955 attentus
317 899 397 955 bonae
416 899 529 966 actioni,
547 916 622 956 nunc
635 902 762 958 intentus
775 903 888 959 lectioni
930 903 1138 975 oppugnatione
1147 917 1197 956 seu
1207 898 1599 962 nocturnasubdole,rationis
1609 899 1726 970 alicujus

85 995 172 1061 atque
188 988 323 1046 orationi.
930 992 1110 1063 suggestione
1139 991 1261 1051 accedat,
1281 989 1389 1045 invenit
1412 1005 1476 1043 eum
1500 987 1682 1043 excubantem
1696 988 1726 1042 in

120 1081 202 1134 blora
218 1094 316 1133 rursus
325 1077 571 1134 moliminacontra
581 1095 645 1135 eum
657 1081 747 1136 hostis
756 1083 890 1153 antiquus
930 1081 1158 1154 propugnaculis,
1169 1079 1243 1150 gerit
1252 1079 1281 1133 in
1291 1077 1571 1148 manugladium,qui
1584 1078 1727 1132 universas

87 1169 205 1233 invenit,
219 1167 295 1239 quod
317 1183 460 1222 summum
474 1167 504 1222 in
515 1168 640 1224 humana
653 1169 710 1224 vita
719 1170 769 1226 ille
784 1171 890 1244 excogi-
930 1171 1019 1226 hostis
1033 1185 1182 1241 compages
1197 1185 1229 1222 ac
1243 1167 1382 1223 medullas
1391 1166 1561 1237 exsequitur,
1576 1166 1727 1236 dignotens

89 1263 206 1323 mactat,
223 1257 432 1312 monasterialis
453 1257 583 1312 videlicet
607 1259 713 1314 ordinis
732 1261 888 1331 fastigium,
930 1277 963 1316 ac
978 1260 1167 1315 exterminans
1190 1273 1307 1329 quaeque
1331 1255 1366 1311 ab
1382 1255 1430 1310 illo
1445 1255 1628 1326 cogitationes
1642 1261 1727 1325 atque

89 1363 157 1418 pene
170 1345 310 1400 dissuasit
327 1345 372 1400 his
395 1345 596 1401 occasionibus.
618 1346 783 1402 Coenobium
800 1346 889 1420 quod·
930 1348 1101 1404 intentiones
1111 1350 1321 1417 suggeruntur;
1337 1345 1372 1399 ad
1386 1342 1564 1414 excipiendos
1577 1343 1659 1406 ictus,
1669 1343 1729 1396 lon-

89 1436 150 1489 dam
166 1434 242 1490 adiit
254 1435 347 1504 grstia
368 1435 528 1506 inquirendi
547 1435 582 1490 de
596 1436 653 1490 vita
668 1438 887 1506 monachornm3
930 1436 1113 1509 ganinaems,
1126 1440 1155 1490 ct
1165 1435 1306 1506 potientiae
1316 1431 1381 1487 forti
1395 1430 1627 1504 clypeomunitur
1638 1449 1644 1491 ;
1657 1431 1729 1501 posi-

89 1524 187 1579 babita
216 1524 364 1588 oratione,
390 1524 507 1578 accessit
531 1525 606 1579 omni
630 1541 693 1580 cum
722 1527 888 1593 reverentia,
930 1533 977 1582 tus
992 1526 1065 1580 inira
1085 1525 1185 1580 divinae
1204 1521 1338 1577 custodiae
1361 1537 1473 1576 murum
1488 1521 1524 1574 ad
1542 1520 1638 1575 omnia
1652 1519 1729 1574 illius

89 1615 176 1668 multo
197 1629 264 1667 cnm
283 1613 384 1666 timore
399 1615 435 1668 ad
449 1613 552 1668 ostium
564 1615 689 1681 claustri,
705 1617 782 1670 velut
795 1616 830 1670 ad
844 1633 889 1671 os·
931 1613 1206 1684 molimina,avigilis
1218 1611 1261 1666 sui
1271 1609 1488 1666 commonitione
1500 1607 1728 1679 sollicitatur,qui

89 1703 156 1756 tum
172 1701 310 1773 paradisi,
335 1701 611 1758 desiderantissimus
636 1703 707 1758 scire
728 1705 776 1776 qui
792 1720 889 1760 mona·
931 1697 1727 1771 condemnabitnequcdornaieiquicustoditlsrael(Psol.

90 1791 202 1845 eborum
222 1791 347 1852 habitus,
371 1791 419 1863 qui
440 1809 540 1852 mores,
571 1809 632 1862 quae
654 1792 682 1846 in
707 1793 829 1849 claustro
844 1807 991 1872 se-pcxx,
1014 1794 1051 1862 l).
1070 1783 1729 1864 Igiturnonexploratisadvotumquerelabat

89 1880 169 1935 dandi
180 1879 220 1934 sit
226 1880 340 1950 religio.
351 1879 438 1942 Vidit,
448 1881 531 1952 longe
542 1881 577 1936 ab
587 1897 620 1936 ea
631 1898 715 1954 quam
725 1883 888 1940 coenobialis
929 1874 1729 1947 castrorumllomini,reditllrmaturussuumquodconlra

90 1969 154 2022 ordo
176 1969 314 2040 exposcit,
340 1969 478 2039 gravitate
506 1987 615 2024 morum
644 1987 741 2026 omnes
770 1971 886 2039 haberi3
929 1972 1090 2044 spirituales
1099 1969 1226 2024 incursus
1236 1965 1586 2022 extruebattavulsitillico
1597 1967 1729 2034 paternas·

90 2057 216 2112 turbatus
227 2063 272 2112 est
287 2058 347 2128 jam
368 2075 401 2112 ac
415 2058 529 2114 omnino
548 2060 671 2114 incertus
688 2061 760 2130 quod
781 2061 890 2116 vivendi
930 2063 1037 2122 domos,
1048 2059 1123 2114 unde
1133 2074 1277 2113 servorum
1288 2056 1338 2110 Dei
1348 2055 1509 2110 habitacula
1517 2052 1681 2108 construxit.

90 2163 175 2217 genus
196 2145 384 2218 approbaret.
403 2148 445 2202 Ad
470 2149 528 2203 lirae
552 2149 599 2220 qui
619 2149 782 2205 monasterii
796 2155 890 2205 custos
967 2151 1082 2205 Sacrata
1098 2165 1161 2203 vero
1172 2163 1257 2219 quam
1267 2143 1548 2201 construxitecclesia
1557 2141 1729 2212 abepiscopo

91 2241 157 2301 erat,
168 2241 200 2290 nt
213 2237 297 2291 illum
312 2235 351 2290 sic
375 2235 513 2292 introrsus
534 2238 712 2293 accedentem
736 2239 888 2311 conspexit,
931 2239 1052 2302 Lexovii,
1067 2238 1180 2292 nomine
1191 2235 1446 2292 llerbertoccmsm
1456 2231 1627 2294 totundit,ac
1642 2244 1729 2284 sacu-

91 2325 178 2380 surem
202 2325 365 2395 suspicatus
379 2324 516 2390 immisso,
532 2333 638 2397 quanta
656 2327 682 2382 vi
698 2327 799 2398 potuit,
820 2328 890 2383 collo
931 2328 1021 2383 larem
1035 2327 1163 2382 habitum
1176 2326 1320 2396 deponens
1334 2321 1369 2377 ab
1384 2322 1481 2377 eodem
1498 2320 1629 2393 pontifice
1643 2335 1730 2374 sacrae

91 2413 163 2468 illius
177 2431 285 2485 pugno,
300 2430 351 2485 per
362 2415 478 2485 capillos
492 2415 559 2469 ioris
575 2433 663 2488 usque
674 2417 710 2471 ad
725 2417 828 2471 ostium
843 2433 890 2470 ex·
932 2416 1059 2471 habitum
1078 2415 1222 2486 religionis
1246 2414 1362 2485 accepit,
1388 2412 1470 2466 miles
1493 2408 1597 2465 Christi
1619 2425 1671 2480 per
1688 2411 1732 2462 tot

91 2504 180 2558 trusit.
197 2505 238 2558 At
251 2493 294 2557 vir
305 2503 528 2574 patientissimus
551 2521 601 2576 pro
620 2504 699 2560 illata
718 2505 772 2560 sibi
786 2505 892 2576 injuria
933 2506 1057 2578 pericula
1069 2503 1150 2560 sortis
1166 2509 1231 2558 ante
1247 2507 1397 2574 expertus;
1413 2498 1652 2570 ejusdemordinis
1666 2513 1731 2554 cum

91 2593 198 2647 nullum
226 2593 363 2647 monacho
389 2592 477 2648 laicus
498 2593 613 2649 verbum
640 2595 822 2666 impatientia
847 2611 892 2648 re·
933 2596 1073 2665 cojugum
1087 2592 1235 2648 subierunt
1248 2591 1303 2645 duo
1318 2589 1373 2644 sui.
1389 2588 1570 2643 Postmodum
1586 2586 1731 2659 apraefato

93 2682 214 2753 spondit.
239 2680 354 2736 Talibus
367 2682 480 2753 quidem
499 2683 631 2738 accedere
657 2684 810 2755 plurimum
826 2683 893 2738 exti·
934 2682 1189 2755 praesulesaoerdos
1199 2677 1520 2750 consecratuspluribus
1530 2676 1644 2732 ducatui
1654 2675 1731 2731 illius

93 2772 175 2836 muit,
191 2771 241 2825 sed
257 2772 366 2842 palmes
376 2782 547 2843 propagatus
559 2772 594 2826 ab
610 2789 652 2838 ea,
667 2789 728 2844 qus
742 2773 814 2828 Vitis
829 2789 894 2828 vere
932 2775 991 2844 jam
1003 2771 1117 2827 adscitis
1130 2769 1263 2825 iratribus
1285 2767 1371 2823 abbas
1395 2767 1559 2838 preficitur3
1580 2771 1642 2820 tuto
1665 2764 1729 2818 imi·

95 2860 196 2923 existit,
216 2860 295 2914 nullo
319 2860 520 2916 adversitatum
544 2866 614 2916 aestu
641 2877 768 2916 arescere
792 2867 893 2933 potest,
936 2863 1037 2917 tandm
1050 2861 1112 2915 aliis
1128 2859 1309 2931 praeponitur,
1330 2857 1377 2928 qui
1392 2872 1442 2927 per
1456 2859 1614 2910 annostres
1628 2854 1732 2925 impro-

95 2949 149 3003 alte
162 2949 308 3004 radicatur
320 2949 350 3003 in
365 2948 441 3004 illius
457 2950 594 3006 charitate
609 2967 670 3022 quae
685 2953 780 3005 urania
799 2953 894 3018 auffert
935 2951 1044 3024 perium
1064 2951 1129 3004 vitae
1148 2946 1302 3019 spiritualis
1325 2944 1530 3016 patientissime
1554 2943 1619 2998 tulit
1637 2957 1730 2996 coram

92 3039 115 3108 ll
127 3039 188 3092 Cor.
204 3051 264 3102 111¹,
282 3037 320 3110 7).
935 3038 1114 3096 saecularibus
1125 3038 1263 3092 alienatus
1275 3033 1450 3109 spectaculis,
1461 3032 1563 3104 quibus
1577 3031 1733 3087 innutritus

129 3125 188 3179 lloc
202 3123 239 3178 de
253 3125 303 3179 illo
316 3125 441 3180 reterens
455 3123 648 3183 {edificationis
660 3128 802 3195 solatium,
816 3128 923 3189 aliudil
935 3130 1061 3202 quotidie
1075 3129 1145 3184 alios
1154 3125 1414 3193 videbatoblectari3
1425 3125 1547 3195 rigorem
1557 3122 1733 3178 abstinentie

95 3229 127 3268 ea
138 3214 174 3268 de
184 3229 215 3268 re
227 3213 357 3285 proximo
372 3215 460 3269 natali
476 3216 620 3271 Dominico
635 3217 705 3273 adiit
719 3218 833 3289 majoris
848 3233 896 3272 no·
936 3237 991 3275 non
1003 3220 1131 3274 relaxans
1139 3217 1214 3272 inter
1226 3215 1455 3270 affluentissimas
1468 3213 1645 3268 dominorum
1657 3227 1733 3266 men-

95 3302 178 3356 minis
191 3301 361 3364 coeuobium.
379 3303 478 3358 festiva
492 3306 670 3376 processione
680 3323 742 3362 cum
754 3308 855 3361 iratres
865 3307 894 3360 in
936 3324 991 3374 sas,
1004 3307 1080 3361 omni
1089 3306 1210 3376 denique
1220 3303 1368 3374 abjectioni
1380 3317 1573 3374 corpussuum
1584 3299 1733 3372 subjiciens

96 3390 139 3444 die
150 3391 341 3446 solemnitatis
357 3392 489 3459 exissent,
515 3393 584 3448 vidit
609 3394 750 3450 indecenti
774 3395 893 3450 benero—
936 3396 1066 3451 incuria.
1082 3396 1158 3460 Quos
1172 3409 1238 3465 ergo
1259 3393 1396 3463 regendos
1409 3397 1553 3462 acceperat
1566 3389 1731 3458 arctissime,

97 3479 181 3534 lentie
193 3480 349 3535 monachos
363 3481 467 3552 passim
483 3482 608 3538 arridere
628 3483 715 3552 laicis,
736 3485 895 3554 aggaudere
936 3486 979 3541 vel
1002 3501 1080 3540 more
1102 3484 1218 3540 Petrum
1238 3483 1349 3554 piorum
1363 3480 1427 3555 [al.,
1448 3480 1586 3553 priorum]
1607 3479 1733 3551 regebat.

96 3567 126 3622 in
140 3567 331 3640 paratioribus
346 3571 521 3626 ornamentis
533 3573 706 3628 ostendendo
721 3589 756 3628 ee
769 3572 841 3636 aliis,
859 3573 894 3627 ad
935 3575 1175 3646 Videres,peracto
1190 3573 1218 3627 in
1229 3572 1347 3627 ecclesia
1356 3571 1457 3638 officio,
1468 3569 1597 3625 abbatem
1612 3569 1684 3624 collo
1694 3583 1735 3622 se·

98 3657 241 3713 introitum
267 3659 441 3714 contentioso
456 3661 580 3714 tumultu
596 3661 752 3732 anticipare
775 3661 892 3716 aditum.
935 3669 1069 3730 mentam,
1083 3679 1167 3718 manu
1180 3667 1303 3717 rastrum
1318 3661 1361 3716 vel
1374 3661 1514 3716 sarculum
1526 3657 1734 3731 gestantem,ad

98 3747 136 3800 ld
149 3747 208 3802 haec
222 3747 403 3802 insistentem
422 3748 474 3803 sibi
500 3750 618 3804 nimium
644 3751 760 3806 tratrem
779 3750 893 3820 quidam
936 3754 1135 3825 agriculturam
1152 3752 1250 3824 praeire
1264 3751 1414 3805 monachos
1434 3765 1540 3817 omnes,
1567 3749 1642 3803 ruris
1656 3747 1734 3819 operi

99 3836 249 3890 monmhus
265 3837 435 3891 monachum
459 3854 553 3909 pugno
575 3855 769 3910 repercussum
782 3839 892 3904 avertit,
936 3841 988 3898 sub
1001 3843 1057 3897 diei
1071 3841 1223 3896 terminum
1243 3841 1383 3906 insistere,
1400 3838 1526 3894 sentibus
1541 3844 1570 3892 et
1583 3836 1671 3910 spinis
1687 3835 1735 3891 alii

98 3941 128 3978 ac
145 3926 299 3998 impulsum
323 3926 430 3998 supinis
454 3927 585 3983 dentibus
599 3928 712 3983 demisit
726 3929 761 3984 ad
781 3930 893 3997 solum;
936 3949 1036 4002 agrum
1052 3929 1253 3996 emundabant,
1269 3930 1318 3983 alii
1344 3930 1440 3984 dmum
1461 3927 1583 3999 scapulis
1608 3941 1736 3998 compor

97 4013 185 4069 adhuc
202 4015 292 4079 enim,
308 4019 341 4069 ut
368 4015 474 4070 dictum
498 4022 549 4081 eat,
578 4033 675 4072 omnes
695 4017 821 4072 omnium
847 4034 896 4088 per
937 4025 1029 4076 tantas
1044 4019 1257 4091 spargebanthi
1268 4017 1436 4077 sarriebant,
1446 4017 1487 4072 illi
1497 4014 1634 4080 serebant,
1651 4030 1735 4070 nemo

97 4101 313 4171 Northmaniam
329 4120 421 4159 mores
435 4103 547 4160 barbari
561 4111 651 4160 erant.
669 4107 729 4160 Hac
742 4121 837 4160 rerum
852 4108 896 4160 in·
937 4125 1038 4181 panem
1055 4107 1257 4164 assumebatur
1272 4106 1379 4172 otio,ad
1392 4106 1490 4160 horem
1507 4103 1736 4176 agendiofflciiin

98 4191 213 4248 seleutia
236 4209 274 4247 ne
295 4192 400 4248 bouum
427 4194 576 4250 damnarat
600 4195 764 4266 inemptum,
787 4201 896 4250 tantam
937 4199 1161 4253 ecclesiaomnes
1175 4197 1210 4251 ad
1227 4211 1457 4268 unamquamque
1470 4193 1567 4248 horam
1585 4191 1735 4247 convenie-

101 4285 209 4335 ectuum
236 4281 392 4348 levitatem,
413 4288 521 4338 tantam
547 4283 757 4356 improbitatem
786 4301 896 4341 morum
937 4286 1015 4341 bant.
1032 4287 1128 4341 Victus
1142 4284 1322 4357 quotidianus
1334 4284 1415 4355 panis
1431 4281 1586 4354 siligineus,
1600 4285 1628 4336 et
1642 4279 1736 4336 herbe

99 4373 231 4424 contuens
253 4369 283 4425 in
311 4369 367 4426 illis
388 4371 563 4445 adquorum
586 4379 648 4440 :35
667 4390 796 4429 normam
810 4375 896 4429 vitam
938 4393 1001 4432 cum
1016 4377 1074 4431 sale
1091 4381 1120 4430 et
1131 4391 1223 4445 aqua3
1238 4389 1377 4447 aquanon
1387 4373 1441 4427 nisi
1450 4372 1586 4434 lutulena,
1598 4370 1664 4442 quia
1673 4370 1736 4425 iona

98 4471 176 4511 suam
190 4459 334 4530 corrigere
348 4459 472 4526 nolebat,
493 4461 544 4517 Dei
569 4478 669 4518 manus
690 4463 781 4518 effecit
795 4462 897 4520 subre-
908 4450 1077 4537 Dnusquam
1093 4469 1195 4536 preter
1214 4463 1249 4517 ad
1274 4462 1330 4517 duo
1345 4461 1476 4517 milliaria
1490 4459 1656 4516 habebatur.
1676 4459 1736 4516 ca·

97 4545 177 4600 niens
186 4546 304 4602 labanti.
316 4549 451 4619 Sequenti
464 4555 554 4618 nocte,
571 4551 680 4622 expleto
694 4552 898 4608 matutinorum
938 4556 1019 4619 leste,
1034 4552 1156 4620 aiebant,
1173 4551 1339 4607 beneficium
1355 4567 1418 4606 cum
1433 4551 1513 4624 panis
1527 4550 1637 4617 melior,
1654 4556 1736 4606 etca-

96 4633 198 4700 uillcio,
214 4636 264 4690 diu
279 4643 346 4691 ante
369 4637 459 4692 lucem
479 4638 543 4694 aliis
565 4639 675 4696 emissis
690 4647 821 4696 oraturus
836 4642 895 4714 ipse
936 4661 1011 4710 sens,
1027 4643 1070 4697 vel
1092 4641 1198 4713 aliquid
1219 4641 1296 4696 eliud
1311 4639 1434 4696 edulium
1450 4641 1635 4711 undecunque
1648 4637 1738 4696 habe·

96 4725 235 4780 remansit
262 4726 418 4782 occultatus
440 4727 470 4783 in
499 4730 621 4800 quodam
640 4731 743 4801 angulo
762 4733 894 4799 oratorii3
937 4733 1031 4789 batur.
1057 4732 1222 4802 Exemplum
1247 4730 1384 4802 magistri,
1413 4737 1443 4786 et
1472 4735 1599 4795 conatus,
1624 4745 1736 4786 omnem

97 4829 160 4866 mox
174 4814 292 4885 qnidam
313 4816 466 4871 monachus
481 4833 513 4872 eo
528 4834 583 4873 non
598 4819 656 4874 viso
669 4835 757 4892 prope
771 4821 897 4876 constitit
938 4821 1135 4878 murmurandi
1159 4819 1323 4876 excludebat
1342 4819 1460 4875 aditum.
1484 4818 1578 4875 Abbas
1598 4819 1676 4892 prior
1701 4820 1737 4875 ad

97 4901 131 4956 ad
145 4903 349 4975 orandum,qui
362 4921 437 4959 nunc
451 4911 511 4960 toto
521 4923 637 4978 corpore
652 4915 898 4980 prostratus,nunc
938 4928 1018 4984 opus,
1045 4910 1080 4965 ab
1103 4926 1188 4980 opere
1209 4908 1369 4964 discedebat
1383 4909 1508 4973 ultimus,
1533 4915 1664 4982 operator
1677 4909 1738 4981 ipse

96 4997 208 5046 mutum
225 4992 345 5062 genibus
359 4993 447 5059 ilaris,
461 5011 524 5050 cum
545 4997 678 5068 lacrymis
702 5015 786 5054 orans
808 5015 898 5071 usque
938 5000 1098 5056 continuus.
1116 4997 1205 5053 Simili
1219 5014 1250 5052 se
1268 4997 1338 5052 inibi
1360 5003 1477 5070 propter
1496 4999 1586 5053 Deum
1609 4996 1738 5053 servituti

97 5081 132 5134 ad
146 5097 231 5136 manc
246 5081 354 5137 clarum
370 5083 502 5155 perstitit.
515 5085 582 5154 Ejus
594 5085 681 5157 igitur
696 5088 823 5158 exemplo
836 5103 898 5141 om-
940 5088 1040 5145 nobilis
1055 5093 1146 5142 mater
1161 5089 1222 5159 ejus
1236 5087 1351 5154 addixit,
1363 5092 1392 5142 et
1401 5087 1539 5143 concessis
1549 5086 1734 5159 lieopraediis,

97 5169 164 5225 nino
180 5169 388 5242 redintegratus
401 5178 453 5227 est.
940 5195 1002 5250 quae
1017 5175 1541 5247 habebat,ancillaefungebaturoificio,
1552 5174 1737 5230 servientium

132 5257 294 5314 &femmas
323 5261 470 5324 miracula,
488 5263 537 5318 sed
556 5264 606 5330 eis,
632 5264 706 5320 unde
729 5265 827 5336 vulgus
844 5267 900 5322 fert
940 5269 998 5322 Deo
1013 5282 1120 5338 pannos
1134 5264 1262 5332 abluens,
1278 5271 1307 5321 et
1316 5265 1451 5337 quidquid
1470 5263 1671 5336 injungebatur
1689 5279 1737 5317 ex·

96 5348 280 5416 sententiam,
296 5351 417 5405 multum
440 5353 583 5422 pauciora,
604 5369 765 5424 quanquam
778 5369 834 5410 non
849 5355 898 5409 de·
940 5355 1022 5410 tremi
1032 5355 1124 5427 operis
1134 5355 1342 5410 accuratissime
1356 5371 1451 5426 egens.

97 5436 214 5492 luemnt
231 5438 345 5510 etipsa.
362 5439 435 5505 Quid
449 5441 523 5496 enim
538 5441 697 5512 gloriosius,
721 5443 796 5514 quod
811 5443 900 5498 victus
977 5444 1019 5498 Ad
1036 5459 1107 5515 opus
1119 5460 1262 5502 servorum
1271 5445 1320 5499 Dei
1333 5443 1454 5515 quadam
1465 5442 1581 5497 diacum
1596 5455 1737 5497 annonem

97 5525 133 5580 ab
148 5541 184 5580 eo
193 5526 297 5598 ubique
311 5529 409 5592 hostis,
423 5529 482 5584 Deo
491 5531 627 5598 vincente,
636 5532 796 5588 succubuit?
805 5532 899 5589 Robur
940 5538 1070 5598 torreret,
1084 5535 1177 5590 nescio
1192 5551 1247 5606 quo
1265 5549 1331 5589 casu
1350 5533 1450 5588 domus
1464 5530 1589 5602 undique
1604 5547 1738 5588 succensa

98 5616 898 5684 constantieillius,durishactenusadversitatumictibus
940 5619 1737 5694 est.Cucurritquidameiulandonuntiansabbatidomos
