3872 6162
117 315 187 376 1009
625 317 836 374 CONSTITUT.
858 318 1028 375 HlRSAUG.
1048 348 1085 360 -
1103 319 1171 376 Llli.
1192 323 1216 377 la
1690 305 1760 371 1010

114 447 168 511 est,
183 443 289 516 ipsein
303 442 432 499 sacristia
446 444 530 499 thure
539 443 671 516 imposito
687 445 862 502 thuribulum
876 448 950 508 ac-A
964 462 1015 516 por
1033 445 1172 500 minorem
1191 429 1319 500 chorum'
1331 443 1450 500 discedit
1463 441 1499 496 ad
1512 437 1647 495 lavandos
1660 436 1756 510 pedes,

113 532 191 603 cipit,
213 538 241 588 et
266 533 302 587 ad
320 533 436 587 initium
454 532 581 605 prolicit
599 533 700 589 cantici
726 535 918 589 sanctuarium
959 533 1053 605 sicque
1067 535 1214 602 accelerat,
1227 539 1260 589 ut
1274 533 1439 605 tempestive
1453 533 1582 600 imponat
1591 528 1657 582 thus
1667 525 1695 582 in
1713 541 1758 580 ve-

113 623 210 689 intrat,
223 625 256 678 ut
267 622 358 678 altare
371 622 507 678 incenset.
958 621 1066 688 stiario,
1083 640 1129 678 un.
1142 627 1171 678 et
1185 623 1225 677 sic
1238 623 1372 677 accedens
1382 621 1417 676 ad
1431 621 1520 675 altare
1534 620 1629 689 portat
1640 615 1701 687 ipse
1714 629 1759 669 co-

369 710 486 780 OAPUT
511 709 660 767 LXXXIII.
958 712 1048 767 dicem
1059 713 1202 768 missalem
1217 713 1246 767 in
1259 713 1373 768 brachio
1388 711 1510 768 sinistro.

250 800 386 868 anmodo
397 802 505 856 altorio
520 801 663 855 incensare
678 801 779 856 debeat.
994 803 1005 826 '
1020 801 1049 856 Si
1064 801 1127 873 quis
1140 803 1287 873 episcopus
1300 801 1344 857 vel
1358 800 1443 856 abbas
1458 799 1572 854 missam
1581 799 1696 851 cantare
1710 791 1758 848 de·

146 889 238 960 (aar.)
251 888 354 944 Modus
367 893 463 946 autem
474 889 638 944 incensandi
647 889 692 946 hic
706 895 758 945 est.
775 889 809 945 In
819 890 917 963 primis
956 889 1128 956 bet‚diaconi
1144 892 1205 963 ejus
1222 890 1343 946 eundern
1357 889 1499 944 missalem
1513 891 1627 958 portare
1640 882 1753 938 debent,

112 977 214 1033 faeiem
229 978 329 1033 altaris
354 979 484 1034 incensat
506 978 596 1034 tribus
619 979 735 1046 vicibus,
751 979 852 1034 deinde
866 997 916 1052 per
958 981 1014 1048 lon.
1026 982 1098 1051 aar.)
1111 981 1172 1045 Quo
1186 979 1313 1051 deposito
1325 980 1354 1034 in
1367 979 1593 1033 dextrumcornn
1603 973 1701 1029 altaris
1710 971 1756 1026 in-

112 1072 170 1121 tres
185 1067 260 1122 vices
275 1067 534 1139 superficiem,item
544 1068 573 1122 iu
585 1069 677 1123 medio
689 1068 798 1134 altaria,
813 1069 915 1124 deinde
956 1069 1043 1124 clinat
1055 1086 1085 1124 se
1099 1075 1198 1125 contra
1207 1069 1331 1124 medium
1342 1067 1438 1123 altaris
1446 1067 1482 1121 ad
1493 1065 1650 1122 orationem
1664 1061 1756 1116 maxi·

112 1161 267 1229 atrumque
281 1172 371 1212 cornu
383 1156 474 1212 tribus
488 1157 594 1213 vicibus
611 1157 641 1212 in
656 1157 812 1229 superficie,
828 1163 856 1212 et
870 1175 914 1212 se·
957 1175 1002 1213 me
1017 1159 1202 1214 Dominicam.
1224 1159 1286 1222 Qua
1306 1159 1446 1229 completa
1471 1154 1602 1210 muniens
1622 1169 1652 1208 se
1675 1151 1756 1222 signo

113 1246 169 1300 mel
179 1247 209 1300 in
222 1251 414 1301 transversum
425 1266 432 1314 ;
442 1251 538 1318 postea
550 1253 702 1318 utrumque
716 1246 790 1301 latus
805 1247 877 1302 sicut
889 1251 917 1302 at
957 1247 1057 1314 crucis,
1075 1247 1217 1302 osculetur
1239 1247 1329 1303 altare
1353 1253 1381 1302 et
1402 1249 1510 1302 textum
1524 1241 1667 1312 Evangelii
1681 1241 1756 1297 clau·

114 1334 215 1390 laciem
228 1353 236 1403 3
247 1339 389 1407 postremo
405 1334 452 1390 ubi
466 1341 541 1390 retro
560 1342 634 1390 stare
649 1337 740 1390 solent
750 1337 875 1408 reliquiae
888 1341 917 1392 et
957 1352 1039 1404 sum,
1055 1337 1078 1391 si
1095 1341 1189 1392 tamen
1204 1337 1299 1409 aliquo
1310 1336 1380 1391 labri
1390 1351 1473 1408 opere
1486 1333 1608 1389 exterius
1622 1337 1666 1386 est
1676 1330 1756 1386 deco·

114 1423 241 1496 plenaria
255 1422 327 1494 (108)
343 1425 373 1480 in
385 1430 507 1496 utraque
528 1431 607 1496 parte
623 1429 667 1479 ter
688 1425 785 1496 dirigit
799 1441 915 1480 manum
956 1429 1048 1495 ratns;
1058 1427 1214 1494 sinautem,
1227 1431 1367 1498 apertum.
1380 1428 1390 1450 '
1404 1423 1512 1480 Deinde
1522 1423 1570 1478 dat
1584 1423 1677 1477 locam
1693 1419 1756 1474 dia-

114 1528 174 1566 rum
191 1512 319 1566 incenso.
334 1513 437 1566 Postea
453 1529 516 1567 vero
537 1513 665 1568 incensat
681 1514 783 1570 altaria
804 1515 916 1569 minora
956 1529 1036 1582 cono,
1052 1520 1086 1570 ut
1098 1521 1174 1570 stare
1187 1517 1276 1587 possit
1290 1531 1377 1587 prope
1391 1514 1522 1569 dextrum
1536 1527 1624 1568 cornu
1638 1509 1755 1577 altaris3

113 1601 198 1654 choro
215 1601 352 1673 proxima,
370 1605 400 1656 et
413 1601 442 1659 S.
458 1601 555 1657 Crucis
578 1603 677 1669 altare,
704 1602 809 1657 iaciens
830 1620 916 1674 super
955 1604 1015 1676 ipse
1030 1611 1087 1660 stat
1097 1623 1185 1677 prope
1199 1606 1355 1671 sinistrum,
1373 1610 1403 1660 et
1419 1604 1530 1659 inclinis
1551 1606 1650 1657 contra
1663 1599 1756 1654 diaco·

113 1689 226 1760 singula
238 1707 303 1744 cum
315 1689 430 1745 incenso
445 1690 533 1746 semel
542 1691 632 1746 crucis
641 1692 763 1762 signum.
772 1694 783 1716 *
792 1693 820 1747 Si
835 1694 914 1762 cujus
955 1711 1023 1749 num
1038 1700 1068 1748 et
1081 1694 1299 1750 subdiaconum:
1316 1692 1567 1748 similiterinclines
1576 1691 1673 1746 dicant
1686 1704 1754 1743 con-

113 1779 140 1833 8.
154 1779 284 1850 reliquiae
298 1784 365 1834 sunt
378 1779 408 1834 in
420 1780 527 1851 capella
544 1781 573 1838 S.
589 1781 694 1848 illaria,
714 1782 794 1851 cujus
808 1783 914 1836 fastivi—
924 1761 1115 1840 Bsessionem.
1125 1799 1173 1842 un.
1184 1785 1271 1856 Cujus
1280 1784 1365 1839 etiam
1379 1783 1470 1837 forma
1479 1782 1571 1836 itaest
1579 1777 1754 1852 prescripta,

111 1873 153 1922 tas
167 1871 223 1932 est,
236 1868 305 1923 illuc
316 1883 428 1940 quoque
439 1869 526 1936 vadit,
540 1874 569 1924 et
582 1869 674 1925 solum
685 1870 756 1926 illud
769 1871 866 1938 altare,
883 1872 914 1926 in
955 1878 988 1928 ut
998 1889 1050 1928 nec
1058 1874 1094 1928 ad
1105 1874 1230 1941 missam,
1242 1891 1293 1928 nec
1302 1873 1338 1928 ad
1347 1874 1442 1938 horas,
1454 1871 1556 1943 quibus
1568 1875 1611 1924 est
1624 1866 1751 1933 dicenda,

112 1973 164 2028 quo
191 1963 261 2012 sunt
285 1957 420 2029 reliquiar,
435 1958 521 2012 simili
536 1959 630 2027 modo,
645 1963 678 2014 ut
691 1965 792 2014 caetera
805 1961 914 2015 minora
954 1962 1046 2016 verbis
1060 1960 1243 2034 amplioribus
1256 1961 1366 2016 dicatur
1376 1977 1461 2033 quam
1472 1957 1634 2030 hujusmodi
1647 1971 1654 2011 ε
1667 1957 1755 2024 Confi-

112 2047 212 2102 altaria
225 2047 393 2102 incensabit.
404 2047 522 2115 Deinde,
534 2048 557 2103 si
570 2049 690 2104 domnus
701 2049 783 2118 abba,
800 2051 843 2104 vel
854 2049 913 2121 epi·
955 2056 1012 2105 teor
1024 2053 1141 2106 Ilornr'oo
1155 2055 1179 2105 ot
1194 2054 1322 2106 erunibus
1331 2053 1434 2106 sanctis
1448 2053 1507 2120 ejas
1519 2054 1546 2102 et
1556 2049 1640 2113 cobis,
1651 2049 1752 2108 Polam·

112 2153 220 2208 scopus,
235 2143 287 2191 aut
300 2136 356 2192 alia
370 2136 435 2191 talis
447 2138 601 2209 personain
611 2139 696 2194 choro
707 2145 759 2206 est,
776 2157 840 2194 cum
849 2139 913 2194 thu·
955 2142 1022 2210 quia
1034 2143 1144 2210 peccavi
1158 2143 1190 2194 r'n
1204 2141 1553 2210 copitalione,inlocutione
1567 2141 1591 2192 et
1603 2149 1755 2206 operaturo

114 2225 203 2280 ribulo
220 2224 552 2298 intrabit,praemissaque
566 2227 666 2282 humili
681 2227 863 2283 inclinatione
872 2227 913 2282 illi
954 2232 1054 2298 culpo‚·
1068 2245 1164 2298 precor
1183 2246 1237 2294 uos,
1254 2234 1329 2284 orata
1340 2244 1392 2298 pro
1405 2244 1455 2283 ma.
1474 2229 1639 2281 misereatur
1657 2227 1751 2288 111111,

114 2315 238 2386 porriget
252 2314 409 2382 incensum,
425 2314 527 2370 deinde
540 2315 640 2386 priori.
660 2315 714 2371 Sed
730 2316 754 2370 si
768 2317 847 2371 nulla
860 2317 913 2371 ha·
957 2318 1132 2388 Omnipotens
1157 2319 1236 2380 Deus,
1257 2323 1281 2372 ct
1302 2319 1428 2372 dircitlat
1442 2317 1515 2372 vobis
1535 2318 1631 2370 cronia
1642 2317 1753 2386 peccata

114 2419 175 2457 ram
190 2403 305 2458 alluerit
314 2421 508 2476 personarum,
528 2404 580 2459 soli
593 2405 680 2476 priori
694 2420 746 2478 pro
757 2406 913 2460 reverentia
953 2413 1045 2461 oestro
1061 2426 1068 2460 :
1085 2409 1180 2462 liba-ret
1200 2423 1245 2461 cos
1259 2409 1294 2461 ab
1309 2409 1387 2462 omni
1397 2409 1479 2474 orato,
1496 2408 1635 2460 conservet
1646 2406 1671 2458 at
1685 2418 1752 2457 aon·

113 2508 129 2546 a
142 2491 289 2548 sacerdote
303 2493 506 2565 porrigendum
521 2499 572 2548 est.
586 2495 622 2548 At
634 2494 658 2548 si
668 2499 775 2564 septem
785 2495 913 2549 candela·
953 2495 1047 2566 firoret
1060 2513 1105 2550 nos
1119 2499 1151 2550 1η
1159 2499 1237 2551 omni
1245 2511 1321 2564 opere
1335 2497 1411 2558 bono,
1428 2497 1590 2565 ctpcrdacot
1605 2509 1649 2548 vos
1659 2493 1696 2546 od
1710 2493 1753 2546 oi·

110 2580 162 2636 bra
177 2587 324 2638 cantante
343 2584 436 2654 majus
457 2583 547 2638 altaro
569 2583 669 2653 posita,
691 2587 758 2638 tunc
774 2583 913 2639 aduobus
955 2590 1012 2639 tam
1038 2590 1180 2653 aternam,
1204 2589 1301 2640 Arnon.
1324 2585 1486 2656 adjuncto:
1505 2585 1714 2652 Indatqcntiam
1729 2585 1754 2636 ct

112 2677 155 2726 est
166 2672 379 2736 incensandum,
397 2678 426 2726 ot
434 2676 550 2744 propter
562 2673 615 2727 hoc
627 2672 766 2728 sacerdoti
780 2673 914 2728 alicnisa-
954 2677 1173 2729 rernr'ssionemat
1187 2674 1528 2748 arbutoriamlostquam
1539 2671 1668 2726 collectas
1678 2669 1753 2724 dixe·

110 2761 197 2814 crista
211 2761 314 2828 innuit,
331 2761 380 2833 qui
395 2760 479 2816 simul
503 2777 567 2816 cum
587 2761 806 2817 hebdomadario
821 2778 911 2816 sacer·
951 2762 998 2828 rit,
1015 2761 1132 2818 diacono
1148 2762 1197 2818 dat
1211 2762 1353 2817 missalem
1372 2762 1402 2816 in
1417 2760 1532 2816 sinistro
1544 2775 1632 2814 cornu
1643 2774 1753 2831 ponan-

112 2850 325 2906 doteiucenset.
342 2849 585 2907 Hebdomadarius
608 2867 683 2919 vero,
711 2852 776 2906 lieet
795 2852 911 2907 interior
951 2852 1029 2919 dum,
1054 2851 1108 2908 nisi
1127 2869 1223 2908 secum
1250 2851 1383 2906 maluerit
1407 2850 1489 2916 ferre,
1511 2849 1536 2904 si
1550 2849 1618 2921 quid
1633 2847 1756 2904 voluerit

113 2937 219 3005 ordine,
234 2938 362 2994 dextram
377 2955 464 2994 cornu
473 2939 571 2994 altaris
586 2939 856 2995 consuetudinaliter
869 2940 911 2995 in·
950 2941 1111 3013 previdere.
1134 2941 1256 3014 (11.1Αά
1271 2941 1425 3014 Epistolarn
1440 2939 1521 2994 sedet
1530 2954 1621 3010 usque
1631 2937 1699 2993 dum
1715 2937 1753 2994 ad

109 3033 260 3094 censatos
288 3027 319 3082 in
341 3045 392 3083 suo
421 3029 506 3083 choro
529 3033 629 3100 postea
640 3029 751 3084 rediens
766 3030 861 3084 stabit.
875 3029 910 3084 Hi
952 3029 1136 3102 Evangelium
1158 3030 1279 3086 venitur.
1300 3029 1423 3084 Diacono
1442 3028 1550 3084 lecturo
1563 3027 1613 3082 dat
1636 3025 1752 3082 benedi-

111 3117 174 3183 duo,
190 3117 216 3173 si
230 3118 352 3173 domnus
367 3117 439 3172 abba
461 3118 504 3172 vel
524 3117 626 3188 aliquis
641 3119 910 3190 praenominatorum
952 3119 1073 3175 ctionem
1085 3119 1230 3176 hacmodo
1241 3137 1247 3172 z
1260 3119 1500 3174 Deasmisereatar
1515 3117 1753 3172 1011111111ηωί-

111 3213 152 3261 est
166 3206 195 3262 ia
213 3207 309 3274 choro,
335 3207 420 3262 simul
433 3223 497 3261 cum
511 3205 662 3262 thuribulis
677 3207 780 3262 debent
793 3208 909 3275 intrare,
952 3215 995 3264 cat
1013 3211 1099 3264 nobis.
1121 3211 1161 3264 Ea
1183 3209 1242 3263 vice
1262 3214 1320 3264 stat
1340 3208 1401 3279 ipse
1415 3223 1501 3278 prope
1521 3206 1651 3261 dextrum
1664 3221 1752 3261 cornu

111 3295 249 3367 simulque
265 3295 358 3350 eidem
372 3300 401 3350 at
415 3296 502 3367 priori
511 3296 657 3351 incensum
672 3297 911 3369 porrigere.Quod
951 3299 1058 3366 altaris,
1080 3304 1109 3354 et
1130 3298 1263 3354 diaconus
1282 3314 1369 3370 prope
1384 3296 1541 3352 sinistrum.
1559 3295 1570 3317 ’
1593 3294 1752 3350 Recedenta

110 3383 133 3438 si
143 3385 389 3441 Hebdomadarius
398 3391 481 3457 rogat
489 3385 576 3440 alium
586 3402 637 3458 pro
648 3403 678 3440 se
687 3387 780 3457 legere
788 3388 911 3458 Evange-
951 3393 1046 3443 autem
1061 3405 1093 3444 co
1104 3388 1139 3443 de
1152 3388 1235 3444 altari
1253 3387 1287 3441 ad
1302 3385 1463 3457 analogium
1478 3385 1562 3440 vertit
1576 3400 1606 3439 se
1621 3382 1752 3439 sacerdos

110 3473 187 3540 lium,
201 3479 302 3546 postea
324 3476 420 3546 legens
436 3474 532 3530 omnia
554 3475 613 3530 haec
627 3477 783 3548 prescripta
796 3477 868 3531 sciat
880 3494 910 3532 se
951 3482 1015 3549 post
1037 3478 1128 3546 illum,
1148 3483 1177 3532 et
1202 3477 1244 3532 ita
1264 3481 1330 3544 stat,
1352 3492 1442 3547 usqae
1461 3475 1529 3529 dum
1546 3473 1699 3546 perlectum
1714 3472 1753 3528 sit

110 3561 260 3618 iacturum.
278 3563 308 3618 Si
320 3569 416 3618 autem
427 3564 493 3618 inde
507 3569 622 3635 rogatus
636 3581 700 3619 cum
715 3565 779 3619 alba
793 3565 867 3621 redit
880 3565 910 3621 in
951 3567 1143 3638 Evangelium.
1172 3568 1236 3622 Non
1254 3567 1346 3622 solum
1367 3569 1462 3620 autern
1486 3565 1544 3631 ille,
1569 3563 1617 3618 sad
1633 3569 1662 3618 et
1675 3566 1752 3617 totus

109 3651 237 3722 choram,
247 3669 313 3708 cnm
325 3653 361 3708 ad
375 3653 530 3708 exuendam
545 3652 638 3708 albam
653 3654 760 3720 exierit,
777 3655 910 3726 sullragia
950 3661 1102 3712 conventus
1116 3660 1278 3712 reverenter
1290 3672 1320 3710 se
1331 3655 1406 3722 illuc,
1419 3654 1511 3721 vertit,
1528 3652 1699 3724 ubicumque
1709 3651 1752 3708 le-

109 3741 278 3796 Sauctorum
296 3741 534 3798 hebdomadarius
554 3742 631 3809 dicit,
655 3750 684 3799 et
711 3749 822 3812 catera,
848 3761 910 3815 quae
950 3745 1028 3816 gitur
1044 3744 1236 3816 Evangelium.

108 3835 174 3885 tunc
187 3835 357 3903 sequuntur.
372 3832 402 3887 Sl
411 3849 476 3887 vero
487 3832 592 3904 absque
606 3833 670 3887 alba
680 3834 763 3899 redit,
774 3834 908 3904 suffragia
1165 3835 1282 3890 CAPUT
1300 3832 1437 3889 LXXXIV
1450 3828 1537 3906 (109).

108 3919 277 3976 Sanctorum
301 3927 330 3976 et
345 3927 446 3977 caetara
460 3937 550 3994 usque
564 3921 599 3976 ad
621 3923 828 3992 processionem
842 3939 908 3994 per·
949 3923 1008 3990 Qua
1019 3925 1167 3992 atiliacotia
1180 3925 1315 3978 dominici
1327 3925 1446 3992 eorporis
1460 3922 1626 3976 consecratio
1641 3924 1666 3974 et
1679 3933 1752 3974 oom-

108 4009 181 4080 agit,
198 4015 229 4064 et
245 4010 271 4064 si
285 4010 401 4065 missam
420 4011 558 4082 maiorem
573 4015 616 4066 est
637 4011 829 4067 celebraturus
841 4013 907 4068 licet
1211 4015 1310 4066 trianto
1324 4012 1490 4066 celebratur.

107 4105 214 4154 creterae
228 4100 348 4154 horaead
361 4116 425 4155 eum
440 4101 674 4171 nonpcrtineaut,
685 4101 785 4156 horam
799 4107 905 4168 mmcn,
984 4103 1043 4170 (un.
1052 4101 1255 4171 oar.)Dignum
1261 4099 1382 4162 videtur,
1390 4097 1612 4154 etnecessarinm
1621 4095 1751 4151 hicinse-

108 4202 168 4256 quae
182 4186 301 4241 missam
311 4187 495 4242 continuatim
511 4189 652 4258 praecedit,
669 4195 697 4244 et
712 4190 833 4256 Nonam,
847 4205 909 4261 quae
949 4205 1082 4262 roreque
1091 4189 1235 4260 diligentia
1244 4206 1332 4260 quove
1347 4188 1484 4244 studioad
1494 4185 1632 4244 Dominiai
1642 4185 1749 4256 Corpo-

107 4275 295 4330 eontinuatim
310 4277 461 4348 prandium
480 4275 670 4348 subsequitur,
687 4278 908 4348 completorium
950 4280 989 4333 ris
999 4285 1027 4333 ct
1042 4279 1194 4349 Sanguinis
1204 4277 1442 4334 consecrationem
1454 4275 1601 4330 serviatur.
1620 4273 1749 4328 Primum

106 4380 219 4437 quoque
233 4365 906 4437 implebitsicutetVesperas,siincensabit.(uu.)
949 4372 1065 4439 propter
1073 4368 1339 4440 hocipsumlactum
1348 4363 1672 4421 estunumarmariolum
1682 4365 1749 4418 ante

105 4454 137 4508 ln
162 4455 281 4525 privatis
304 4454 402 4509 diebus
427 4455 536 4526 quoties
555 4454 599 4509 bis
613 4455 797 4520 comedimus
815 4456 909 4528 prius·
949 4457 1048 4512 faciem
1061 4458 1176 4528 majoris
1187 4457 1285 4512 altaris
1300 4453 1650 4528 optimecompagiuatum‚
1667 4455 1695 4508 et
1707 4451 1751 4506 in·

105 4559 190 4614 qqam
205 4543 318 4616 signum
334 4544 370 4599 ad
385 4545 508 4600 Tertiam
524 4545 661 4616 pulsetur,
677 4563 777 4600 manus
787 4563 820 4601 ex
830 4523 1088 4602 moreDtrinsecus
1098 4548 1200 4619 pannis
1210 4545 1583 4618 undiquevestitum.lnquo
1593 4539 1750 4596 nihilaliud

102 4631 180 4688 lavat
189 4639 222 4688 ut
233 4633 362 4690 oratione
375 4634 448 4688 facta
456 4651 558 4689 moxsc
568 4635 788 4690 sacerdotalibus
798 4636 907 4702 induat,
949 4636 1110 4692 reconditur
1123 4637 1177 4692 nisi
1192 4637 1239 4691 illa
1250 4634 1382 4691 utensilia
1395 4649 1456 4706 quae
1465 4631 1625 4688 necessaria
1634 4633 1701 4686 sunt
1712 4629 1750 4684 ad

103 4726 132 4775 et
146 4721 274 4776 Tertiam
289 4723 438 4794 imponat;
459 4728 488 4777 et
502 4728 569 4778 tunc
584 4725 619 4778 ad
632 4723 773 4779 Litaniam
787 4741 850 4780 cum
861 4742 907 4781 se·
949 4723 1097 4778 Missarum
1121 4723 1267 4790 solemnia,
1282 4723 1430 4778 dumtaxat
1444 4721 1474 4776 in
1498 4721 1644 4776 Conventa
1666 4732 1752 4788 gene·

102 4811 197 4866 dendo
212 4811 380 4866 decantatus
389 4811 476 4867 luerit
489 4813 537 4867 ille
551 4829 648 4868 versus
660 4815 765 4878 omnes,
774 4819 839 4882 etc,
851 4815 908 4870 exit
948 4813 1047 4868 naliter
1060 4813 1250 4884 agendarum,
1265 4811 1294 4865 id
1308 4813 1351 4866 est
1360 4810 1499 4883 praecipue
1509 4807 1565 4864 duo
1574 4807 1675 4864 calices
1684 4821 1750 4862 cum

101 4899 137 4954 de
152 4900 251 4967 choro,
271 4906 305 4955 ut
316 4902 411 4956 casula
436 4919 466 4956 ae
485 4902 594 4970 vestiat,
611 4907 640 4957 et
654 4919 718 4958 cum
730 4904 906 4974 processione
942 4902 1057 4974 ¹patenis
1082 4902 1199 4956 diversae
1229 4901 1406 4972 quantitatis,
1437 4903 1466 4954 et
1493 4897 1548 4953 duo
1582 4895 1748 4968 corporalia,

101 4989 137 5044 ad
151 4991 244 5045 altare
258 4991 361 5046 veniat.
373 4991 501 5046 Eundem
513 4992 641 5047 ordinem
654 4993 773 5047 exeundi
789 4998 853 5065 post
863 4994 907 5048 la·
947 5007 1037 5047 unum
1055 4991 1183 5063 duplum,
1199 4991 1272 5046 sicut
1295 4989 1391 5045 omnia
1406 4988 1569 5060 corporalia
1583 4987 1675 5041 solent
1689 4998 1751 5039 essa

101 5085 179 5134 etam
189 5080 347 5134 orationem
358 5079 497 5148 observat,
506 5080 564 5136 sive
578 5081 690 5136 Litania
704 5081 819 5137 missam
835 5100 908 5154 prae·
949 5081 986 5136 ad
997 5081 1121 5153 privatas
1135 5080 1244 5147 missas,
1261 5081 1382 5135 alterum
1408 5077 1551 5149 simplum.
1567 5074 1660 5131 Minor
1678 5069 1751 5127 calix

99 5169 199 5228 cedat,
211 5172 223 5194 '
242 5169 273 5226 Si
287 5169 347 5224 dies
363 5175 407 5224 est
420 5170 494 5236 talis,
508 5175 541 5226 ut
555 5171 667 5226 nonnisi
680 5172 768 5226 semel
781 5173 908 5227 comeda·
949 5186 1012 5226 cam
1028 5169 1113 5241 duplo
1128 5168 1266 5241 corporali
1276 5169 1311 5223 ad
1327 5167 1523 5223 matutinalem
1529 5159 1749 5230 missam,major

99 5262 158 5324 tur,
177 5257 262 5312 vestit
275 5257 390 5328 seinter
404 5259 574 5314 cantandum
588 5259 749 5314 Litaniam:
767 5261 828 5314 etsi
840 5276 907 5331 pro·
948 5275 1012 5314 cam
1035 5257 1135 5329 simplo
1157 5258 1193 5312 ad
1216 5259 1363 5328 majorem.
1379 5258 1452 5312 Nam
1465 5264 1494 5309 et
1511 5267 1600 5309 unum
1615 5247 1750 5318 simplum

100 5347 193 5402 cessio
201 5351 245 5401 est
257 5346 377 5418 agenda,
385 5353 417 5403 ut
431 5347 461 5402 in
471 5347 570 5419 quinta
582 5347 652 5404 ieria
668 5348 905 5420 Quadragesimae,
948 5363 1059 5419 semper
1071 5347 1100 5402 in
1115 5347 1229 5402 sinistro
1244 5363 1332 5403 coma
1346 5350 1391 5402 est
1402 5343 1499 5400 altaris
1513 5341 1542 5394 in
1557 5354 1615 5395 una
1628 5335 1751 5410 capsella

100 5449 159 5490 non
175 5435 399 5503 sevestit,donea
414 5435 515 5508 etipsa
525 5436 585 5508 jam
599 5435 785 5494 factaluerit'
800 5443 829 5492 et
840 5444 907 5494 tunc
947 5453 1012 5492 oum
1025 5437 1114 5493 serico
1129 5437 1262 5492 decenter
1276 5440 1386 5501 ornata,
1402 5437 1434 5488 ut
1447 5447 1466 5486 a
1479 5427 1621 5502 prioribus
1645 5423 1751 5483 nostris

139 5576 213 5648 1108)
234 5581 368 5634 Plancrio
379 5579 399 5635 l.
416 5595 516 5652 capsae,
531 5578 575 5635 vel
587 5587 763 5640 ornamenta.

140 5649 218 5720 (109)
236 5648 308 5705 Vide
319 5653 404 5725 rapat
418 5649 461 5710 35.
480 5650 577 5709 Ordin.
595 5650 720 5717 Cluniae.
735 5660 810 5730 part.
827 5669 847 5710 r.
861 5669 912 5726 per
926 5649 1113 5709 Bemardum.
