3896 6170
106 239 177 300 12⁰1
709 241 917 300 DISCIPLINA
935 241 1145 302 sumansu.
1676 237 1747 304 tilla

103 366 188 421 niant
200 369 267 422 ante
276 364 416 421 abbatem.
440 365 673 422 Pervenientibus
686 367 782 441 itaque
796 369 826 424 in
835 367 1026 440 rete-Aiurta
1034 369 1124 424 altare
1134 382 1208 424 anus
1216 367 1292 434 binc,
1309 365 1382 424 alius
1396 367 1473 434 inde,
1485 365 1612 424 dividant
1622 367 1676 425 sibi
1688 369 1750 426 sin·

102 456 235 522 storiam,
245 455 367 510 domnus
381 453 467 510 abbas
482 459 513 511 et
525 457 611 527 prior,
628 457 850 513 ministrantibus
866 458 906 513 eis
948 459 1034 514 dones
1051 477 1057 513 :
1075 475 1131 532 qua
1142 459 1266 532 perfecta
1278 457 1373 514 veniat
1395 458 1525 514 sacerdos
1539 457 1574 514 ad
1598 459 1697 526 altore,
1717 466 1747 517 et

103 544 207 617 quibus
221 545 381 616 injunctum
394 543 906 612 fueritfratribus,dantesosculentur
947 548 1089 604 solemnes
1104 547 1258 617 orationes,
1273 563 1334 619 quae
1353 553 1419 602 sunt
1440 548 1470 602 in
1499 547 1745 606 sacramentorum

102 651 206 690 manus
220 649 329 700 eorum,
345 639 374 688 et
387 633 541 688 infantibus
555 633 701 704 similiter,
716 635 838 691 lectione
853 653 904 692 au·
946 635 1017 692 libro
1029 637 1105 694 dIcat
1120 642 1167 694 :et
1189 653 1240 710 pro
1253 635 1357 691 ludaeis
1379 651 1435 692 non
1460 635 1571 692 dicatur
1593 639 1746 694 Fleelomus

101 722 330 790 temterminata,
344 721 477 777 diaconas
491 721 584 777 ablata
598 723 670 778 stola
688 740 751 778 cum
768 723 839 790 aliis,
856 723 904 797 qui
945 741 1043 795 penae.

102 816 170 868 sunt
183 811 214 866 in
227 809 309 874 albis,
324 811 361 865 ad
374 810 501 866 tabulam
515 811 611 866 domni
626 809 736 868 abbatis
764 812 903 879 sedentes,
982 813 1089 879 Quibus
1105 814 1209 870 exactis
1222 814 1390 871 ordinentur
1402 816 1510 888 tapetia
1524 820 1590 872 ante
1605 816 1706 887 altare,
1717 821 1747 873 et

101 907 203 972 potam
218 899 350 955 similiter
363 899 511 972 accipiant,
523 904 552 955 et
564 899 671 955 bibant.
687 901 757 956 Cum
782 901 847 957 inde
860 918 905 957 re-
947 903 1076 959 sacerdos
1090 908 1175 960 exuat
1196 919 1226 959 se
1250 904 1346 959 casula
1371 909 1456 976 atque
1470 905 1552 970 stola,
1568 909 1597 961 et
1611 905 1746 964 diaconus

100 993 255 1046 vomuntur
280 988 317 1044 ad
341 989 498 1052 scelestam,
527 989 723 1062 unusquisque
742 995 797 1044 stet
812 991 840 1045 in
855 1006 906 1046 suo
947 990 1035 1055 stola:
1053 991 1119 1064 quia
1143 991 1174 1046 in
1201 992 1255 1047 hac
1279 993 1350 1046 hora
1381 993 1442 1048 sine
1464 992 1560 1048 casula
1574 1010 1634 1050 esse
1652 992 1746 1049 debet.

104 1081 166 1135 loco
182 1095 279 1133 sersus
307 1082 407 1133 contra
433 1078 587 1147 orlentsm3
602 1079 719 1150 juvenes
742 1079 778 1134 ad
802 1079 906 1134 formas
946 1079 1053 1135 Deinde
1067 1083 1168 1135 exeant
1181 1080 1237 1135 duo
1251 1081 1410 1136 sacerdotes
1423 1083 1467 1137 vel
1481 1081 1601 1149 diaconi,
1615 1081 1687 1138 albis
1704 1078 1748 1137 irt-

103 1173 191 1236 stent‚
203 1172 318 1223 cantent
332 1167 545 1239 completorium
563 1166 615 1223 snb
630 1167 743 1223 silentio
757 1168 906 1240 unusquis·
947 1167 1008 1224 duti
1022 1172 1213 1223 sustentantes
1228 1185 1340 1224 crucem
1355 1187 1416 1242 quse
1427 1171 1520 1226 relata
1530 1187 1590 1226 esse
1600 1170 1692 1238 debet,
1704 1187 1747 1227 re·

102 1273 157 1329 qne
172 1272 274 1330 perse.
946 1261 990 1312 tro
1004 1257 1094 1312 altare
1109 1262 1241 1312 canentes
1254 1274 1376 1324 versum,
1390 1261 1491 1327 Popula
1506 1276 1593 1316 meus.
1602 1260 1749 1316 Haeccom·

407 1345 524 1400 CAPUT
542 1343 595 1400 111.
945 1345 1044 1400 munia
1056 1345 1112 1400 sint
1125 1351 1191 1400 ante
1204 1346 1311 1411 altare,
1328 1346 1383 1403 duo
1397 1347 1468 1402 albis
1482 1347 1525 1403 rel
1541 1357 1600 1403 tres
1614 1347 1747 1403 similiter

265 1437 299 1490 In
309 1437 476 1490 Parasceoen
491 1435 612 1504 qualiter
624 1439 737 1502 noctur.
946 1433 1038 1490 induti
1069 1435 1164 1490 Graece
1191 1434 1403 1506 respondentes,
1420 1433 1489 1507 ἅγιος
1504 1435 1518 1488 ὁ
1541 1433 1607 1498 Θεὸς
1621 1452 1627 1490 :
1644 1434 1746 1492 deinde

136 1526 170 1582 In
185 1525 341 1580 Parascere
365 1522 482 1578 totidem
512 1522 568 1578 alni
594 1539 717 1578 accensa
731 1523 853 1579 candela
868 1524 904 1579 ad
945 1524 1037 1580 clerus
1049 1523 1150 1579 Latine
1175 1540 1346 1596 prosequens
1368 1525 1507 1590 decantet,
1522 1524 1640 1581 Sanctus
1666 1523 1744 1586 Deus,

103 1617 346 1686 nocturnes,quot
359 1610 460 1684 psalmi
474 1616 541 1666 sunt
559 1612 720 1683 imponendi
733 1613 904 1668 :lactatrina
943 1613 1061 1670 Sanetus
1084 1614 1165 1680 sortis
1178 1632 1186 1666 :
1201 1613 1267 1668 inde
1290 1612 1356 1681 duo,
1373 1613 1422 1684 qui
1445 1629 1555 1668 crucem
1585 1614 1747 1668 sustentant

103 1703 234 1760 oratione
267 1706 480 1775 perstrepentur
506 1699 609 1756 tabula
636 1701 697 1755 loco
713 1701 857 1772 signorum
872 1702 933 1786 inB
944 1706 1086 1756 moventes
1098 1718 1128 1756 se
1137 1699 1265 1756 delerant
1279 1717 1389 1756 crucem
1404 1701 1611 1772 aliquantulum
1622 1700 1746 1758 inantea

102 1794 239 1848 claustro.
251 1791 347 1847 Lectio
358 1789 568 1861 adIngressum,
584 1791 617 1844 lit
628 1791 771 1845 recordata
786 1796 824 1845 est
838 1793 903 1846 Hie·
945 1796 1078 1845 canentes
1093 1790 1195 1844 iterum
1210 1791 1388 1860 versiculum,
1403 1791 1456 1858 Qui
1466 1792 1562 1845 eduen
1576 1796 1609 1846 te.
1622 1790 1746 1862 Respon-

102 1885 237 1938 rusolem.
250 1877 480 1935 exilieremia.ln
494 1879 625 1945 secundo,
639 1879 846 1934 Oonsiderontes
855 1896 905 1934 ou·
946 1878 1032 1932 deant
1041 1878 1107 1942 duo,
1120 1875 1188 1950 ἅγιος
1203 1878 1217 1932 ὁ
1229 1876 1295 1941 Θεὸς
1313 1895 1367 1933 :aa
1395 1878 1497 1934 deinde
1523 1878 1624 1946 clerus,
1646 1878 1746 1934 subse-

103 1975 169 2037 lnm,
186 1985 222 2024 ex
233 1973 358 2024 mactatu
372 1967 449 2022 beati
470 1967 630 2039 Augustini.
652 1967 779 2022 Tertium
793 1973 905 2024 noctur·
946 1974 1066 2039 quatur:
1082 1967 1279 2022 SanctusDeus
1296 1967 1417 2023 :iterum
1430 1983 1494 2023 vero
1505 1967 1552 2039 qui
1562 1984 1675 2023 crucem
1686 1983 1747 2023 sus·

102 2075 171 2115 num
186 2057 301 2129 legatur
314 2057 349 2111 de
373 2056 498 2127 Epistola
518 2056 554 2111 ad
578 2055 719 2123 Hebraeos,
735 2057 904 2113 destinemus
944 2061 1055 2112 tentem
1065 2056 1228 2111 accedentes
1242 2073 1329 2128 prope
1339 2057 1429 2112 altare
1438 2061 1552 2123 canant,
1568 2057 1641 2125 Quid
1655 2060 1745 2113 ultro.

102 2149 218 2216 inpredi
230 2164 240 2208 ;
255 2146 364 2217 reliqua
376 2144 433 2201 alia
446 2145 519 2201 sicut
533 2161 628 2216 supra.
639 2145 691 2200 Die
705 2145 760 2200 ista
770 2145 820 2200 sed
832 2144 903 2201 Sab·
944 2144 1144 2216 Respondeant
1156 2146 1223 2211 duo,
1239 2144 1308 2218 ἅγιος
1323 2145 1337 2198 ὁ
1359 2143 1426 2208 Θεὸς
1441 2159 1492 2200 :ac
1506 2144 1607 2200 deinde
1628 2145 1721 2201 clerus
1735 2161 1742 2200 :

102 2234 166 2290 bato
187 2235 275 2290 horas
297 2233 350 2288 sub
373 2233 484 2289 silentio
499 2234 604 2300 dicant,
631 2233 801 2305 regulariter
814 2235 902 2290 versia
943 2233 1060 2288 Sanctus
1073 2236 1154 2289 Deus.
1166 2233 1244 2290 Tunc
1255 2234 1310 2306 ipsi
1324 2234 1380 2290 duo
1397 2234 1445 2306 qui
1460 2249 1572 2289 crucem
1586 2237 1685 2289 tenent
1696 2250 1745 2290 ve·

103 2323 227 2380 saltibus
239 2323 274 2378 ad
285 2323 384 2377 altare.
397 2321 560 2378 luvenesad
574 2322 679 2378 formas
693 2328 769 2377 stent
785 2325 902 2378 :Domi·
943 2323 1052 2378 nientes
1064 2328 1129 2378 ante
1145 2323 1244 2391 altare,
1264 2338 1433 2394 crucemque
1457 2323 1597 2379 nudantes
1610 2322 1747 2395 incipiant

103 2431 155 2469 nus
166 2413 307 2468 uobiscum
321 2427 460 2483 nusquam
476 2410 586 2466 dicatur
600 2427 650 2483 pro
664 2412 718 2466 hac
732 2411 789 2479 die;
800 2413 837 2467 ad
848 2413 904 2484 pri-
945 2411 1139 2484 antiphonam,
1155 2413 1220 2468 Ecce
1230 2415 1340 2482 lipnum
1356 2415 1457 2467 crucis.
1471 2412 1565 2467 Finita
1578 2411 1745 2486 antiphona,

103 2521 179 2560 mam
193 2501 310 2557 veniant
323 2501 487 2567 discalciati,
503 2517 588 2572 quam
602 2500 699 2556 dicant
715 2500 768 2556 sub
782 2500 904 2556 silentio.
946 2501 1048 2556 chorus
1063 2501 1148 2568 dicat,
1168 2503 1265 2564 Venite,
1282 2503 1450 2569 ecultemus,
1463 2501 1507 2556 vel
1520 2503 1596 2556 Beati
1604 2504 1745 2556 immacu·

101 2592 266 2663 Antiphone
289 2608 322 2645 ea
344 2589 494 2662 Evangelio
506 2589 595 2661 ipsius
623 2589 689 2654 diei,
705 2589 778 2645 sicut
792 2591 837 2646 die
856 2591 905 2646 illa
947 2593 1008 2646 loli.
1024 2592 1103 2646 Tunc
1117 2591 1266 2662 projiciant
1280 2607 1311 2645 se
1337 2606 1434 2646 omnes
1445 2591 1476 2645 in
1496 2595 1574 2646 terra
1593 2591 1745 2646 adorantes

102 2683 139 2737 ad
148 2682 236 2736 horas
250 2680 449 2754 praemiserunt
463 2679 498 2734 de
519 2679 592 2746 suis;
604 2678 645 2733 ita
662 2684 692 2734 et
703 2678 825 2734 Sabbato
840 2696 903 2735 san·
943 2685 1070 2734 sanctem
1079 2695 1189 2735 crucem
1202 2677 1213 2747 ;'
1224 2678 1349 2751 dumque
1362 2679 1505 2746 adoratur,
1519 2679 1575 2735 duo
1584 2677 1745 2735 illisusten·

102 2775 148 2826 cto
162 2769 200 2824 de
214 2767 420 2842 proprietaneis
433 2767 594 2839 antiphonis
607 2773 823 2840 prosequantur,
836 2769 903 2824 Post
943 2772 1005 2823 tent
1014 2783 1134 2834 crucem,
1154 2782 1299 2840 quousque
1313 2765 1363 2822 alii
1374 2766 1489 2822 veniant
1501 2771 1530 2822 et
1544 2767 1599 2838 ipsi
1617 2767 1654 2822 ad
1676 2767 1744 2823 ado·

100 2859 225 2934 primam
241 2858 336 2912 dicant
346 2863 453 2929 septem
467 2858 589 2928 psalmos
611 2857 806 2925 communiter,
823 2863 851 2912 et
865 2857 903 2912 li·
943 2855 1642 2928 randumchorusantiphonamdecantetb'rucem
1652 2861 1742 2911 tuom.

102 2949 224 3004 taniam.
254 2947 394 3002 Exeuntes
412 2945 599 3000 communiter
619 2945 722 3000 iratres
748 2946 844 3001 dicant
872 2946 904 3000 in
943 2946 1011 3001 Post
1020 2947 1189 3018 antiphonas
1204 2950 1341 3001 canentur
1353 2945 1383 3000 tri
1396 2961 1503 3014 versus,
1519 2944 1596 3001 Orus
1608 2946 1744 3014 fidelium

102 3037 227 3094 claustro
243 3035 410 3091 Psalterium
426 3051 459 3090 ex
481 3035 602 3105 integro,
617 3035 737 3090 Mudate
753 2997 932 3091 DominumC
943 3035 991 3090 alii
1005 3035 1087 3090 sicuti
1101 3034 1199 3106 scripti
1213 3040 1288 3091 sunt.

101 3127 133 3182 de
143 3127 219 3181 ecelis
228 3141 326 3197 usque.
346 3123 440 3179 Sedet
452 3124 574 3178 infantes
590 3139 654 3179 cum
665 3123 807 3195 magistris
822 3124 902 3178 simi·
979 3123 1050 3179 (lum
1065 3140 1130 3179 vero
1145 3139 1161 3178 a
1185 3124 1245 3179 loco
1271 3123 1320 3178 ubi
1347 3123 1464 3179 adorata
1478 3128 1521 3179 est
1539 3122 1657 3192 toIIItur,
1671 3124 1742 3180 etin

102 3214 169 3269 liter
182 3213 298 3268 faciant.
329 3213 445 3268 Coronae
473 3215 502 3266 et
528 3227 626 3266 omnes
650 3228 746 3266 cruces
761 3210 902 3283 discoope·
942 3212 1003 3267 loco
1017 3211 1135 3284 erigitur
1148 3211 1293 3283 disposito,
1317 3212 1376 3267 hac
1396 3211 1551 3284 antiphone
1567 3212 1742 3285 imponatur,

101 3304 214 3359 riantur
243 3306 309 3356 ante
332 3299 464 3368 tertiam
485 3299 546 3355 istis
573 3316 696 3372 namque
722 3299 831 3356 duobus
846 3300 903 3356 die-
943 3300 1032 3370 Super
1046 3303 1142 3356 omnio
1157 3302 1234 3368 liqna
1249 3301 1404 3359 cedrorum.
1418 3301 1480 3366 Qua
1500 3306 1616 3373 peraeta
1624 3299 1743 3357 abluant

100 3391 276 3463 bannajas
307 3391 358 3445 ilat
377 3389 566 3456 intervallum,
583 3405 668 3461 quam
694 3389 769 3445 soliti
790 3393 857 3445 sunt
870 3407 902 3444 a·
944 3404 1044 3444 manus
1058 3405 1123 3444 suas
1137 3388 1193 3444 duo
1210 3388 1376 3462 presbyteri,
1392 3394 1420 3445 et
1442 3390 1577 3446 diaconus
1593 3391 1641 3463 qai
1659 3388 1743 3446 debet

100 3497 182 3554 gere.
944 3494 1045 3550 corpus
1057 3477 1170 3532 Domini
1186 3482 1319 3542 tractare,
1339 3479 1441 3534 casulla
1457 3478 1549 3534 induti
1562 3480 1608 3534 vel
1623 3481 1738 3552 cappis:

135 3572 208 3626 Post
222 3584 326 3624 nonam
348 3585 414 3624 vero
428 3569 584 3625 vestiantur
597 3567 667 3623 albis
688 3567 738 3634 illi,
752 3567 801 3638 qui
820 3567 901 3622 obse·
942 3567 978 3622 ad
989 3583 1067 3622 aram
1079 3567 1261 3622 constitutam
1275 3567 1461 3623 veniantcum
1469 3567 1646 3624 candelabris
1656 3574 1741 3640 atque

101 3658 201 3732 quium
217 3673 301 3728 agere
313 3656 418 3712 debent
442 3657 575 3721 ecclesia,
589 3662 618 3712 et
630 3656 751 3711 infantes
765 3655 830 3714 toti.
845 3657 901 3711 Re·
941 3656 1064 3720 incenso,
1081 3661 1110 3712 et
1123 3656 1255 3711 ordinent
1265 3654 1302 3710 ibi
1313 3656 1426 3712 calicem
1442 3673 1505 3712 cum
1515 3657 1614 3713 rinoet
1627 3674 1703 3730 aqua
1712 3659 1742 3715 in

100 3745 276 3802 vertentibus
289 3762 322 3800 ex
340 3745 405 3817 igne
433 3745 588 3812 benedicto,
598 3745 675 3818 prior
688 3743 772 3799 debet
786 3748 899 3816 portare
941 3745 1004 3817 Ipso
1014 3744 1116 3810 inlusa,
1131 3751 1159 3799 et
1174 3744 1338 3799 conficiatur
1363 3744 1476 3800 Domini
1499 3761 1610 3818 corpus.
1627 3746 1691 3803 Mox
1709 3753 1742 3804 ut

100 3836 207 3892 lumen.
229 3834 307 3890 lllico
318 3839 350 3890 ut
363 3835 490 3906 perventi
508 3835 641 3906 (itamar.)
651 3832 794 3888 laer-intio
804 3833 898 3900 choro,
941 3833 1097 3904 perfectum
1113 3832 1272 3898 habuerint,
1287 3838 1317 3887 et
1328 3833 1463 3904 coeperint
1473 3849 1590 3906 pergere
1604 3835 1641 3890 ad
1651 3836 1741 3893 altare

100 3924 290 3980 subdiaconus
314 3923 390 3980 dicat
411 3924 559 3979 lectionem
585 3922 816 3988 Hieremia,tlac
833 3921 900 3975 dicit
941 3923 1037 3992 maius
1050 3922 1081 3976 in
1096 3938 1151 3993 quo
1179 3921 1338 3976 ordinatam
1361 3921 1485 3977 habeant
1497 3923 1643 3978 sindonem
1655 3931 1741 3997 atque

101 4015 314 4070 Dmninuslleus
328 4015 379 4068 :ln
390 4015 570 4068 tribulatione
584 4029 636 4066 sua
647 4015 900 4078 memnonsurpent
941 4011 1094 4082 corporale,
1108 4009 1183 4065 illico
1196 4015 1377 4082 prosternant
1390 4027 1420 4065 se
1435 4026 1533 4066 omnes
1549 4029 1555 4064 :
1571 4011 1679 4067 itemst
1692 4029 1740 4069 sa·

100 4103 136 4158 od
143 4101 421 4160 me.Revertcntibus
431 4117 464 4156 ea
471 4101 536 4174 igne
552 4098 708 4167 benedicto,
730 4099 842 4153 veniant
856 4115 901 4153 sa·
941 4099 1040 4154 cardos
1054 4099 1174 4171 accipiat
1185 4097 1362 4153 thuribulum
1382 4104 1411 4154 et
1424 4097 1538 4154 calicem
1552 4099 1679 4155 incenset
1693 4107 1739 4156 et·

101 4191 231 4246 cerdotes
246 4190 280 4245 de
295 4190 418 4246 sacrario
439 4207 501 4246 cum
529 4189 615 4245 sacris
630 4187 774 4244 ordinibus
784 4204 846 4242 cum
864 4187 902 4243 si·
942 4205 996 4262 que
1010 4190 1066 4244 alte
1079 4189 1154 4244 dicat
1167 4189 1282 4244 Oramus
1297 4209 1304 4244 :
1324 4191 1466 4258 Preceptis
1486 4191 1668 4246 solutoribus.
1691 4192 1740 4246 ee·

100 4279 187 4335 lentio
207 4279 280 4334 nibil
293 4283 425 4334 canentes
444 4279 481 4334 ad
506 4280 604 4345 altare,
621 4277 795 4349 postulantes
807 4293 858 4348 pro
871 4293 901 4331 se
943 4284 984 4332 lor
998 4278 1224 4344 noster.Deinde,
1240 4278 1336 4333 libero
1350 4294 1409 4344 nos,
1430 4293 1595 4346 quesumus,
1611 4279 1737 4344 Domine,

101 4369 187 4426 orari.
202 4369 276 4424 Dum
300 4369 374 4424 lacta
386 4369 472 4424 luerit
485 4368 621 4424 confessio
635 4383 699 4422 cum
717 4366 801 4422 levita
813 4365 898 4432 dicat,
907 4353 932 4412 D
941 4366 992 4422 sub
1005 4365 1127 4422 silentio.
1157 4365 1352 4437 Subseqaatur
1371 4366 1438 4431 alte,
1453 4367 1505 4420 Per
1518 4369 1613 4422 omnio
1639 4371 1740 4424 secula

102 4459 228 4524 Orenrus,
241 4457 375 4512 diaconus
389 4458 561 4529 pronuntiet,
578 4459 729 4512 Flectomus
750 4471 850 4523 penuo,
872 4460 901 4510 et
940 4457 1107 4510 iaculorum
1120 4460 1149 4509 et
1162 4454 1258 4509 mittat
1281 4470 1382 4525 corpus
1405 4453 1517 4510 Domini
1539 4455 1570 4511 in
1590 4455 1665 4512 vino.
1679 4459 1740 4514 Pau

99 4555 164 4620 post
178 4546 327 4618 paululum
342 4545 427 4609 dicat,
447 4547 540 4600 neate
551 4543 626 4616 (ll);
652 4551 681 4599 et
694 4542 824 4599 sacerdos
838 4559 900 4615 pro-
939 4546 1055 4599 Domini
1069 4543 1276 4616 praetermittat.
1295 4542 1402 4599 Deinde
1417 4543 1608 4616 perordinem
1624 4546 1741 4603 veniant

101 4643 162 4690 mat
184 4636 259 4689 hanc
274 4634 441 4700 oratIonem,
451 4636 547 4689 Denso
563 4617 616 4703 quo
626 4639 651 4688 et
665 4635 761 4688 ludos.
778 4631 900 4703 Prophe·
941 4648 1038 4688 onmes
1049 4633 1084 4688 ad
1099 4631 1375 4697 communicandum,
1387 4632 1473 4686 etlam
1487 4632 1620 4700 infantes,
1636 4639 1665 4690 et
1675 4650 1740 4692 cum

101 4725 150 4791 tia,
163 4726 225 4780 lieo
238 4725 307 4778 dicit
320 4725 466 4781 Dominus.
494 4722 620 4789 Tractus,
644 4725 765 4786 Domine,
790 4723 898 4777 audivi.
941 4720 1140 4776 communicati
1154 4719 1269 4784 luerint,
1281 4731 1399 4776 sonetur
1412 4719 1517 4787 tabula,
1534 4720 1664 4796 factaque
1679 4739 1744 4780 ora·

100 4813 181 4867 Tunc
189 4811 330 4883 praecedat
338 4812 468 4867 sacerdos
485 4822 513 4866 et
526 4811 601 4866 dicat
614 4812 650 4866 ad
663 4812 762 4878 altare,
775 4812 899 4866 Oremus.
941 4809 1017 4864 tione
1032 4809 1125 4864 lavent
1135 4809 1221 4882 pedes
1240 4825 1315 4877 suos,
1331 4813 1360 4864 et
1383 4809 1503 4865 calcient
1526 4817 1556 4867 et
1568 4817 1741 4869 revertentes

99 4899 202 4957 Levita
221 4901 395 4972 pronuntiet,
408 4902 560 4955 Fleelomus
574 4917 675 4968 penno.
685 4900 815 4967 Oramus,
830 4902 901 4954 Deus
942 4899 977 4954 ad
993 4898 1137 4953 ecclesiam
1164 4897 1365 4970 pulsantesque
1390 4913 1488 4954 omnes
1511 4899 1621 4956 tabulas
1645 4901 1742 4957 dicant

98 4995 151 5058 qui
159 4991 376 5060 peccatioeterie.
393 4988 488 5044 Lectio
505 4988 540 5043 de
554 4988 657 5056 Exodo,
675 4989 752 5043 Dicit
766 4990 901 5043 Dominus
942 5003 1072 5060 resperas
1086 4985 1138 5042 sub
1149 4985 1260 5042 silentio
1275 4987 1469 5059 unusquisque
1483 4987 1547 5042 sibi.
1566 4989 1739 5060 Antiphone,

97 5079 138 5132 ad
152 5079 273 5146 Moysen.
288 5077 415 5142 Tractus,
425 5079 507 5147 Eripe
517 5079 699 5141 mallomine.
714 5077 849 5132 Similiter
855 5093 901 5131 re·
943 5077 1063 5133 dumille
1077 5078 1135 5144 qui.
1145 5075 1219 5130 Psal.
1230 5075 1444 5132 rldDominom.
1453 5075 1624 5148 Antiphone.
1638 5079 1679 5132 Ab
1691 5077 1740 5131 llo-

98 5164 257 5237 capitulent
270 5181 321 5236 per
343 5180 572 5237 unumquemque
594 5181 715 5220 versum.
731 5165 828 5219 Passio
841 5164 902 5218 sine
942 5167 1189 5234 minibusiniquis.
1199 5163 1340 5232 Psalmus,
1359 5167 1441 5233 Eripe
1455 5181 1506 5227 me,
1523 5167 1647 5220 Domine.
1662 5164 1742 5220 Anti-

99 5254 274 5311 salotatione
286 5254 407 5325 legatur.
419 5254 592 5310 Cumautem
599 5253 701 5309 dixerit
714 5253 822 5326 ille,qui
832 5253 902 5324 legit
942 5250 1047 5323 phone,
1058 5252 1169 5308 Custodi
1179 5268 1221 5306 me
1240 5267 1258 5306 a
1278 5253 1381 5320 laqueo.
1394 5249 1531 5312 Psalmus,
1546 5251 1670 5315 Domine,
1687 5253 1742 5307 clo·

98 5343 402 5409 sarsum,1lioiserunt
420 5345 475 5398 ribi
493 5346 655 5398 vestimento
674 5359 744 5410 meo,
755 5342 899 5398 venientes
943 5343 1028 5396 movi.
1039 5340 1212 5411 Antiphone,
1223 5337 1578 5394 Comiderabom.Psalmus
1594 5338 1654 5393 Voce
1667 5355 1739 5408 meo,

142 5501 198 5570 (lt)
213 5501 290 5558 Nota
300 5501 376 5558 idem
392 5501 527 5560 diaconus
539 5505 692 5573 utrumque
706 5501 827 5568 dicebat,
842 5501 995 5559 Fleoiomuc
1008 5514 1100 5570 penuo
1113 5504 1143 5555 et
1157 5503 1249 5564 noctu
1263 5495 1434 5553 subdiacono
1446 5499 1566 5552 tacente.
