3856 6176
112 295 153 350 tbi
556 295 720 351 Daunum
741 295 812 352 PRO
833 295 970 353 ORDINE
989 297 1018 352 S.
1039 297 1240 356 cavamen.
1666 297 1719 356 lot

111 420 222 474 mtiseanr
235 421 361 492 legatur;
378 423 415 478 ad
430 435 515 495 quam
526 439 577 478 nec
597 415 806 490 candelabrum,
827 431 912 488 nccA
925 427 957 480 in
971 429 1160 492 tentationem,
1177 431 1206 480 et
1218 424 1320 482 chorus
1329 424 1508 498 respondeat,
1514 423 1567 479 Sed
1577 417 1664 479 libero
1672 437 1721 478 aas

111 505 269 576 thunbulum,
286 515 399 580 et,eum
414 515 578 584 perventum
592 511 881 569 iberitadlocumubi
921 531 939 568 o
953 519 1037 570 mato.
1062 515 1170 570 Dehinc
1196 513 1325 569 sacerdos
1348 513 1377 568 in
1398 513 1509 569 silentio
1534 515 1630 569 libero
1658 527 1718 580 nos,

8 659 9 670 ἶ
109 596 192 651 dieitur
203 599 380 655 Partittruat
391 603 624 656 vestimentorum
635 603 698 667 sibi,
711 601 769 656 sint
783 601 882 657 duodo
921 620 1087 672 quarternos,
1102 605 1226 670 Domine,
1252 609 1281 658 et
1307 609 1408 658 catera
1433 619 1523 674 usque
1548 605 1583 658 In
1609 605 1719 658 unitate

110 685 194 740 indutis
208 687 288 756 juxta
302 688 401 757 altare,
416 689 482 744 hinc
507 694 535 745 et
561 689 626 744 inde
641 689 785 746 trahentes
797 691 833 746 ad
852 707 882 745 se
922 689 1045 762 Spiritus
1060 693 1160 755 sancti,
1173 693 1252 747 Deus.
1280 689 1316 746 Et
1331 697 1394 763 post
1419 692 1564 746 moderata
1586 707 1652 746 voce
1666 692 1719 745 Per

109 775 272 846 dnospannos
292 778 340 849 qui
354 783 421 833 ante
435 778 557 834 officium
583 795 668 849 super
692 780 781 834 altere
802 779 882 834 missi
922 783 1018 835 ornato
1036 783 1135 834 secuto
1153 783 1327 834 renatorum.
1356 779 1392 834 Et
1417 780 1605 852 respondente
1632 777 1718 832 choro

108 863 207 930 iuemnt,
221 865 306 922 linteo
331 873 426 924 mmen
442 871 606 923 remanente
621 867 719 922 subtus
743 869 879 936 missale;
921 873 1019 930 Areten.
1035 869 1106 924 nihil
1121 869 1242 941 amplius
1267 869 1359 936 dicat;
1375 869 1517 939 missaque
1540 869 1571 924 in
1593 866 1718 931 calicem,

108 953 164 1007 lecte
173 954 294 1025 passione
307 955 437 1012 dicantur
450 957 592 1012 orationes
607 957 755 1022 solemnes,
771 956 842 1010 sicut
851 955 881 1010 in
922 958 994 1012 sicut
1008 957 1375 1029 selet,partieulaDominiei
1391 955 1722 1028 eorporis,communiect

109 1042 194 1096 missali
206 1045 393 1100 eontinentur.
409 1046 464 1100 Pro
477 1045 585 1100 eunctis
600 1044 744 1099 ordinibus
766 1047 881 1099 ilectnn-
923 1063 953 1100 se
963 1053 991 1101 et
1005 1047 1106 1102 iratres
1116 1063 1223 1110 omncs,
1235 1047 1296 1101 sine
1309 1047 1403 1102 osculo
1413 1046 1499 1118 pacis.
1521 1045 1719 1100 Communica-

109 1140 144 1184 tur
153 1147 244 1201 genua,
260 1132 314 1187 nisi
329 1149 380 1205 pro
391 1134 504 1189 iudeis.
923 1135 959 1188 tis
969 1135 1100 1190 omnibus
1111 1136 1240 1207 pulsetur
1252 1135 1349 1190 tabula
1357 1141 1386 1190 et
1395 1135 1541 1189 fiatoratio
1551 1133 1719 1206 vespertina.

135 1219 176 1273 llis
189 1221 301 1292 expletis
311 1221 439 1294 deposita
453 1223 549 1278 casula
561 1229 589 1278 et
600 1223 690 1289 stolis,
706 1229 883 1279 revertantur
923 1223 1140 1297 Quacompleta,
1157 1231 1258 1280 exeant
1271 1226 1301 1279 in
1310 1225 1476 1289 claustrum.
1492 1229 1521 1278 et
1533 1223 1627 1278 lavent
1635 1222 1721 1293 pedes

107 1308 215 1362 mardos
228 1314 256 1363 et
268 1308 353 1364 levita
361 1311 390 1365 in
409 1312 526 1366 chorum
540 1312 569 1366 in
588 1311 668 1366 albis.
684 1312 826 1367 Tenedon
836 1329 881 1368 sa·
923 1309 958 1364 de
970 1327 1044 1383 aqua
1058 1311 1149 1368 calida
1174 1321 1203 1368 ct
1217 1313 1340 1369 calceent
1352 1330 1383 1368 se
1397 1311 1572 1369 diurnalibus
1582 1311 1650 1369 suis.
1667 1310 1722 1365 Po·

107 1396 318 1468 cerdotesquibus
332 1405 430 1456 cantor
442 1400 569 1471 jusserit,
592 1400 684 1456 induti
698 1399 779 1468 albis,
803 1417 883 1456 accc·
923 1405 985 1455 stea
997 1402 1114 1473 pulsatis
1126 1401 1230 1456 tabulis
1245 1401 1558 1457 redeuntesineborum
1573 1399 1667 1454 dicant
1676 1413 1723 1452 ve·

107 1482 160 1538 dant
169 1485 200 1540 ad
213 1503 333 1556 crucem,
347 1504 409 1561 quae
425 1487 508 1544 debet
523 1505 584 1544 esse
597 1494 754 1562 praeparata
771 1495 800 1544 et
818 1506 882 1544 coo·
924 1504 1021 1560 speras
1035 1489 1064 1544 in
1075 1489 1197 1558 silentio,
1211 1488 1317 1545 eisdem
1336 1490 1409 1545 sicut
1417 1491 1447 1545 in
1461 1488 1637 1561 quintaieria
1646 1485 1724 1560 psal·

107 1575 316 1642 pertaadaltare
330 1577 508 1633 matutinale.
521 1578 884 1650 quamaccipientesserunt
924 1578 988 1638 mis.
1018 1578 1189 1649 antiphonis,
1216 1578 1357 1650 precibus,
1386 1578 1509 1634 collectis
1533 1595 1540 1646 3
1569 1576 1623 1632 nisi
1648 1574 1724 1646 quod

108 1675 156 1714 mm
179 1663 321 1742 paulatim¹
334 1666 554 1737 progredientes,
573 1673 602 1720 et
618 1671 765 1722 cantantes
788 1683 883 1723 versus
923 1683 974 1738 pro
989 1667 1097 1738 psalmo
1119 1669 1179 1722 Voce
1203 1683 1273 1733 areo,
1294 1667 1342 1738 qni
1356 1666 1448 1722 dictus
1461 1671 1505 1721 est
1524 1665 1623 1737 quinta
1640 1662 1722 1728 teria,

107 1753 186 1819 Popute
200 1769 282 1820 meas,
300 1753 355 1808 duo
366 1754 478 1822 Levitae,
499 1755 528 1809 in
542 1754 612 1809 albis
626 1761 734 1810 stantes
747 1742 913 1826 antegra-li
922 1755 975 1810 hac
990 1755 1035 1810 die
1056 1755 1159 1811 dicitur
1173 1755 1299 1826 psalmus
1314 1756 1472 1810 Benedictus
1490 1755 1626 1810 Dominus
1652 1752 1723 1805 Iteor

107 1838 321 1905 dus,antealtare
336 1845 429 1914 maJ'us
440 1844 630 1915 respondeant
643 1847 753 1914 Aptare
775 1846 855 1899 Tticos
872 1864 879 1909 ;
923 1861 1008 1900 cneus.

105 1927 187 1982 eboms
198 1935 292 1985 autem
308 1930 384 1986 dicat
407 1933 525 1988 Sanctus
538 1934 618 1996 Deos,
636 1933 795 1988 sacerdotes
811 1933 881 2000 (licio
958 1934 1047 1989 Dictis
1061 1935 1184 2007 vesperis
1198 1939 1228 1991 et
1243 1935 1354 2008 pulsata
1368 1933 1474 1997 tabula,
1488 1929 1594 1988 eantin
1608 1927 1725 1983 reiecto-

105 2017 172 2070 muci
183 2034 233 2086 eoo,
248 2020 353 2074 levita
365 2022 447 2088 Apios
463 2021 565 2076 chorus
575 2021 704 2087 Sanctus,
723 2021 883 2076 sacerdotes
923 2021 1007 2088 rium,
1024 2022 1072 2078 ubi
1083 2023 1246 2080 reficiantur
1259 2039 1331 2096 pane
1344 2027 1457 2079 tantum
1477 2024 1506 2075 et
1517 2033 1602 2091 aqua,
1617 2021 1647 2070 et
1657 2014 1725 2068 her·

105 2104 250 2175 Ouidottra,
261 2107 470 2182 Leuternia,
484 2110 585 2165 chorus
598 2109 725 2165 Sanctia.
741 2111 818 2166 'lunc
835 2127 882 2166 sa·
922 2110 966 2166 bis
980 2111 1083 2166 erudis.
1100 2111 1162 2169 cibi
1177 2112 1297 2168 fratrum
1307 2109 1500 2184 coquanturin
1509 2106 1638 2179 coquina,
1650 2103 1724 2158 sicut

105 2194 218 2260 amores,
227 2198 772 2266 crucemierentes,veniantantealtare,
783 2205 881 2255 etcum
922 2201 1031 2256 ceteris
1046 2201 1154 2268 diebus,
1167 2209 1197 2257 ct
1210 2201 1275 2256 inde
1289 2205 1439 2272 portaretur
1452 2198 1487 2254 ad
1503 2197 1722 2266 eleemosynam.

104 2281 207 2338 inierint
218 2284 348 2354 Sanctus,
365 2287 462 2342 statim
475 2288 711 2360 discooperientes
725 2305 788 2344 eam
808 2289 881 2344 inci·
924 2290 1028 2346 Solitos
1043 2307 1154 2363 quoque
1165 2296 1249 2362 potus
1264 2290 1347 2345 detur
1373 2285 1554 2362 pauperibus.
1569 2281 1723 2340 Reiciente

10 2436 11 2454 1
104 2369 166 2439 p'arn
178 2373 255 2428 ambo
265 2375 451 2448 antiphonam
464 2377 529 2432 Eece
544 2380 673 2446 itenere·
689 2381 718 2431 et
737 2382 805 2432 tunc
832 2375 881 2430 de·
922 2384 1070 2446 conventu,
1102 2379 1246 2434 secretarii
1274 2377 1413 2449 adjunctis
1443 2374 1497 2430 sibi
1519 2369 1723 2434 sacerdotibus,

10 2461 15 2523 ’,
103 2477 163 2516 nun
176 2479 269 2518 omnes
283 2465 400 2520 flectant
420 2481 522 2538 genua.
550 2467 705 2538 Repetatur
726 2465 881 2537 antiphona
923 2473 992 2537 quot
1004 2467 1155 2525 necessarii
1169 2467 1275 2523 inerint
1293 2471 1322 2521 et
1331 2463 1432 2537 quibus
1444 2466 1555 2536 jussum
1567 2461 1662 2530 inerit,
1677 2479 1723 2518 re·
1826 2519 1829 2526 ,

10 2538 12 2604 ἒ
103 2565 152 2605 eom
176 2553 297 2608 versibus
323 2555 423 2625 psalmi
438 2557 514 2610 Beati
540 2558 727 2620 immaculati,
744 2560 882 2626 quantum
923 2561 1057 2612 maneant
1070 2557 1100 2612 in
1120 2555 1245 2621 ecelesia,
1272 2555 1309 2610 ad
1329 2553 1469 2610 abluenda
1492 2551 1593 2608 altaria
1616 2552 1721 2620 omnia,

11 2666 16 2701 ς
102 2640 288 2697 mnmnvisum
309 2642 409 2701 fuerit.
428 2643 536 2699 Dehinc
549 2650 688 2699 canantur
703 2643 759 2698 alia
774 2644 810 2698 ad
830 2644 883 2698 boc
923 2659 985 2716 qua
1000 2645 1208 2717 priuslavanda
1220 2648 1288 2699 sunt
1300 2659 1383 2715 aqua,
1399 2642 1501 2697 deinde
1511 2641 1586 2696 vino.
1601 2640 1722 2696 Retectis

101 2729 223 2786 anitium
235 2731 418 2803 pertinentia,
433 2739 571 2804 quantum
580 2748 651 2804 opus
660 2732 755 2788 fuerit.
766 2732 884 2804 'tapetia
925 2735 1115 2801 servitoribus,
1127 2739 1276 2806 postquam
1290 2733 1326 2787 de
1336 2731 1507 2786 monasterio
1518 2737 1545 2785 et
1556 2729 1722 2785 dormitorio

102 2816 146 2870 sint
157 2825 262 2875 ermnsa
278 2826 377 2887 286
389 2829 455 2877 ante
470 2821 568 2889 altere,
586 2838 670 2894 super
685 2838 746 2892 quae
759 2826 881 2892 proster-
921 2824 949 2878 in
963 2823 1117 2879 claustrum
1133 2823 1279 2886 redierint,
1295 2820 1407 2892 pulsata
1415 2818 1523 2884 tabula,
1538 2819 1639 2874 iratres
1654 2823 1723 2872 eant

13 2924 17 2939 ·
100 2913 185 2960 uantur
197 2910 321 2980 primum
335 2910 435 2966 domus
449 2909 546 2975 abbas,
573 2921 602 2964 et
626 2908 718 2964 induti
733 2927 740 2977 ;
767 2909 880 2964 interim
920 2913 950 2967 in
965 2913 1144 2968 refectorium
1160 2917 1275 2984 prepter
1297 2909 1465 2968 servandum
1479 2907 1618 2974 ordinem,
1639 2906 1722 2980 quasi

14 3017 15 3030 κ
101 2993 122 3045 in
144 2995 226 3051 locum
250 3014 352 3053 eorum
368 2999 416 3071 qui
430 3004 528 3054 tenent
541 3015 652 3054 crucem
667 2997 881 3054 succedentibus
921 3003 957 3057 ad
972 3001 1134 3068 bibendum,
1146 3008 1174 3056 et
1185 3000 1283 3056 bibant
1296 2999 1454 3072 aquamqui
1468 2997 1618 3060 voluerint,
1629 2995 1719 3053 alium

13 3111 14 3114 ¹
85 3081 156 3149 ΙΙῙίῑῦ,
168 3085 264 3142 deinde
280 3087 385 3152 caeterr',
403 3088 474 3142 sicut
488 3093 534 3142 est
547 3087 616 3143 ordo
641 3103 749 3142 eorum.
767 3089 801 3144 Et
822 3105 879 3144 non
890 3057 1017 3166 Cpotum
1032 3091 1156 3146 minime.
1170 3092 1230 3147 Illis
1244 3089 1409 3146 exeuntibus
1435 3089 1470 3144 de
1483 3087 1629 3142 refectorio
1646 3093 1676 3143 et
1689 3087 1720 3144 in

100 3171 185 3238 prolixe
207 3175 361 3230 adorantes
389 3181 511 3243 taceant,
537 3175 586 3230 sed
612 3175 734 3232 breviter
753 3181 782 3232 et
809 3192 879 3248 pure
919 3173 1041 3228 claustro
1055 3170 1253 3237 residentibus,
1270 3167 1720 3240 iactocongruuintervallo‚pul·

98 3269 190 3317 orantes
204 3283 210 3318 :
226 3271 329 3336 postea
342 3264 534 3336 unusquisque
548 3265 783 3336 osculeturpedes
793 3263 879 3320 craci-
919 3267 999 3317 setur
1012 3260 1118 3327 tabula,
1133 3267 1162 3315 et
1176 3260 1279 3316 vadant
1299 3275 1396 3315 amires
1421 3257 1458 3313 ad
1488 3255 1676 3313 collationem.
1692 3259 1718 3314 A

99 3347 143 3411 fili,
158 3357 183 3404 et
195 3358 258 3423 pest
272 3357 432 3408 revertatur
450 3353 479 3408 in
491 3354 617 3408 eborum.
633 3353 712 3418 Quod
738 3353 762 3408 si
782 3369 880 3408 conve-
920 3349 1221 3423 quaJ'ubenteabbate,
1237 3363 1399 3420 percussae
1412 3345 1506 3419 priore
1526 3344 1634 3410 tabula,
1658 3361 1720 3400 sur

98 3437 172 3493 nerint
184 3441 270 3512 aliqui
296 3441 340 3496 vel
364 3441 458 3496 clerici
480 3443 523 3496 vel
546 3441 610 3496 laici
624 3442 747 3497 volentes
761 3441 879 3498 adorare
918 3446 1017 3510 gentes
1035 3445 1154 3512 pergant
1168 3439 1197 3494 in
1212 3433 1610 3493 relectoriumadcharitatem
1622 3432 1718 3490 biben-

99 3541 197 3593 crueem,
226 3535 360 3601 portetur
384 3529 425 3585 eis
452 3547 520 3586 crux
547 3531 577 3585 in
606 3529 692 3586 aliurn
708 3531 809 3597 locum,
830 3531 878 3586 ubi
919 3530 995 3584 dam.

98 3615 171 3684 aptius
184 3617 305 3674 adorent
319 3635 392 3673 eam.
404 3620 471 3683 Que
490 3619 515 3674 si
529 3619 708 3691 percharum
723 3619 877 3684 transierit,
956 3613 1080 3670 Sabbata
1093 3617 1190 3668 sancto
1198 3611 1372 3684 percutiatur
1385 3607 1482 3664 tabula
1491 3613 1557 3664 ante
1567 3612 1717 3674 nocturna.

98 3703 158 3758 leis
170 3707 203 3760 ad
218 3713 330 3762 terram
338 3706 457 3777 genibus
471 3708 605 3763 adoretur
626 3723 643 3762 a
662 3709 804 3776 iratribus,
822 3725 879 3766 non
920 3703 993 3757 sicut
1004 3702 1034 3757 in
1047 3699 1211 3766 sextaseria,
1221 3697 1667 3767 etemterasimilitertlantusque
1681 3697 1717 3750 ad

99 3789 163 3846 amul
172 3795 315 3861 omnibus,
325 3795 375 3849 sed
389 3795 462 3850 sicut
471 3796 630 3868 portabitur
639 3813 734 3852 coram
745 3798 795 3852 eis.
806 3799 879 3854 Ado·
919 3793 1051 3862 primam.
1074 3793 1106 3847 ln
1129 3789 1213 3846 tertio
1238 3793 1374 3844 nocturno
1397 3786 1510 3857 legatur
1537 3785 1573 3839 dc
1592 3785 1719 3856 Epistola

97 3883 333 3939 amabomnibus
356 3899 448 3950 eruce,
474 3886 624 3956 portitores
650 3888 712 3957 ejus
739 3887 879 3942 elevantes
919 3879 1396 3952 Pauliapostolidtrristaaossistcns
1407 3874 1716 3944 pontiseefotaroravm.

98 3981 145 4022 mm
157 3970 291 4044 incipiant
319 3972 502 4043 antiphonam
518 3972 606 4044 Super
625 3977 720 4029 omnio
740 3976 818 4044 tigno
840 3993 878 4031 ce-
918 3969 962 4023 tld
975 3969 1095 4040 primam
1106 3971 1225 4037 surgant
1235 3965 1264 4020 in
1277 3962 1487 4019 nocturnalibus
1496 3960 1568 4028 suis;
1583 3960 1714 4032 primam,

96 4057 201 4127 drumm,
217 4061 301 4116 etsie
319 4061 423 4116 vadant
445 4062 481 4116 ad
498 4063 591 4117 locum
602 4062 651 4118 ubi
663 4079 726 4118 eam
740 4064 876 4120 collocare
917 4063 947 4111 et
960 4063 1068 4128 septem
1080 4056 1212 4128 PSsslfflffls
1236 4059 1264 4108 ⁰1
1287 4051 1415 4107 limiam
1443 4057 1472 4106 ei
1498 4054 1614 4104 ssaetffls
1632 4048 1716 4102 ¹¹0¹*ss

95 4143 186 4202 deant.
199 4151 280 4206 lanc
294 4165 394 4204 omnes
406 4156 504 4222 petant
519 4152 628 4207 veniam
640 4152 717 4208 flexis
726 4153 762 4207 ad
770 4159 876 4208 terram
917 4163 1006 4217 usque
1031 4145 1067 4200 ad
1084 4159 1212 4216 vesperas
1235 4141 1340 4206 dicant,
1355 4139 1429 4195 sicut
1442 4139 1471 4193 in
1486 4143 1565 4193 sexta
1577 4135 1657 4192 feria.
1682 4135 1716 4190 ln

94 4237 200 4300 eaba.
917 4234 1038 4306 capitulo
1056 4234 1168 4304 legetur
1181 4230 1321 4286 sententia
1335 4229 1370 4284 de
1380 4227 1479 4298 regula
1490 4225 1580 4281 sancti
1594 4222 1716 4280 Benedi-

122 4327 164 4382 llis
176 4333 215 4387 ita
226 4333 319 4405 gestis
331 4331 461 4386 sacerdos
474 4335 619 4400 resumpta
632 4330 728 4384 casula
741 4345 806 4385 cum
820 4335 907 4398 sto-D
916 4325 963 4391 cti,
979 4329 1009 4378 et
1021 4323 1205 4394 disponantur
1223 4335 1285 4392 qua
1299 4317 1410 4388 agenda
1429 4320 1497 4370 sunt
1510 4329 1600 4385 usque
1614 4312 1650 4368 ad
1664 4327 1716 4384 pa·

95 4411 296 4478 la,etdiaeonus
310 4422 392 4488 stela,
416 4418 638 4492 precedentibus
652 4419 800 4473 conversis¹
813 4435 877 4474 curn
918 4413 1011 4469 sehale
1023 4411 1187 4483 capitulum.
1197 4411 1271 4464 Ante
1285 4406 1450 4479 capitulum,
1475 4408 1505 4459 et
1527 4406 1591 4476 post
1610 4401 1717 4473 capitu-

94 4506 250 4564 taadelabris
260 4516 292 4566 et
300 4509 456 4574 thuribulo,
468 4507 572 4562 vadant
583 4507 618 4561 ad
628 4506 878 4578 locumubiquinta
917 4503 976 4557 lum
987 4501 1092 4556 debent
1105 4497 1247 4554 secretarii
1267 4494 1471 4551 monasterium
1485 4497 1515 4548 et
1528 4489 1624 4547 omnia
1642 4490 1716 4546 alta·

93 4589 147 4647 teria
160 4614 260 4670 cerpus
270 4597 387 4654 Domini
401 4596 457 4652 fuit
469 4596 646 4668 repositum;
668 4601 696 4651 et
724 4595 814 4666 posito
836 4596 878 4650 in·
918 4592 961 4646 ria
974 4605 1084 4657 ornare,
1100 4604 1195 4644 cereos
1210 4586 1367 4657 ubicunque
1380 4599 1441 4639 csse
1455 4581 1714 4646 debeatcollecare,

94 4695 159 4738 oeaso
171 4687 200 4740 in
214 4687 363 4742 thuribulo
375 4687 502 4741 incenset
515 4682 596 4750 illud,
611 4684 693 4739 etsie
709 4684 804 4739 tradat
816 4683 877 4738 dia·
917 4696 1030 4736 cereum
1045 4679 1080 4734 ad
1092 4675 1313 4734 benedicendum
1338 4675 1367 4730 iu
1392 4674 1453 4729 loco
1467 4671 1666 4728 constabilire.
1682 4671 1716 4727 ln

92 4783 148 4826 ceno
158 4775 192 4830 ad
202 4775 420 4849 reportandum.
432 4775 465 4829 In
479 4773 572 4828 eundo
591 4780 620 4828 et
646 4773 789 4828 redeundo
810 4789 877 4828 eon·
918 4785 973 4840 quo
987 4785 1005 4823 a
1018 4774 1133 4822 cantore
1147 4764 1231 4820 scribi
1247 4763 1331 4819 debet
1351 4768 1453 4835 quotus
1467 4777 1558 4817 annus
1568 4760 1617 4815 illa
1630 4759 1668 4814 sit
1680 4758 1716 4814 ab

93 4873 169 4916 verses
191 4871 333 4937 sequatur
356 4863 500 4930 diaconus,
515 4861 645 4916 sacerdos
668 4867 809 4916 exuemus
834 4879 878 4918 ve·
919 4857 1114 4914 lucarnatione
1128 4853 1251 4920 Domini,
1270 4861 1299 4908 et
1317 4869 1385 4908 crux
1398 4849 1541 4922 designari
1558 4849 1661 4905 infixus
1684 4849 1715 4906 ia

93 4949 146 5004 aiat.
165 4953 235 5008 Cam
265 4953 498 5025 appropinquant
516 4950 610 5020 altari,
637 4950 756 5006 adorent
780 4967 877 5007 omnes
918 4948 1043 5018 quinque
1052 4946 1120 5001 locis
1131 4944 1255 5017 quinque
1268 4941 1490 5014 granisincensi.

93 5035 176 5095 tratres
185 5059 292 5114 corpus
298 5041 411 5096 Domini
418 5039 496 5095 ssecis
504 5039 640 5112 genibus3
653 5040 878 5112 collocatosuper
953 5023 1020 5091 Post
1034 5051 1137 5091 nonam
1148 5034 1303 5089 induantur
1316 5031 1363 5104 qui
1378 5030 1501 5087 otidum
1514 5035 1583 5086 sunt
1594 5027 1716 5084 celebra·

94 5125 163 5184 tlara
176 5130 288 5186 Christi
302 5145 429 5202 corpore,
456 5129 530 5183 iacta
542 5129 573 5182 in
587 5127 672 5183 calice
687 5127 743 5183 vini
758 5134 787 5183 et
797 5145 877 5200 aquae
917 5127 985 5192 turi,
1001 5131 1030 5180 et
1043 5125 1079 5180 ad
1093 5125 1216 5180 officium
1230 5122 1391 5196 specialiter
1401 5118 1542 5184 servituri,
1554 5123 1584 5173 et
1594 5115 1716 5171 infantes

93 5219 285 5284 aumnuone,
300 5218 375 5273 dicta
396 5233 413 5272 a
436 5217 580 5272 sacerdote
603 5231 667 5270 cum
681 5216 799 5271 diacono
813 5232 877 5270 eon·
917 5231 1025 5280 omnes,
1039 5213 1169 5269 sacerdos
1183 5210 1246 5267 alba
1260 5218 1290 5266 et
1302 5210 1384 5276 stola,
1398 5207 1507 5265 ceteris
1528 5205 1598 5261 albis
1612 5203 1714 5268 induti,

93 5301 203 5374 imisue,
213 5307 293 5362 taeta
306 5305 471 5378 suppliciter
484 5321 501 5360 a
514 5304 659 5360 sacerdote
672 5305 804 5360 adaltarc
815 5321 876 5368 ora·
919 5305 950 5360 in
965 5305 1083 5358 chorum
1107 5301 1241 5366 redeant;
1259 5298 1360 5354 dehinc
1382 5295 1536 5368 procedant
1552 5290 1589 5346 ad
1604 5305 1716 5346 sacran-

94 5391 162 5456 tiene.
176 5395 447 5452 ineensetsacerdos
460 5411 561 5466 corpus
575 5395 678 5449 Christi
695 5401 723 5450 et
736 5395 852 5450 calicem
869 5415 876 5464 ;
919 5394 988 5449 dum
1002 5393 1106 5462 ignem,
1123 5395 1255 5445 canentes
1280 5387 1420 5460 psalmum
1440 5379 1714 5454 quinquagesimum,

95 5481 176 5536 deinde
207 5486 288 5540 dicat
316 5484 450 5540 mediocri
478 5500 543 5538 voce
574 5484 707 5550 Orernas3
735 5485 877 5552 Praecptr'r
918 5483 1030 5538 Primus
1045 5479 1170 5535 omnium
1185 5477 1352 5532 secretarius
1369 5473 1416 5545 qui
1438 5473 1549 5526 hastam
1566 5473 1671 5543 portat,
1686 5468 1717 5523 in

98 5575 506 5643 aroroaaamoorrtetcetera
513 5587 601 5645 usque
612 5573 647 5629 Et
657 5587 749 5629 nenos
758 5573 876 5630 tartaros
918 5588 974 5647 qua
987 5577 1128 5628 sacratum
1142 5569 1236 5640 ignem
1251 5567 1392 5640 reportet3
1403 5559 1718 5634 deoincportaoraque

621 5691 644 5736 Γι
659 5695 698 5710 ⁸⁸
719 5693 804 5760 *⁸¹*
