3882 6172
198 252 249 312 bbl
793 251 911 308 DOMNI
929 249 1035 308 LUGAE
1054 249 1238 309 DACHERII.
1785 247 1836 310 Ul

551 374 649 432 thlll.
1007 375 1070 438 Ain
1084 375 1302 448 eleemosynam,
1317 389 1382 430 cum
1402 371 1533 430 omnihus
1555 373 1592 429 ad
1610 374 1739 430 mutem
1754 374 1837 430 eccle

235 486 356 534 unsara
379 483 539 530 cononicis
560 483 599 527 nr
621 481 782 528 conranni
807 481 965 529 concessi.
1039 465 1110 520 siam
1124 464 1340 536 pertinentibus,
1355 462 1414 519 sive
1431 463 1461 519 in
1475 461 1568 528 tortis
1593 463 1701 519 sivein
1723 462 1837 518 decimis

235 567 436 630 Lnnrnnucus,
451 563 502 619 Dei
522 563 615 634 gratia
636 561 847 618 Cautuariensis
860 561 1000 634 archiepi-
1039 554 1083 608 rel
1106 553 1170 608 aliis
1195 553 1366 625 quibuslibet
1386 551 1529 608 beneficiis
1545 571 1552 607 :
1567 552 1698 608 ‘Postibus
1719 551 1837 623 Rogerio

200 671 310 728 scopus,
321 657 472 709 Wntraso
485 651 691 718 archidiacono,
706 651 815 724 totique
829 651 952 723 capitulo
965 650 1000 705 de
1040 642 1075 696 da
1090 643 1178 698 Ponte
1192 644 1337 717 episcopo;
1352 641 1494 697 Wuluricr
1504 642 1539 696 c'e
1549 641 1733 709 Wroteham;
1749 642 1837 696 hlnno

197 745 322 802 henham
337 743 467 798 salutem.
1040 733 1076 788 de
1089 732 1198 798 Wellis,
1209 731 1320 786 doanne
1340 731 1376 786 de
1399 731 1570 800 Cnutuaria3
1584 731 1702 798 Thomu,
1717 729 1754 784 de
1769 731 1839 785 Lon-

233 831 420 888 conoedimus
442 836 473 886 et
495 829 641 902 praesentis
666 829 770 884 chaam
783 828 887 901 pagina
900 829 999 883 confir.
1039 818 1133 888 donia,
1147 820 1270 888 clericis;
1286 819 1405 875 Ricardo
1426 819 1461 875 de
1475 818 1623 888 Grauenel,
1639 818 1760 890 Hugone
1774 833 1839 891 pas·

197 937 309 978 mamus
323 919 468 977 ecclesiam
484 919 619 974 Omnium
635 919 803 974 Suiictorum
823 917 858 972 de
872 917 998 972 Grarone
1038 909 1155 982 soriere,
1168 911 1277 966 Joanne
1291 925 1434 967 converso.

197 1009 338 1067 canonicis
352 1007 529 1080 regularibus
542 1008 652 1064 Sancte
665 1006 761 1062 Mariae
774 1005 809 1062 de
822 1005 996 1073 Suthwerca,

197 1257 620 1292 -m
666 1270 742 1273 aar
859 1268 922 1271 ffl-
961 1266 1057 1271 -rffl-
1078 1264 1159 1269 ν
1180 1262 1297 1267 “vd--
1319 1262 1392 1265 ww
1409 1262 1424 1265 -ν
1449 1262 1512 1266 --··*
1618 1264 1627 1267 -
1730 1262 1824 1267 -

477 1443 780 1571 nomn!
810 1442 1075 1568 LUGAE
1109 1437 1557 1642 nummati

811 1673 979 1732 nonnulli
997 1671 1233 1730 umentorum

199 1872 257 1966 llll
287 1865 595 1964 urtstotns
631 1865 680 1960 B.
701 1859 1032 1959 Lnulttntcl
1057 1859 1224 1956 nOl'AE
1260 1861 1328 1954 ΕΤ
1368 1857 1842 1958 (insinuationis

838 2045 1192 2067 m

234 2203 431 2268 88⁰·881
451 2199 485 2256 B.
498 2196 686 2253 Lanfrancum
705 2194 838 2267 epistolas
855 2194 1030 2267 scripsissen
1041 2209 1105 2248 cunr
1124 2193 1327 2249 monasterium
1347 2194 1376 2248 in
1399 2193 1574 2250 Nonnannie
1591 2192 1707 2250 situma
1726 2195 1843 2251 fluviolo

199 2295 331 2344 constans
340 2291 384 2344 est
393 2286 562 2354 omnium‚et
571 2283 999 2350 veterumetrecentiorumsen·
1039 2282 1220 2338 interfluente
1234 2299 1338 2338 nomen
1352 2283 1470 2354 accipit:
1492 2282 1635 2339 Gilbertus
1649 2283 1797 2356 crispinus
1812 2285 1844 2339 in

199 2377 299 2434 tentia.
310 2378 350 2433 Ex
360 2373 567 2447 antiquioribus
580 2375 671 2428 instar
684 2372 811 2428 omnium
822 2371 1003 2427 eritGuillel·
1042 2371 1107 2426 Vita
1130 2372 1161 2427 B.
1187 2370 1316 2427 llerluini
1343 2370 1500 2426 fundatoris
1522 2371 1647 2442 ejusdem
1668 2373 1798 2440 coenohii,
1814 2379 1845 2428 et

199 2483 263 2522 mus
274 2463 530 2522 llalmesburiensis
542 2462 709 2528 monachus,
720 2461 805 2532 quiin
815 2460 903 2532 gestis
912 2459 1003 2532 ponti·
1043 2460 1200 2517 Chronicon
1215 2461 1352 2516 Beceense
1365 2476 1430 2533 pag.
1446 2461 1471 2515 l.
1485 2479 1498 2515 ι
1514 2461 1551 2515 nt
1565 2461 1668 2527 uerius,
1684 2460 1778 2532 inquit
1791 2461 1845 2516 Pa·

198 2555 282 2610 licum
290 2552 503 2626 Anglornmlib.
516 2565 536 2618 1,
548 2549 729 2614 totlitur.
741 2547 783 2616 10,
791 2548 922 2604 editionis
931 2547 1003 2604 Lon·
1042 2549 1131 2622 pirius
1146 2551 1264 2616 llasscm,
1280 2549 1310 2604 in
1323 2549 1510 2621 descriptione
1535 2549 1683 2605 fluminum
1699 2550 1798 2604 Gallim
1812 2550 1844 2604 in

199 2643 353 2710 deniensis,
365 2639 565 2714 deepistolai,
577 2637 737 2695 Alexandro
753 2653 864 2692 summo
877 2635 1002 2710 pontiflci
1042 2638 1146 2709 Ligeri,
1173 2656 1259 2710 agens
1277 2639 1311 2694 de
1334 2639 1453 2706 Elaveri‚
1468 2639 1572 2695 Beccus
1592 2639 1696 2694 dicitur
1713 2649 1842 2694 veterum

199 2731 333 2805 inscripta
349 2731 388 2786 sic
402 2729 541 2802 loquitur:
560 2749 574 2780 ι
592 2728 736 2783 Sermonis
749 2726 944 2798 hujuscemodi
957 2743 1003 2782 re-
1042 2727 1188 2782 Gellorum
1215 2744 1265 2782 sou
1291 2728 1434 2783 Danorum
1460 2727 1558 2799 lingua
1584 2743 1665 2800 nquae
1684 2745 1784 2783 cursus
1811 2729 1843 2782 in

199 2821 277 2876 rituti
291 2819 413 2876 assensit
426 2817 546 2890 epistola
558 2816 638 2871 initio
653 2821 773 2889 papatus
788 2815 919 2887 Anglinm
929 2814 1002 2871 dire-
1041 2815 1128 2871 alium
1144 2815 1260 2872 linaium
1273 2816 1400 2871 intrans:
1414 2835 1428 2870 o
1440 2816 1544 2888 quippo
1553 2816 1606 2872 hoc
1618 2817 1647 2871 in
1660 2817 1722 2873 loco
1734 2816 1844 2872 iluiioli

198 2917 254 2978 eta,
270 2926 331 2981 quae
346 2907 421 2962 inter
434 2906 568 2978 epistolas
580 2903 729 2960 Lansrnnci
742 2904 916 2975 reperitur.»
928 2902 999 2958 ltem
1041 2905 1097 2959 duo
1111 2910 1230 2968 exstant,
1249 2921 1368 2977 quorum
1383 2906 1456 2960 alter
1468 2905 1561 2961 influit
1574 2905 1605 2961 in
1618 2906 1750 2962 alterurn.
1767 2906 1845 2961 Fun-

198 2999 246 3055 tol.
260 2997 319 3063 lue,
332 2999 358 3060 2,
374 3013 403 3052 n.
424 2993 459 3053 30
474 3010 481 3046 ε
497 3013 511 3048 ι
527 2995 590 3066 lpse
606 2993 778 3048 Lanirancus
792 3007 881 3064 pauca
894 2991 1000 3064 ingenii
1040 2992 1162 3049 dationis
1177 3000 1272 3050 nutem
1286 2993 1403 3050 celebris
1417 2995 1534 3067 hujusce
1548 2995 1711 3050 monasterii
1726 2994 1786 3050 haec
1798 2999 1845 3050 est

197 3087 241 3144 sui
269 3087 445 3143 monimenta
469 3083 593 3155 reliquit,
619 3082 773 3137 decretales
800 3081 942 3153 epistolas,
971 3086 1001 3135 et
1040 3079 1131 3138 brevis
1144 3082 1245 3138 forma.

196 3175 367 3251 praecipuam
383 3178 482 3229 contra
495 3171 708 3242 Berengarium.
725 3189 737 3222 r
754 3169 808 3236 Qui
822 3170 858 3224 de
872 3169 998 3243 epistolis
1076 3187 1088 3222 ι
1104 3171 1209 3225 Notum
1224 3169 1261 3226 sit
1273 3171 1403 3227 omnibus
1418 3171 1585 3227 Christiane
1597 3172 1741 3244 religionis
1752 3173 1847 3228 culto-

197 3265 306 3342 praefati
316 3261 523 3337 archipresulis
534 3267 623 3332 egunt
634 3257 778 3325 neoterici,
789 3258 944 3314 indicatum
955 3265 998 3315 est
1038 3254 1126 3325 ribus,
1150 3259 1225 3330 quod
1248 3276 1300 3331 ego
1324 3260 1410 3316 abbas
1433 3260 1586 3317 Herluinus
1610 3261 1685 3317 lilius
1708 3263 1845 3334 Ansgoti,

197 3351 427 3412 annotationibus
442 3350 478 3405 ad
492 3349 596 3416 Vitam,
610 3365 675 3420 pag.
686 3347 731 3415 il,
746 3348 790 3402 lit.
804 3364 826 3402 e.
1038 3346 1196 3403 astantibus
1215 3349 1437 3406 attendentibus
1456 3350 1590 3406 tratribus
1611 3351 1681 3406 meis
1700 3352 1799 3408 Odoue
1813 3358 1848 3408 et

469 3457 509 3502 no
531 3453 701 3500 artsrounn
723 3453 745 3497 1.
1038 3436 1169 3508 lingerio,
1181 3436 1299 3508 jubente
1319 3438 1472 3496 Gilleberto
1495 3440 1607 3507 comite,
1623 3445 1652 3495 et
1663 3440 1792 3512 litberto,
1813 3449 1849 3497 et

232 3531 389 3589 Alexandro
395 3545 481 3599 pope.
490 3528 624 3583 Sanctum
634 3525 793 3596 pontificem
807 3523 997 3581 Alexandrum
1007 3561 1029 3622 C
1040 3524 1189 3598 Ranulpho
1199 3528 1400 3596 consentiente,
1411 3528 1533 3585 Roherto
1544 3529 1657 3597 comite,
1673 3535 1703 3584 et
1717 3529 1846 3585 Roberto

129 3615 132 3622 ’
197 3623 250 3678 hoc
272 3619 386 3676 nomine
406 3615 570 3682 secundum,
587 3614 754 3670 Guillelmus
773 3614 954 3684 Pictaviensis
968 3615 997 3670 in
1038 3613 1258 3688 archiepiscopo,
1279 3617 1380 3671 donari
1400 3619 1509 3674 Sanctae
1532 3619 1627 3674 hlarim
1648 3619 1762 3674 tertiam
1778 3636 1848 3690 pnr-

198 3710 287 3784 gestis
308 3707 450 3764 Guillelmi
471 3705 559 3772 ducis,
580 3711 610 3760 et
631 3704 706 3775 regis
729 3704 896 3775 Anglorum,
922 3704 999 3760 inter
1037 3712 1096 3759 tenu
1116 3709 1199 3760 terrm
1213 3704 1248 3758 de
1274 3707 1440 3774 llurnerilla,
1456 3713 1486 3762 et
1504 3708 1556 3764 hoc
1573 3707 1647 3779 quod
1668 3707 1791 3780 pertinet
1805 3708 1847 3762 ad

199 3799 351 3872 scriptores
380 3793 512 3852 Historia
534 3793 795 3849 Noithmannorum
818 3791 853 3847 ab
885 3793 999 3849 Andrea
1039 3808 1112 3858 earn,
1126 3793 1300 3863 et‘l'avileio,
1315 3796 1392 3852 etde
1406 3797 1531 3865 Surceio,
1550 3803 1579 3852 et
1593 3798 1644 3853 hoc
1659 3797 1735 3869 quod
1749 3797 1846 3868 perti-

198 3885 358 3945 Duohesnio
368 3885 468 3950 editos,
483 3899 547 3955 pag.
563 3880 627 3948 197,
639 3897 750 3936 summe
761 3881 870 3936 extollit
883 3881 912 3936 in
924 3881 999 3940 hunc
1039 3887 1089 3937 net
1109 3881 1144 3936 nd
1167 3899 1224 3950 eas,
1241 3888 1270 3938 et
1296 3891 1399 3940 terram
1427 3885 1463 3941 de
1484 3886 1610 3950 Sarnaio,
1635 3891 1662 3942 et
1687 3885 1739 3941 hoc
1763 3885 1845 3957 quod

198 3977 313 4034 modum
330 3993 339 4032 e
354 3995 366 4028 ι
383 3975 410 4030 ls
424 3972 525 4045 presul
544 3969 697 4035 huciansis,
714 3986 779 4024 cum
793 3968 922 4026 altiorem
936 3987 1000 4043 gra·
1038 3969 1163 4043 pertinet
1176 3971 1212 4026 ad
1230 3988 1303 4040 eam,
1319 3990 1382 4045 quse
1395 3975 1537 4046 Ansgotus
1550 3980 1630 4047 pater
1644 3991 1723 4030 meus
1737 3973 1768 4029 iu
1784 3975 1846 4030 rita

197 4068 267 4122 dnm
295 4064 457 4121 nullatenus
480 4065 636 4133 appeteret,
662 4057 784 4114 violento
810 4058 997 4131 plurimorum
1038 4059 1845 4136 suahahuittdotemquoquematrismeee,jubentepatre

196 4169 344 4221 consensu,
361 4165 480 4225 quorum
494 4149 570 4223 apud
588 4149 729 4203 Romanos
740 4154 809 4203 tunc
822 4147 998 4220 precellebat
1037 4165 1100 4204 meo
1110 4165 1143 4204 ex
1153 4149 1262 4222 integro
1274 4151 1342 4206 mihi
1352 4152 1457 4221 datam,
1470 4169 1565 4208 comm
1574 4153 1692 4209 testibus
1704 4153 1844 4210 Fulberto

196 4244 361 4309 auctoritas,
381 4239 489 4311 ingenti
503 4237 620 4294 concilio
638 4235 819 4301 maentiente,
834 4235 863 4290 in
877 4251 911 4290 eo
926 4237 998 4291 loca-
1037 4239 1191 4304 sacerdote,
1205 4240 1306 4307 Vitate,
1323 4240 1469 4310 Rninaldo,
1483 4247 1512 4297 et
1525 4243 1589 4298 aliis
1602 4243 1711 4302 multis.
1732 4261 1746 4296 a

196 4339 243 4389 tus
257 4332 391 4404 primatu,
412 4343 468 4400 quo
481 4325 632 4399 presulum
648 4323 724 4379 orbis
740 4329 823 4379 terre
844 4334 929 4395 caput
941 4324 997 4380 exi·
1072 4326 1215 4399 Quidquid
1235 4329 1271 4383 ad
1294 4345 1339 4386 res
1359 4331 1505 4386 Beccensis
1532 4332 1695 4387 inonasterii
1717 4339 1842 4404 spectat,

196 4425 285 4478 steret
297 4425 383 4492 atque
396 4416 540 4488 magister.
556 4413 740 4470 dilectionem
756 4412 828 4467 hane
846 4413 996 4474 sanctitate
1036 4415 1147 4472 docebit
1160 4417 1317 4473 chronicon
1333 4419 1363 4474 in
1383 4419 1538 4492 appendice
1558 4419 1689 4493 operibus
1711 4423 1743 4478 li.
1766 4423 1842 4479 Lan·

196 4513 336 4566 memorat
349 4513 435 4578 atque
449 4503 586 4560 doctrina.
597 4504 651 4558 Per
664 4503 761 4558 mem
775 4501 885 4573 posted
901 4507 994 4558 ortum
1036 4503 1297 4576 imncisubjectum,
1309 4507 1486 4562 solummodo
1496 4507 1689 4564 immunitates
1699 4511 1841 4582 quasdam

196 4599 263 4656 solis
277 4604 307 4654 et
327 4609 456 4652 occasum
470 4591 630 4664 effulgebat.
646 4592 744 4664 Neque
758 4607 857 4646 cursus
875 4590 995 4647 limitem
1036 4609 1052 4648 n
1072 4593 1344 4665 liothomagensihus
1357 4595 1557 4669 archiepiscop.
1575 4597 1735 4664 Guillelmo,
1752 4607 1843 4671 atque

196 4688 239 4746 sol
252 4683 456 4743 immutabilius
481 4689 593 4749 natura,
619 4697 703 4754 quarn
728 4696 779 4752 per
800 4679 924 4736 veritatis
948 4681 996 4736 ille
1036 4682 1164 4753 llugoue,
1175 4698 1284 4738 necnon
1298 4691 1353 4738 eta
1364 4685 1514 4741 Ooelosiino
1525 4703 1600 4759 papa
1611 4687 1697 4742 tertio
1712 4687 1842 4748 indultus

196 4779 334 4835 directum
347 4773 483 4831 tendebat
503 4771 560 4826 vita
575 4788 582 4824 ι
597 4767 749 4843 quodquod
767 4767 929 4842 ubiquaque
945 4785 997 4841 per
1037 4777 1067 4826 et
1077 4771 1258 4827 confirmatas
1272 4773 1395 4845 adiicere
1409 4774 1501 4830 risum
1516 4782 1569 4831 est.

196 4865 334 4925 mundum
357 4862 459 4937 imit»
481 4860 609 4934 iniquum
633 4857 787 4929 ⁰⁰ff58⁶¹¹⁸2
807 4858 878 4913 ”⁰¹¹5
900 4837 1133 4948 ⁰⁰⁰⁰0'D8m
1159 4879 1262 4936 liburie
1287 4885 1465 4950 coemptionis
1484 4883 1648 4938 neonusterii
1660 4887 1686 4937 et
1700 4882 1845 4952 parochias

196 4958 308 5013 denar
1071 4951 1207 5006 beccensis
1222 4953 1256 5005 ab
1274 4955 1476 5024 orclriepisoopo
1498 4955 1707 5024 liothomupenn'
1727 4955 1759 5010 I).
1780 4955 1846 5009 An·

229 5047 266 5103 ne
289 5045 411 5103 &coensi
432 5037 647 5109 congregatione.
674 5032 727 5089 (lui
749 5033 860 5106 pridem
877 5034 996 5092 dederat
1071 5024 1305 5078 ⁸021n00072⁶0³⁸²·

195 5151 309 5202 nomen,
321 5139 406 5206 atque
420 5131 450 5185 in
464 5145 498 5183 ea
512 5124 638 5199 pluribus
652 5121 734 5178 annis
753 5122 936 5179 monasticum
949 5125 992 5180 vi·
1073 5127 1204 5184 Virorum
1224 5130 1407 5200 prudentium
1425 5132 1598 5188 consuetudo
1613 5137 1668 5197 est,
1687 5137 1717 5187 st
1740 5148 1845 5188 eorum

194 5235 253 5284 tam
263 5225 390 5288 duxerat,
406 5231 547 5273 «ornnem
566 5227 681 5286 operam
695 5210 873 5284 impenderat
883 5216 925 5283 (ut
938 5213 992 5269 lti-
1033 5215 1156 5273 maxime
1179 5217 1277 5290 quide
1299 5226 1375 5276 statu
1400 5227 1503 5278 sauctae
1518 5221 1645 5277 Ecclesi-
1665 5220 1772 5294 aliquid
1797 5239 1846 5276 ra-

195 5315 269 5373 lonis
283 5314 343 5385 eius
365 5304 511 5380 biographi
524 5303 616 5361 verbis
635 5301 710 5365 utar)
724 5299 821 5372 quieti,
837 5305 866 5356 et
879 5301 991 5358 silentio
1031 5304 1206 5362 tionabiliter
1220 5307 1382 5382 disponunt,
1396 5326 1432 5365 ne
1444 5327 1494 5382 per
1507 5309 1697 5382 ignoruntium
1712 5310 1756 5364 vel
1770 5310 1846 5366 obli·

196 5404 289 5462 cordis
308 5401 354 5457 sui
372 5394 483 5454 novalia
504 5392 580 5450 verbi
599 5390 670 5447 sacri
685 5389 814 5446 excolens
827 5389 942 5446 assidue
955 5391 997 5447 le·
1037 5393 1148 5452 vionem
1167 5411 1185 5451 a
1204 5397 1319 5471 propria
1333 5399 1468 5455 tirmitate
1482 5399 1635 5472 aliquando
1648 5398 1771 5465 decidat,
1795 5400 1844 5456 in·

195 5491 296 5560 ctihne,
312 5487 480 5560 irrigantes
493 5481 577 5550 dulci,
598 5495 683 5552 quam
697 5493 770 5550 saepe
782 5476 935 5547 obtinebat,
951 5481 995 5536 la-
1036 5483 1196 5556 scriptionis
1205 5487 1372 5543 auctoritate
1381 5489 1505 5543 firmare.
1516 5487 1571 5545 Sed
1584 5487 1751 5562 episcopalis
1765 5505 1845 5544 curae

196 5593 355 5654 crymarum
369 5571 593 5648 compunctione.
606 5585 618 5622 r
631 5567 744 5635 lieccus,
753 5580 848 5639 mnu,
863 5581 913 5624 seu
927 5567 994 5625 Bec-
1034 5571 1157 5632 ollicium
1170 5574 1533 5653 eatdiiigenterpmeuraro
1543 5582 1684 5650 quatenus
1694 5583 1844 5634 monaste-
