3986 6184
193 202 228 308 lb
540 247 571 302 B.
593 243 832 300 LANFRANCUS
852 242 1141 299 CANTUARIENSIS
1160 243 1483 298 ARCHIEPISCOPUS.
1807 244 1835 301 lli

191 377 313 432 editione
325 373 468 431 multoties
479 371 648 442 evulgatum)
660 371 767 442 primus
775 370 849 425 eruit
862 367 1120 430 Francis-Avitum
1140 373 1270 424 sanctum
1291 383 1407 422 summae
1432 367 1608 426 abstinentia
1631 371 1785 438 addictum,
1803 388 1836 427 ac

192 481 242 522 cus
268 465 388 520 Carreus
413 478 465 518 seu
487 459 657 526 Quadratus,
674 458 819 514 Baecensis
844 458 992 542 coenobila,
1035 457 1197 526 monachos,
1227 463 1330 513 sanctia
1356 456 1460 528 regulae
1497 457 1701 526 observatores,
1730 461 1779 532 qui
1807 461 1836 516 in

193 553 267 628 quod
295 553 414 624 ipsemet
438 551 467 605 in
487 565 547 617 sua,
562 563 646 620 quam
661 546 794 602 tractatui
808 546 987 619 praeliximus,
1033 546 1214 602 resarcienda
1236 546 1383 617 disciplina
1406 548 1560 602 monastica
1580 565 1692 604 omnem
1720 566 1834 621 operam

190 642 396 714 nuncupatoria
409 639 529 711 epistola
541 641 752 692 commonstrat.
777 635 831 691 Sed
846 651 988 690 varocum
1029 639 1174 700 navarent,
1190 634 1348 690 dedeceret.
1366 633 1502 690 Caeterum
1516 635 1749 692 instaurationem
1769 637 1832 692 uitae

189 734 220 788 in
234 733 283 787 illa
292 730 389 786 Carrei
399 729 522 784 editione
534 725 697 797 Berengarii
709 724 910 798 professionem
919 740 986 796 pon·
1028 722 1169 787 solitaria,
1187 739 1249 794 quae
1268 729 1428 779 asservatur
1446 725 1476 778 in
1503 725 1620 796 collegio
1649 726 1831 781 Benedictino

107 803 115 820 ⁸
187 823 264 879 tiilcs
278 819 414 890 Gregorio
430 817 481 873 vll
496 816 646 881 factam,et
659 814 786 886 quaedam
801 813 986 885 praecedentia
1027 811 1223 882 Cantabrigiae,
1240 811 1325 867 uliam
1336 812 1451 867 minime
1464 829 1524 868 esse
1539 831 1557 868 a
1571 814 1706 882 Decretis,
1722 815 1788 880 siue,
1801 817 1833 870 ut

188 915 218 964 et
240 905 440 978 subsequentia
465 903 549 959 verba
575 899 846 968 animadvertissem,
878 899 913 954 ab
941 898 985 954 his
1026 905 1135 967 vocant,
1152 901 1340 970 ceremoniis,
1356 901 1439 956 fidem
1460 901 1528 957 facit
1540 903 1677 960 seldenus
1701 903 1737 958 ad
1758 903 1831 959 Ead-

188 996 325 1062 videlioet,
349 997 391 1050 Ad
408 995 462 1049 bec
483 994 608 1060 Gregorii
629 993 747 1060 septimi,
770 995 835 1052 etc,
856 989 892 1045 ad
913 988 983 1042 illa:
1026 989 1097 1044 meri
1111 989 1265 1046 Historiam
1280 991 1455 1063 platanona,

188 1087 361 1144 Carnuntem
373 1084 422 1138 sub
434 1083 557 1147 Nicolao,
573 1083 625 1135 etc.
643 1078 753 1150 adjecta
765 1077 851 1133 fixisse
863 1077 898 1132 ab
907 1078 984 1132 evul-
1059 1079 1103 1134 Ad
1115 1079 1249 1152 epistolas
1258 1080 1332 1151 quod
1342 1080 1453 1144 attinet,
1466 1079 1647 1137 adhibuimus
1657 1081 1829 1153 ipsissimum

185 1181 284 1248 gatore
304 1175 388 1228 hacce
411 1172 573 1242 conjectura
587 1167 719 1223 movebar
736 1187 741 1219 :
756 1167 918 1223 haudedim
940 1183 985 1222 me
1026 1169 1183 1240 exemplum
1198 1170 1279 1240 cujus
1294 1169 1422 1224 meminit
1436 1169 1587 1224 cardinalis
1605 1171 1742 1226 Duronius
1770 1172 1829 1226 An-

186 1262 291 1320 latebat
314 1263 346 1319 B.
361 1261 551 1316 Lansrancum
574 1258 693 1330 epistola
717 1255 782 1312 bad
795 1257 985 1312 Alexandrum
1026 1257 1083 1313 nal.
1108 1257 1361 1314 ecclesiasticorum
1388 1263 1464 1312 tomo
1493 1259 1529 1326 ll,
1558 1259 1594 1313 ed
1624 1276 1729 1316 annum
1757 1256 1829 1318 1070

183 1369 286 1424 papam
314 1353 466 1406 tractatum
489 1363 571 1402 suum
597 1346 638 1401 De
659 1361 775 1417 corpore
799 1349 828 1400 et
849 1345 986 1415 sanguine
1026 1345 1149 1414 (illorum
1177 1347 1280 1402 etenim
1309 1347 1460 1402 nonnullas
1484 1347 1519 1402 ad
1540 1365 1649 1404 ,acram
1673 1349 1827 1404 Historiam

183 1440 297 1496 Domini
312 1445 409 1494 contra
431 1435 642 1506 Berengarium,
657 1434 774 1489 Cedonri
797 1432 908 1488 abbatis
922 1432 986 1488 luu-
1027 1439 1195 1507 spectantes,
1207 1436 1314 1491 eisdem
1328 1435 1483 1490 Annalibus
1498 1437 1640 1507 intexuit),
1652 1437 1700 1510 qui
1714 1443 1826 1510 postea·

183 1527 405 1602 gentemofircio,
417 1524 594 1580 elucubrasse
601 1524 773 1595 professum;
784 1520 986 1592 constabatque
1028 1539 1113 1595 quam
1122 1524 1271 1579 Lenfranci
1287 1524 1434 1596 epistolam
1450 1525 1607 1582 Alexandro
1622 1527 1647 1582 ll
1662 1527 1826 1600 inscriptam

183 1619 350 1690 Gregorium
365 1632 420 1670 non
431 1614 531 1670 eadem
543 1615 722 1685 tempestate,
735 1627 832 1666 uerum
852 1611 915 1682 plus
928 1609 980 1665 tri·
1021 1611 1127 1678 retulit,
1142 1612 1198 1666 ista
1222 1612 1330 1684 profert
1345 1629 1351 1665 :
1369 1631 1381 1666 a
1399 1613 1550 1685 Hucusque
1574 1615 1692 1686 epistola
1708 1615 1744 1670 ad
1763 1616 1826 1672 Ale·

180 1707 233 1762 bus
248 1710 312 1778 post
324 1703 406 1759 annis
419 1702 642 1758 fuissecreatum
653 1704 727 1768 (curn
739 1700 798 1770 jhm
818 1699 849 1753 in
859 1683 1158 1755 Cantus-Basanon
1174 1701 1346 1772 pontificem,
1371 1717 1455 1772 quarn
1476 1703 1570 1774 accepi
1598 1719 1654 1758 una
1677 1720 1742 1759 cum
1765 1705 1827 1760 aliis

180 1795 266 1851 riensi
284 1793 419 1849 cathedra
439 1791 550 1846 sederet
563 1788 745 1860 Lanirancus)
761 1805 794 1842 ac
808 1787 925 1858 proinde
940 1786 982 1841 di·
1021 1788 1057 1843 ab
1076 1789 1165 1844 amico
1182 1789 1415 1861 conjunctissimo
1427 1791 1497 1845 mihi
1516 1792 1668 1848 chrismam,
1690 1793 1827 1850 charita),

179 1890 254 1940 ctam
268 1882 526 1955 professionemsuo
535 1878 630 1933 libello
638 1878 763 1932 inserere
770 1876 846 1932 haud
856 1877 981 1948 potuisse
1021 1876 1137 1932 Nicolao
1149 1877 1242 1932 Fabro
1256 1877 1417 1933 parisiensi.
1435 1899 1448 1933 n
1471 1885 1524 1935 etc.
1540 1881 1662 1936 Fabium
1676 1899 1710 1938 ex
1723 1882 1826 1939 celebri

181 1972 336 2029 Videbatur·
1023 1965 1193 2022 bibliotheca
1222 1967 1389 2022 antuniana
1411 1968 1440 2022 in
1464 1969 1564 2041 Anglia
1585 1971 1725 2042 accepisse
1745 1971 1825 2028 testis

214 2061 320 2117 Deinde
334 2059 435 2116 collato
450 2059 583 2114 'tractatu
597 2056 632 2111 ad
657 2055 713 2110 tria
727 2071 780 2110 ms.
794 2053 980 2110 bibliotheca·
1021 2053 1091 2109 mihi
1105 2061 1148 2111 est
1158 2055 1234 2110 idern
1245 2055 1293 2127 qui
1304 2073 1388 2128 supra
1396 2057 1533 2113 seldenus
1546 2059 1606 2113 loco
1619 2059 1715 2115 citato.
1731 2061 1824 2132 Atque

117 2162 126 2172 .
179 2168 243 2207 rum
265 2149 370 2222 Regia,
389 2146 536 2203 Deccensis
564 2151 594 2200 et
613 2144 789 2209 Petauianae,
811 2158 918 2198 necnon
944 2141 980 2196 ad
1020 2144 1089 2198 illud
1105 2144 1219 2216 quidem
1233 2147 1426 2218 apographum
1448 2146 1643 2204 liberalissime
1668 2150 1822 2205 communi·

180 2257 277 2296 omnes
292 2255 354 2312 quae
368 2240 551 2293 occurrerunt
568 2233 704 2290 editiones
727 2249 790 2288 cum
808 2229 981 2302 ejuscemodi
1020 2233 1095 2288 cavit
1117 2233 1296 2289 doctissimus
1323 2234 1503 2305 Sirmondus;
1521 2253 1577 2309 quo
1595 2237 1776 2309 potissimum
1791 2239 1820 2294 in

179 2326 361 2402 professionis
373 2344 410 2382 ue
424 2326 468 2380 vel
479 2325 597 2380 minima
611 2322 720 2395 syllaba
733 2321 980 2392 legereturmagis
1021 2326 1119 2377 nostra
1141 2323 1193 2377 hac
1211 2324 1255 2378 usi
1275 2339 1373 2378 sumus
1394 2324 1526 2380 editione.
1547 2327 1696 2398 Suppetias
1712 2344 1822 2400 quoque

178 2418 336 2490 augebatur
357 2415 488 2488 suspicio.
517 2412 613 2468 Nihilo
636 2417 732 2468 tamen
755 2410 846 2466 secius
872 2408 980 2463 addita·
1021 2411 1116 2466 attulit
1126 2411 1285 2484 exemplum
1299 2412 1462 2468 earumdem
1473 2413 1633 2470 litterarum
1645 2421 1671 2477 te
1686 2422 1825 2472 monaste.

178 2512 276 2563 menta
289 2523 350 2562 esse
361 2522 422 2577 quae
435 2503 602 2576 protulimus
617 2518 673 2557 non
683 2499 977 2562 estcuralilrmemus,
1022 2499 1074 2564 ric,
1092 2500 1122 2555 ni
1136 2500 1227 2569 fallor,
1244 2501 1339 2556 Sancti
1356 2502 1491 2573 Stephani
1506 2503 1743 2574 Gadomensis)ah
1758 2522 1822 2562 eru-

178 2595 405 2669 quandoquidem
424 2591 559 2664 adjecisse
577 2608 611 2646 aa
624 2591 657 2647 B.
673 2590 873 2654 Lanirancum,
884 2587 980 2642 elabo·
1021 2590 1160 2645 ditissimo
1176 2593 1283 2646 Joanne
1300 2597 1323 2647 le
1343 2595 1438 2647 araur
1452 2593 1672 2665 Rothomagensi
1689 2596 1824 2651 canonia,

177 2703 312 2758 rasseque
325 2690 357 2740 ut
375 2682 495 2756 amplior
517 2687 601 2753 atque
617 2679 792 2735 emendatior
810 2678 883 2732 foret
903 2676 981 2732 libel·
1021 2679 1230 2736 transmissum.
1248 2681 1339 2736 Unam
1364 2687 1414 2736 aut
1428 2681 1547 2737 alteram
1573 2699 1606 2737 ex
1623 2683 1689 2738 Vita
1703 2685 1735 2739 B.
1751 2685 1823 2740 Lan-

178 2778 232 2845 lus,
243 2791 308 2830 vcro
324 2772 469 2829 simillime
477 2775 521 2825 est
529 2768 620 2836 ratio;
634 2767 709 2840 quod
719 2772 748 2821 et
757 2764 980 2838 solentplerique
1023 2767 1113 2822 franci
1130 2773 1158 2822 et
1183 2768 1314 2823 Eadmari
1335 2768 1461 2823 historia
1484 2770 1625 2842 excerpsi,
1649 2771 1824 2843 trigesimam

178 2869 317 2931 auctores,
332 2859 626 2933 saepiusculeoperaa
642 2873 672 2912 se
696 2855 772 2911 edita
784 2854 836 2910 sub
848 2854 979 2910 incudem
1022 2857 1173 2928 septimam
1197 2859 1289 2928 (cujus
1313 2857 1425 2912 initium
1441 2858 1578 2913 duntaxat
1593 2866 1745 2932 utrumque
1758 2878 1824 2934 apo-

178 2969 319 3010 reuocare.
340 2951 404 3006 Non
422 2949 468 3002 hic
480 2947 618 3002 immoror
632 2945 662 3001 in
677 2944 898 3001 commendando
913 2961 982 3016 prae·
1021 2946 1162 3017 graphum
1177 2945 1348 3017 continebat)
1360 2947 1498 3018 integram
1505 2947 1583 3002 misit
1592 2948 1668 3004 idem
1681 2953 1705 3005 te
1716 2953 1821 3018 Prtudl,

178 3043 265 3100 coniis
289 3041 343 3096 isto
369 3053 453 3111 opere
478 3052 580 3103 aureo;
605 3034 674 3090 satis
696 3034 770 3089 enim
790 3049 931 3106 superque
944 3033 1260 3104 decquemadmodum
1274 3051 1325 3088 suo
1341 3035 1402 3089 loco
1423 3034 1628 3110 adnotavimus.
1646 3036 1734 3092 Porro
1748 3054 1823 3094 com-

178 3133 276 3188 eodem
291 3144 378 3200 supra
396 3141 546 3182 numerum
558 3123 701 3179 tradidere
713 3123 873 3195 scriptores.
891 3130 919 3177 et
929 3139 980 3178 nos
1021 3121 1116 3192 plures
1131 3123 1201 3178 alias
1215 3123 1358 3195 scripsisse
1374 3124 1483 3179 litteras
1496 3141 1579 3180 nemo
1594 3125 1710 3197 quinon
1719 3127 1822 3197 videam

177 3219 323 3295 pariterin
343 3212 582 3272 observationibus
607 3229 642 3267 ex
665 3212 764 3268 iisdem
785 3211 980 3267 adnotavimus
1022 3212 1126 3282 quippe
1140 3213 1220 3282 cujus
1244 3212 1382 3280 doctrina,
1399 3213 1496 3279 virtus,
1513 3214 1673 3285 prudentia,
1687 3217 1824 3273 sanctitas

178 3299 637 3382 plura.Mendis,quibusscatebat,
652 3299 982 3371 expurgavimusdistri·
1022 3315 1073 3370 per
1085 3299 1244 3354 uniuersam
1269 3317 1340 3372 pane
1365 3301 1504 3373 Europam
1528 3303 1706 3369 insonuerat;
1720 3305 1824 3378 quique

178 3397 348 3466 buimusque
370 3393 401 3446 in
415 3389 506 3462 capita
520 3388 657 3454 libellum,
673 3393 700 3444 et
721 3387 900 3443 citationibus
925 3388 980 3454 (di-
1021 3403 1085 3442 cum
1099 3403 1117 3442 a
1131 3389 1249 3444 summis
1264 3389 1452 3460 pontificibus,
1475 3396 1535 3446 tum
1550 3391 1585 3446 ab
1600 3392 1747 3465 episcopis,
1761 3399 1822 3450 tum

178 3485 282 3544 seussis
297 3483 374 3556 prius
388 3496 454 3536 cum
468 3496 521 3534 ms.
537 3479 580 3533 vel
600 3476 682 3533 editis
704 3476 853 3548 codicibus)
878 3477 981 3550 margi-
1021 3476 1107 3532 etiam
1131 3493 1149 3532 a
1171 3478 1354 3550 principibus,
1371 3484 1399 3534 et
1411 3479 1473 3535 aliis
1487 3480 1638 3552 cujuslibet
1654 3481 1822 3540 conditioni,

180 3591 231 3632 1¹0⁸
248 3570 456 3628 ³d⁰mfllim¹1b
1021 3565 1181 3622 hominibus
1195 3566 1405 3636 cousulebatur;
1423 3573 1453 3623 at
1466 3583 1502 3623 ne
1518 3570 1619 3625 saltem
1636 3586 1722 3626 unam
1735 3571 1774 3626 ab
1787 3588 1822 3628 eo

216 3661 345 3719 Proxime
359 3649 517 3730 sequuntur
526 3655 640 3711 decreta
653 3671 704 3729 pro
716 3655 814 3710 ordine
824 3655 915 3711 sancti
930 3657 980 3712 Be·
1021 3660 1173 3722 exaratam,
1201 3656 1366 3728 priusquam
1404 3657 1507 3712 infulas
1535 3657 1667 3727 deterret,
1700 3659 1743 3716 las
1769 3661 1823 3718 fuit

179 3751 286 3809 nedicti
298 3750 351 3814 (De
373 3744 613 3802 annotatiunculis
635 3744 671 3798 ad
692 3744 858 3800 Cassianum
874 3745 978 3800 dictum
1020 3744 1165 3815 reperire:
1182 3743 1319 3801 obvoluta
1335 3745 1451 3801 suerunt
1465 3745 1542 3801 haud
1556 3746 1641 3802 dubie
1655 3747 1707 3804 sub
1719 3750 1820 3820 ruinis,

182 3847 227 3897 est
239 3840 270 3894 in
284 3833 525 3894 observationibus
548 3833 583 3887 ad
598 3831 692 3886 Vitam
714 3849 778 3904 pag.
803 3831 834 3889 ll
864 3838 893 3888 et
915 3831 981 3903 25⁴2)
1021 3833 1087 3888 dum
1103 3833 1214 3889 circiter
1221 3850 1267 3889 an.
1288 3831 1365 3902 itta,
1377 3834 1576 3890 ditissimailla
1590 3841 1674 3908 atque
1690 3838 1767 3893 omni
1779 3856 1823 3896 ue-

183 3929 270 3987 semel
284 3926 421 3982 duntaxat
434 3922 508 3996 typis
523 3920 558 3976 ab
570 3920 680 3976 erudito
690 3937 768 3992 aeque
782 3938 815 3976 ac
828 3921 875 3993 pio
891 3922 980 3976 Bene·
1022 3922 1168 3977 uenatione
1187 3923 1272 3994 digna
1296 3923 1355 3978 ruit
1380 3923 1525 3978 Beccensis
1548 3922 1722 3980 Bibliotheca
1741 3925 1821 3997 (proh

90 4057 91 4060 =
183 4009 690 4086 dictinocougregationisAnglicanae
699 4009 843 4065 Clemente
850 4010 980 4082 Reynero
1022 4010 1118 4066 dolorl
1133 4017 1239 4082 quanta
1257 4011 1395 4082 pernicies
1410 4011 1476 4067 viris
1493 4011 1636 4081 litteratis)
1652 4012 1700 4068 ubi
1715 4013 1822 4070 scilicet

183 4108 326 4173 mandata,
342 4103 392 4158 sed
406 4101 482 4157 enim
503 4098 711 4154 characteribus
724 4098 888 4168 ,obliteratis
901 4115 980 4155 men·
1022 4098 1132 4154 codices
1145 4115 1213 4154 mss.
1231 4115 1299 4154 cura
1313 4104 1342 4154 et
1355 4099 1448 4156 studio
1461 4105 1519 4154 tam
1535 4100 1567 4156 B.
1578 4100 1820 4173 Laniranciquam

183 4199 282 4271 disque
309 4191 424 4250 libraria
449 4187 598 4246 oscitantia
624 4187 728 4260 passim
756 4187 874 4256 referta;
907 4205 979 4260 quae,
1022 4188 1050 4244 S.
1068 4187 1194 4243 Anselmi
1206 4188 1362 4244 elucubrati
1384 4193 1414 4244 et
1428 4189 1567 4260 castigati,
1583 4191 1708 4246 studiose
1732 4207 1821 4248 amer-

182 4292 266 4362 prout
283 4283 402 4340 facultas
425 4278 561 4351 suppetiit
584 4277 691 4346 (nullus
714 4276 789 4332 enim
811 4277 904 4333 Codex
924 4275 1168 4372 mstabautur.

183 4375 324 4445 occurrit),
340 4369 530 4436 correximus3
546 4367 625 4436 colis,
636 4367 714 4422 caesis
726 4372 756 4421 et
770 4367 880 4438 punctis
894 4366 979 4439 pluri·
1056 4366 1144 4420 Notas
1158 4370 1183 4420 el
1201 4365 1410 4422 obseruationes
1426 4366 1615 4438 adjunximus,
1628 4372 1667 4436 et,
1681 4374 1820 4441 quantum

182 4483 230 4523 ma
242 4481 276 4519 ex
291 4465 371 4534 parte
384 4457 575 4522 distinximus,
599 4456 790 4527 nonnullaque
808 4456 903 4526 capita
918 4458 980 4524 (sua
1021 4454 1101 4510 nobis
1110 4454 1254 4526 integrum
1266 4455 1428 4528 loitresque
1442 4456 1746 4528 postulavere,vetusta
1757 4475 1819 4514 mo·

181 4551 341 4628 prolixitate
353 4544 566 4619 importuniora)
588 4543 617 4598 in
630 4543 768 4599 sectiones
781 4544 873 4600 varias
886 4545 979 4600 divisi·
1019 4548 1155 4599 humente
1164 4544 1300 4600 hactenus
1309 4544 1383 4599 carie
1395 4549 1425 4599 et
1437 4545 1567 4616 squalore
1580 4545 1692 4613 foedata,
1704 4563 1820 4620 susque·

181 4659 254 4699 mus.
271 4639 428 4703 Enimvero,
445 4639 477 4690 ut
489 4634 580 4688 dicam
596 4633 670 4704 quod
685 4631 786 4698 sentio,
809 4634 978 4704 gravitatem
1020 4632 1111 4704 deque
1125 4631 1222 4688 habita
1236 4632 1463 4701 interseruimus3
1477 4649 1538 4705 quae
1548 4651 1630 4706 spero
1637 4635 1819 4708 antiquarum

181 4731 302 4804 stylique
317 4727 492 4798 majestatem
508 4723 540 4778 B.
562 4721 763 4793 archiepiscopi
784 4737 840 4776 non
855 4723 981 4777 referunt
1021 4737 1116 4776 rerum
1135 4721 1253 4777 curiosis
1267 4721 1489 4794 exploratoribus
1507 4722 1633 4779 loreuon
1647 4724 1815 4795 injucunda:

182 4821 286 4892 ubique
299 4816 365 4893 (scio
380 4815 410 4869 in
424 4813 477 4869 boc
490 4810 630 4867 scribendi
652 4827 756 4882 genere
770 4811 905 4867 concinna
919 4829 979 4867 ver·
1021 4811 1133 4867 tametsi
1147 4811 1274 4884 quadarn
1284 4809 1406 4883 benigna
1419 4828 1506 4868 manu
1518 4813 1643 4884 expungi
1658 4811 1694 4867 ab
1706 4813 1747 4869 eis
1756 4831 1818 4886 per-

180 4911 217 4966 ba
229 4925 286 4964 uon
299 4922 360 4962 esse
375 4902 547 4977 querenda),
562 4917 596 4956 ea
613 4905 728 4972 propter
749 4900 875 4972 suspicor
889 4900 978 4956 multa
1019 4905 1095 4972 opto,
1112 4901 1233 4956 maxime
1248 4917 1318 4972 quae,
1331 4917 1394 4974 pag.
1413 4898 1474 4968 3³8,
1490 4918 1523 4958 ex
1539 4901 1706 4974 pervetustis
1725 4919 1816 4958 mem.

181 4999 249 5057 mihi
260 4998 373 5053 decreta
383 4990 632 5049 aconsarcinatore
642 4993 776 5060 congesta
786 4989 882 5054 fuisse,
893 4995 923 5046 et
936 5007 977 5046 re·
1018 4989 1113 5045 branis
1125 4990 1275 5046 lormulam
1290 4988 1487 5047 denuntianda
1502 4991 1601 5046 mortis
1615 4989 1740 5046 defuncti
1754 5009 1815 5048 mo·

178 5105 245 5145 vera
270 5087 299 5142 id
326 5085 520 5141 demonstrare
543 5080 674 5135 videntur
694 5095 766 5150 quae,
787 5079 886 5150 capitis
900 5077 917 5136 ‘i
932 5096 974 5135 se·
1017 5080 1101 5135 nnchi
1128 5079 1291 5151 produxisse
1317 5096 1362 5135 me
1390 5079 1547 5148 affirmavi;
1577 5079 1716 5152 siquidem
1744 5081 1816 5138 hanc

177 5180 269 5236 ctione
283 5175 311 5234 2.
327 5190 390 5246 pag.
407 5170 471 5238 257,
487 5172 520 5226 D.
536 5169 685 5236 habentur,
701 5167 749 5223 ubi
767 5167 815 5222 ille
829 5167 890 5240 ipse
903 5168 973 5224 cita·
1014 5169 1105 5242 ipsam
1125 5167 1296 5240 jampridem
1320 5169 1397 5241 prelo
1427 5169 1611 5241 suppositam,
1638 5174 1666 5224 et
1689 5169 1816 5226 hlcrbodi

176 5275 223 5325 tur
244 5263 447 5324 Lanirancus:
476 5259 629 5313 ecanteut
654 5255 807 5310 matutinas
828 5256 972 5325 (Deciates
1013 5257 1137 5330 episcopi
1149 5257 1323 5314 Redonensis
1338 5257 1469 5331 operibus
1480 5257 1624 5328 praellxam
1636 5256 1724 5314 fuisse
1735 5258 1816 5315 intel.

175 5355 333 5426 Lanirauci)
346 5349 454 5409 laudes.
471 5367 485 5401 a
501 5347 545 5413 Et,
560 5362 620 5417 cap.
633 5345 660 5411 8,
676 5349 766 5414 secta,
782 5345 972 5416 prescribitur
1011 5346 1076 5402 lexi.

165 5451 206 5503 -ut
218 5443 388 5505 cellerarius,
397 5456 452 5513 quo
463 5437 508 5493 die
522 5439 703 5507 computuum
711 5433 850 5490 rationem
861 5434 968 5504 reddet,
1048 5437 1146 5509 Neque
1159 5436 1229 5492 mihi
1241 5452 1405 5494 succenseas
1417 5452 1476 5504 oro,
1493 5436 1567 5510 quod
1583 5436 1747 5509 sepiuscule
1762 5437 1816 5496 lor·

172 5535 301 5592 festiuum
316 5531 466 5605 prandium
479 5524 614 5585 iratribus
629 5523 778 5593 exhibeat;
800 5524 875 5596 quod
887 5525 971 5596 plane
1013 5543 1065 5582 san
1083 5543 1128 5582 res
1142 5527 1314 5583 monasticas
1330 5524 1455 5599 qualibet
1472 5525 1540 5583 data
1559 5525 1705 5584 accadens
1717 5526 1817 5588 ridear
