3882 6172
135 265 198 326 539
668 268 707 322 ni
728 262 840 321 aersr.
859 265 892 324 a.
913 262 1120 320 nnnranncr
1139 265 1255 322 nora.
1728 257 1781 327 sto

136 407 202 444 rem
217 395 313 445 tamen
333 408 365 445 ex
387 407 465 461 aequo
488 407 620 460 pensans,
643 391 708 445 hinc
726 391 975 450 imnroderatanlA
986 387 1323 460 nedumreligiosisnefas
1335 389 1550 446 estthendorum
1563 395 1783 465 amminic-

133 481 345 550 arrogantiam,
371 479 437 533 hinc
460 479 649 533 inconsultum
679 481 831 534 trrrnnltum
858 479 942 549 justis
982 480 1092 548 giorum
1107 478 1209 549 gratia,
1222 477 1357 533 violentas
1370 483 1589 549 manus(coutra
1604 482 1782 554 psalmogra-

133 566 360 623 liberationibus
377 567 582 639 praeponderat.
602 567 683 622 lubet
698 569 783 638 igitur
798 567 942 621 ecclesiam
983 569 1030 638 phi
1047 575 1233 640 praeceptum:
1247 567 1335 620 delita
1351 573 1460 635 inrepere
1476 572 1595 624 Christos
1606 577 1780 640 meaalfPaccl.

133 659 241 712 statim
256 655 507 728 abarchiepiscopo
518 657 785 722 reconciliariQuod
797 673 859 710 cunr
874 655 943 709 satis
984 655 1091 720 orv,15t
1108 657 1138 710 in
1159 662 1257 711 unctos
1280 655 1401 722 Domini,
1423 659 1566 729 episcopos
1580 660 1710 730 injicere3
1733 663 1783 733 qui

131 746 215 800 irato
233 753 260 800 et
279 747 431 800 reluctanti
456 745 550 800 animo
574 745 720 807 abnueret,
740 761 788 798 rex
814 743 943 798 ltlichaeli
984 744 1019 799 ab
1033 746 1176 816 hpost010,
1189 762 1240 817 per
1250 747 1483 810 antonomasiam,
1497 748 1618 802 ministri
1630 751 1783 818 Gnostici

133 835 272 906 episcopo
287 833 483 889 hbrincacensl
506 834 558 888 loci
578 835 831 888 reconciliationem
847 834 943 902 injun·
984 835 1193 906 dispensatores
1214 833 1412 906 mysteriorum
1432 835 1483 888 Dei
1500 837 1525 902 (Ι
1540 839 1599 891 dor.
1621 853 1657 904 rv,
1676 836 1711 907 i).
1729 841 1783 895 hoc

134 919 189 987 xil,
207 923 344 995 pudorem
361 941 426 977 vero
442 936 534 988 suunt,
554 923 583 977 in
598 923 691 977 futuro
706 923 855 976 sindictam
872 937 944 992 pre-
985 930 1027 977 est
1041 923 1257 994 predicationis,
1284 923 1433 976 sacerdotii
1454 929 1482 978 ct
1504 925 1622 980 aliorum
1639 943 1783 983 sacrorum

132 1001 273 1078 tendens,
296 1009 491 1067 dissimularit.
520 1011 649 1078 Quatuor
674 1012 761 1082 igitur
794 1011 944 1064 monachos
984 1013 1114 1066 ordinum
1138 1019 1178 1076 tut
1201 1012 1255 1065 fert
1269 1012 1364 1082 glossa
1378 1011 1411 1066 B.
1439 1013 1593 1078 lanfranci)
1609 1031 1783 1072 successores

133 1099 207 1168 loci,
220 1114 289 1173 quos
300 1101 599 1156 etfectionisauctores
609 1101 867 1164 audierat,totidem
879 1099 945 1153 alio·
985 1109 1051 1154 sulit
1066 1102 1266 1172 apostolorum,
1283 1101 1423 1172 principes
1439 1103 1577 1166 Ecclesiae,
1595 1105 1698 1176 angeli,
1712 1103 1763 1162 dii.

135 1205 207 1244 rum
222 1189 412 1245 canoniorum
428 1189 574 1244 abbatibus
599 1190 740 1244 commisit
756 1195 894 1260 quatenus
916 1194 944 1241 ct
1021 1193 1091 1257 (letio
1118 1205 1161 1243 eos
1185 1192 1311 1252 adcreuit,
1336 1195 1360 1243 et
1389 1193 1612 1258 capraecedent,
1636 1197 1781 1261 ejecerant.

135 1279 338 1350 achiepiscope
355 1279 538 1346 satisfaceret,
565 1279 647 1332 etilli
665 1279 694 1332 in
718 1277 943 1350 peregrinatione
985 1277 1151 1347 Quanquam
1170 1277 1300 1347 saporius
1314 1277 1430 1331 dixerim
1446 1280 1598 1333 monachos
1612 1281 1640 1334 S.
1655 1283 1783 1337 Audoeni

135 1385 193 1422 sua
210 1369 321 1422 luerent
336 1368 411 1438 quod
434 1369 527 1422 nrinus
549 1369 669 1422 consulti
692 1373 863 1439 peccassent.
881 1367 943 1420 Non
984 1372 1100 1436 tangere
1110 1367 1162 1421 hac
1172 1368 1199 1420 in
1216 1367 1333 1436 epistola
1343 1365 1377 1419 B.
1393 1367 1590 1434 Lanlrnncum,
1601 1359 1785 1425 nihilominus

135 1459 235 1510 multo
248 1463 312 1528 post
325 1462 433 1523 tamen,
452 1464 480 1511 et
493 1458 610 1511 rationis
621 1457 843 1511 consideratione
857 1461 883 1508 ct
895 1472 944 1525 pe·
985 1455 1141 1527 presbyteri
1163 1455 1209 1526 qui
1233 1457 1368 1510 loannem
1384 1456 1625 1527 archiepiscopum
1644 1459 1785 1529 lapidibus

134 1545 197 1599 ritu
214 1547 324 1600 abbatis
344 1545 470 1618 ipsorum
490 1547 587 1611 flexus,
601 1546 629 1599 in
651 1547 829 1616 praesentiam
844 1543 945 1597 sericos
986 1545 1129 1614 appretiere
1144 1550 1263 1614 possunt
1276 1543 1413 1612 intelligi,
1431 1545 1503 1614 quod
1514 1545 1607 1615 prodit
1623 1547 1784 1611 OrdericuS,

135 1637 294 1700 revocarit,
307 1643 336 1688 et
354 1635 484 1689 Ecclesia
498 1635 692 1689 reconciliatos
708 1633 838 1688 reddidit.
855 1631 888 1686 In
900 1631 943 1685 his
984 1633 1036 1690 lib.
1056 1647 1091 1698 iv,
1107 1649 1135 1704 p.
1159 1631 1230 1687 507:
1251 1653 1261 1684 r
1287 1631 1408 1686 linitum
1428 1641 1526 1687 contra
1548 1634 1704 1704 impudicos
1724 1651 1786 1707 pre-

138 1723 275 1777 omnibus
285 1739 399 1795 semper
408 1725 480 1795 apud
494 1723 586 1794 ipsum
595 1731 708 1778 cautum
717 1723 867 1784 exstititnc
878 1705 1113 1792 quisthyteros
1128 1738 1178 1792 pro
1198 1719 1356 1773 auferendis
1373 1719 1517 1790 pellicibus
1537 1721 1674 1776 laboravit
1691 1724 1787 1791 floen-

139 1811 196 1865 sibi
218 1803 455 1883 archiepiscopus,
474 1811 554 1884 quiesi
571 1811 623 1866 sub
638 1809 825 1866 ecclesiastico
841 1810 944 1879 rigore,
987 1825 1045 1868 nest
1065 1827 1070 1861 :
1089 1826 1106 1862 a
1123 1810 1223 1880 quibus
1236 1809 1303 1863 dum
1318 1809 1348 1862 in
1368 1809 1474 1880 synodo
1492 1809 1661 1864 concubinas
1675 1812 1718 1866 'eis
1731 1810 1784 1867 sub

137 1901 170 1955 in
184 1899 279 1955 causis
289 1885 376 1973 hujus
389 1900 512 1955 ecclesie
526 1899 868 1969 insolenterarrogarerit.
885 1897 945 1952 lmo
987 1899 1166 1952 anathemate
1175 1897 1345 1970 prohiberet,
1357 1897 1498 1968 lapidibus
1509 1913 1657 1968 percussus
1666 1900 1785 1971 aufugit,

138 1991 294 2061 postquam
323 1991 348 2044 ei
372 1991 485 2061 gemino
511 1991 631 2044 fratrum
660 1990 823 2043 corumdem
851 1987 946 2041 exsilio
986 1987 1154 2058 fugiensque
1181 1985 1361 2052 deecclesia,
1386 1989 1457 2040 fleres
1485 1993 1620 2042 venerant
1638 1995 1728 2056 pentes
1755 1987 1787 2043 'fn

141 2079 294 2142 satisfecit,
311 2093 370 2132 rem
386 2079 414 2133 in
430 2079 577 2134 consilium
592 2079 679 2150 ponit,
697 2077 845 2132 concilium
861 2075 945 2145 cogit,
989 2077 1172 2129 lea-eliranni
1186 2081 1263 2128 team
1275 2077 1356 2150 (Psoi.
1372 2089 1485 2140 cxxvru,
1499 2075 1538 2146 l),
1562 2075 1673 2132 fortiter
1686 2078 1788 2132 clame·

140 2167 219 2238 quod
241 2167 386 2223 abbatiam
409 2183 488 2221 suam
504 2168 576 2221 irato
596 2173 624 2220 et
646 2165 837 2220 tumultuante
853 2165 947 2218 arrimo
988 2166 1068 2219 rit.»

139 2255 290 2322 intrasset,
308 2257 382 2327 quod
398 2255 487 2310 turbae
498 2271 583 2310 cansa
599 2261 627 2310 et
641 2255 760 2309 materia
783 2253 944 2318 exstitisset,
1257 2271 1292 2308 aa
1307 2269 1456 2310 nersrotnu
1473 2271 1517 2308 xv.

142 2345 221 2412 quod
235 2346 290 2399 loci
305 2345 561 2400 reconciliationem
580 2345 633 2398 sibi
648 2345 824 2414 ‹tenegasset
841 2342 947 2413 judicio
1023 2341 1724 2414 Pcrdiu'ssimeconpreprrte'oniatlongregationem,
1735 2346 1789 2400 hoc

140 2435 300 2505 primatum
316 2447 432 2488 suorum
453 2441 594 2489 trecentas
617 2434 704 2487 libras
720 2433 825 2503 eregit,
848 2429 946 2484 Delicti
987 2433 1047 2486 loco
1064 2431 1215 2485 monachos
1231 2431 1319 2485 sancti
1334 2429 1461 2486 audoeni
1472 2432 1552 2486 innui
1566 2433 1694 2500 videtur;
1708 2449 1788 2506 quos,

145 2524 219 2576 satis
235 2523 289 2577 hac
301 2523 425 2576 vindicta
439 2523 610 2589 exsolvisset,
625 2521 648 2576 si
664 2523 761 2576 intimo
779 2521 846 2574 fricti
860 2519 948 2591 peni·
988 2521 1246 2574 lrixatamenastica
1265 2521 1422 2591 disciplina,
1441 2519 1628 2576 dissolutioris
1646 2523 1708 2576 vitae
1727 2531 1790 2579 tum

144 2612 261 2678 tuisset,
282 2611 452 2683 Dominique
475 2611 641 2684 patientiam
671 2629 726 2665 non
751 2609 945 2680 negligendam
990 2610 1129 2664 exstitisse
1151 2616 1317 2680 argumento
1343 2615 1386 2664 est
1409 2610 1559 2664 subsecuta
1572 2611 1690 2666 coenobii
1704 2615 1791 2667 refor-

143 2707 287 2772 putasset.
304 2698 360 2756 Sed
375 2701 463 2755 animi
476 2713 632 2766 rancorem,
651 2715 700 2754 nee
714 2707 809 2753 tanren
824 2699 946 2769 primum
990 2699 1077 2752 aratio
1094 2696 1145 2752 sub
1159 2699 1278 2768 Helgoto
1292 2699 1409 2753 Cadomi
1433 2700 1535 2770 priore,
1552 2699 1662 2754 Nicolai
1676 2713 1788 2756 succes-

141 2791 282 2844 adsersus
306 2789 335 2844 S.
357 2790 485 2846 audoeni
506 2789 659 2845 cohabitas
682 2794 836 2860 acceperat,
854 2795 882 2842 et
897 2788 949 2840 hoc
991 2804 1052 2841 sore
1066 2805 1072 2854 ;
1088 2788 1160 2857 quod
1180 2788 1322 2841 memoriae
1337 2788 1461 2859 prodidit
1485 2788 1622 2842 Robertus
1637 2789 1671 2842 de
1693 2789 1790 2844 Monte

139 2876 230 2931 modo
246 2878 338 2949 potuit
353 2879 446 2950 potius
461 2879 625 2949 exaggerari
640 2895 723 2950 quam
745 2877 836 2931 leniri.
852 2875 948 2930 Trium
990 2874 1018 2927 in
1036 2875 1174 2930 Chronico
1190 2893 1241 2934 ms.
1266 2885 1328 2947 post
1351 2877 1535 2948 appendicem
1550 2878 1586 2932 ad
1606 2879 1788 2948 sigibertum,

141 2981 288 3021 annorum
303 2967 426 3040 spatium
441 2969 583 3022 evolutum
598 2975 668 3034 erat,
681 2973 709 3020 et
724 2981 836 3037 semper
854 2965 948 3036 repul·
991 2961 1105 3018 abbates
1119 2981 1267 3018 recensens
1283 2965 1445 3020 monasterii
1463 2967 1605 3036 praedicti3
1621 2969 1671 3022 Hic
1682 2969 1792 3040 (Helge-

142 3071 210 3110 sam
226 3057 270 3110 sui
290 3056 415 3111 dolorem
437 3057 569 3111 continuo
584 3073 678 3111 secum
694 3053 869 3122 corrodebat,
886 3021 1046 3120 con-Gens)
1061 3052 1186 3107 ordinem.
1200 3055 1363 3108 emendavit.

139 3145 261 3215 menti
278 3153 345 3198 sane
366 3145 492 3216 exemplo
512 3161 677 3216 suspensus,
694 3145 769 3197 velut
784 3141 949 3213 evangelica
1025 3143 1151 3210 Episcopi
1170 3141 1340 3212 ll'alcbcliui,
1364 3160 1415 3199 seu
1436 3145 1613 3203 Walchelmi.
1635 3145 1790 3204 Bibliothe-

140 3233 225 3286 lllius
243 3233 370 3288 ficulnea
382 3232 578 3298 fructusunde
592 3236 633 3287 sic
647 3234 774 3305 quaedam
790 3237 950 3303 exspectata
992 3231 1085 3285 carius
1100 3231 1280 3287 hlalmesbur.
1301 3233 1328 3286 in
1349 3233 1487 3305 episcopis
1507 3235 1693 3302 vintoniens,
1709 3237 1757 3290 lib.
1771 3235 1790 3292 h

138 3321 239 3376 tribus
252 3323 375 3377 fructum
390 3339 446 3376 non
462 3323 558 3377 attulit
571 3323 664 3378 annis
682 3325 751 3378 Cum
763 3329 827 3394 post
841 3321 869 3375 id
879 3325 949 3374 tem·
991 3317 1031 3374 De
1046 3320 1144 3392 pontif.
1163 3339 1176 3374 e
1197 3321 1332 3392 Stigando
1355 3323 1483 3393 deposito
1504 3325 1639 3380 successit
1658 3326 1791 3381 valchel-

139 3410 235 3482 por-ts,
247 3411 380 3465 redeunte
393 3414 490 3467 eadem
501 3411 663 3478 festivitate,
680 3413 775 3484 paucis
789 3415 854 3465 ante
871 3425 951 3463 men·
991 3425 1098 3475 musa
1123 3409 1264 3465 Willelmo
1293 3427 1359 3481 rege
1390 3413 1483 3479 datus,
1508 3413 1587 3484 cujus
1613 3409 1687 3469 bona
1705 3419 1792 3486 opera

141 3497 228 3552 silius
238 3499 359 3571 paralysi
370 3503 521 3572 perculsus,
539 3503 588 3557 sed
601 3501 635 3557 ab
646 3503 700 3557 hac
715 3501 879 3556 infirmitate
891 3501 950 3569 jam
992 3499 1096 3552 famam
1111 3499 1248 3553 vincentia
1264 3499 1374 3554 senium
1387 3517 1403 3554 a
1418 3517 1448 3556 se
1464 3503 1625 3558 venustatis
1642 3505 1789 3576 repellent,

141 3587 292 3658 respirans
317 3591 352 3644 ad
377 3591 583 3646 solemnitatem
607 3591 692 3656 venit,
706 3597 734 3644 et
760 3591 826 3662 quia
850 3605 901 3660 per
918 3605 948 3642 se
990 3585 1114 3658 quandiu
1134 3588 1204 3642 inibi
1228 3589 1308 3642 sedes
1330 3590 1495 3661 episcopalis
1516 3591 1637 3646 durabit.
1653 3593 1791 3665 Etprimo

142 3677 267 3731 missam
281 3677 421 3733 celebrare
435 3696 490 3734 non
501 3679 775 3751 potuit.i⁷aslebcrto
788 3677 948 3732 Ebroieensi
991 3677 1104 3747 quidem
1116 3677 1222 3732 advena
1237 3694 1324 3732 notus
1339 3680 1490 3734 monachos
1504 3687 1604 3735 exosus
1614 3682 1724 3750 fuerat3
1741 3683 1791 3738 sed

143 3763 280 3837 episcopo
292 3768 365 3821 vices
378 3785 445 3822 suas
458 3769 607 3823 commisit.
629 3769 691 3840 lpse
707 3767 736 3821 in
749 3767 840 3821 medio
855 3771 949 3819 canto·
989 3765 1070 3820 facile
1080 3773 1222 3820 correctus
1232 3767 1418 3822 tenebraticum
1430 3769 1498 3824 illud
1509 3771 1605 3824 odium
1615 3787 1688 3842 saepe
1698 3773 1793 3844 deplo'-

142 3869 209 3909 rum
223 3857 316 3926 specie
331 3860 510 3928 praecentoris
525 3860 612 3913 stetit.
624 3857 748 3912 Tandem
762 3855 836 3925 regia
855 3861 949 3909 aucto-
988 3854 1069 3920 ravit,
1093 3855 1222 3926 deinceps
1236 3857 1331 3910 fovens
1347 3873 1394 3911 eos
1408 3863 1440 3912 ut
1454 3859 1537 3921 filice,
1553 3860 1671 3930 diligens
1686 3865 1719 3916 ut
1732 3861 1791 3916 fra-

143 3951 246 4004 rrtate,
264 3945 318 4000 imo
333 3947 463 4001 consultu
483 3949 610 4002 cranium
635 3947 764 4018 pulsatus
787 3946 947 4014 episcopatu
989 3949 1057 3998 tres.
1072 3945 1213 3998 honorans
1224 3959 1255 3999 ut
1270 3945 1408 4000 dominos
1423 3947 1517 4001 Unum
1533 3950 1790 4019 estpermaxilnu'm

143 4033 232 4093 cedit.
246 4035 317 4088 etad
333 4035 484 4106 quamdam
497 4039 540 4091 sui
553 4036 716 4108 patrimonii
731 4035 835 4098 villam,
860 4033 948 4086 sancti
989 4031 1019 4084 in
1035 4046 1089 4101 quo
1109 4031 1232 4102 peccarit
1251 4033 1325 4103 ¹quem
1351 4034 1387 4087 ad
1403 4037 1544 4088 trecentas
1563 4035 1680 4091 libratas
1697 4043 1790 4092 terras

141 4121 295 4178 Philiberti
308 4121 362 4186 die,
378 4125 500 4194 secedit,
527 4125 614 4180 abiet
629 4123 832 4195 aliquantisper
849 4137 948 4192 super·
989 4119 1134 4173 monachis
1149 4119 1291 4189 autorem,
1304 4121 1362 4175 suis
1378 4128 1406 4177 et
1421 4130 1612 4177 successorum
1626 4121 1724 4180 usibus
1733 4126 1789 4181 im·

142 4211 223 4265 vixit.
239 4211 410 4268 Duodecimo
429 4231 493 4269 vero
515 4215 559 4269 sui
582 4215 748 4286 praesulatus
774 4229 859 4276 cunc,
874 4211 948 4265 riam
988 4208 1127 4279 plicuit.»

146 4301 287 4355 universe
313 4303 405 4356 carnis
428 4303 581 4374 ingressus,
606 4302 748 4357 hominem
772 4301 857 4355 exuit.
880 4299 981 4399 lndeD
1025 4301 1059 4352 ln
1076 4299 1320 4352 orrrnr'basobedfre
1338 4300 1791 4368 etiamstipse,qeodoesittaluer

143 4397 245 4445 tamen
260 4389 293 4444 ad
308 4391 451 4464 propriam
465 4391 559 4447 sedem
575 4394 705 4459 refertur,
720 4389 948 4446 ethonorilicein
990 4393 1062 4455 epol.
1079 4387 1214 4458 Apposite
1227 4387 1300 4442 hune
1314 4387 1406 4441 locum
1425 4387 1455 4442 B.
1473 4389 1621 4445 Lanfmnci
1638 4391 1791 4463 discipulus

143 4478 209 4552 ipsa
222 4479 339 4535 eeclesia
350 4483 505 4537 tumulatus
521 4489 573 4536 est,
990 4475 1140 4530 hnsclmus
1158 4477 1281 4530 illustrat
1299 4475 1347 4530 lib.
1364 4493 1392 4530 in
1408 4477 1490 4548 epist.
1512 4477 1545 4533 39
1560 4479 1595 4533 ad
1612 4479 1765 4535 Bcccenses
1781 4499 1788 4534 :

182 4569 494 4644 Hactenusanonymus
507 4570 553 4625 ille
566 4588 598 4625 ex
607 4571 786 4640 chronologia
802 4585 853 4623 ms.
867 4567 950 4623 abba·
989 4567 1140 4619 successe
1164 4573 1207 4619 est
1230 4571 1269 4629 ut,
1293 4571 1390 4620 sancta
1409 4567 1595 4622 unanimitate
1614 4569 1747 4640 colligati,
1763 4575 1793 4625 ct

143 4659 193 4713 tie
209 4657 241 4713 S.
258 4657 394 4715 hudocni.
411 4661 445 4714 Et
457 4661 516 4716 hac
531 4661 688 4714 eruditione
703 4677 782 4730 reque
797 4675 828 4713 ac
845 4659 949 4729 pietate
990 4657 1073 4709 corde
1084 4661 1112 4709 et
1122 4655 1266 4709 voluntate
1281 4656 1396 4726 prelato
1407 4661 1499 4710 vestro
1515 4656 1663 4722 obediatis,
1676 4659 1750 4714 faeta
1764 4667 1792 4715 et

144 4749 177 4802 C.
205 4747 244 4800 V.
265 4737 380 4802 ioannis
406 4745 432 4802 le
457 4751 559 4804 Presbt
581 4749 683 4804 indicio
707 4755 735 4802 ct
756 4747 889 4802 beneficio
918 4763 949 4801 cx
989 4743 1066 4798 dicta
1088 4745 1148 4814 ejus
1171 4759 1228 4797 non
1240 4742 1408 4812 dijudicetis,
1425 4745 1475 4798 sed
1490 4743 1550 4798 sine
1566 4746 1642 4800 omni
1657 4755 1792 4803 retracta-

143 4839 231 4908 parte
243 4835 376 4894 debemus
389 4857 395 4906 ς
410 4846 509 4909 quaet
521 4839 630 4909 integra
641 4837 716 4892 inter
730 4837 859 4908 antiquas
870 4837 950 4890 sche·
990 4831 1076 4898 hone,
1098 4833 1178 4904 quasi
1199 4832 1333 4886 divinitus
1351 4833 1497 4904 inspirata,
1521 4837 1679 4892 venerando
1698 4844 1794 4894 mento

143 4925 197 4980 das
213 4925 252 4980 ad
264 4919 411 4982 historiam
427 4925 534 4982 ordinis
556 4926 646 4982 nostri
666 4931 778 4999 paratas
793 4943 948 4980 occurrere.
990 4922 1113 4991 benigna
1131 4921 1256 4976 servetis.
1287 4921 1340 4975 Ubi
1359 4922 1434 4976 enim
1452 4919 1559 4994 praelati
1581 4925 1690 4994 judiees
1722 4929 1795 4982 flunt

143 5015 296 5070 Concisius
308 5017 476 5088 descriptam
485 5015 658 5088 superiorem
670 5016 817 5070 historiam
828 5014 951 5087 reperies
996 5011 1136 5082 (subjecti)
1150 5015 1247 5081 aperte
1261 5009 1312 5064 Dei
1332 5011 1501 5066 ordinationi
1519 5013 1672 5068 detrahunt
1688 5021 1716 5068 et
1730 5031 1795 5070 cern-

144 5105 176 5158 in
193 5103 333 5160 Chronico
348 5105 376 5159 S.
393 5103 527 5178 Stephani
543 5097 660 5160 Cadom.¹
683 5103 716 5159 ad
736 5105 839 5158 calcem
856 5105 950 5174 script.
993 5101 1254 5172 tradicentquibus
1268 5099 1343 5153 Dens
1356 5105 1384 5153 et
1398 5109 1455 5156 suae
1464 5101 1676 5171 gubernationis
1686 5104 1795 5158 subtra-

144 5185 202 5247 set.
219 5189 354 5248 Historiae
370 5195 537 5248 Northman.
563 5190 597 5248 ad
615 5211 720 5248 annum
739 5191 814 5250 1073.
831 5194 949 5248 hlathmo
993 5193 1035 5246 hlt
1052 5189 1196 5254 etuxilium,
1214 5195 1241 5243 et
1257 5205 1304 5242 cos
1329 5190 1479 5260 inproprii
1504 5193 1607 5244 erroris
1627 5191 1794 5261 praecipitari

144 5281 260 5348 Pande,
275 5286 303 5338 'et
313 5279 452 5356 Florilege
468 5287 503 5338 ad
518 5285 592 5339 hunc
604 5299 719 5338 annum.
733 5283 880 5342 Caeterum,
898 5282 951 5336 etsi
993 5280 1131 5354 permittit
1145 5277 1307 5346 consilinm,
1324 5277 1371 5332 ubi
1386 5293 1451 5330 vero
1465 5279 1597 5347 praelatus
1608 5293 1670 5331 curn
1683 5290 1795 5332 venera-

145 5373 271 5427 Joannes
284 5373 422 5445 (alioquin
448 5374 582 5444 religione
603 5379 631 5428 et
654 5373 771 5426 scicntia
795 5373 897 5438 clarus)
911 5372 952 5425 in·
993 5369 1216 5437 tione,tanquam
1232 5365 1371 5430 Christus,
1388 5363 1558 5434 suscipitur,
1575 5365 1615 5418 ita
1626 5365 1795 5420 totadomtts

145 5461 277 5518 consulte
291 5469 320 5518 et
335 5480 435 5536 parum
447 5464 608 5534 prudenter,
621 5461 689 5534 quin
700 5465 727 5514 ot
737 5461 779 5514 ira
790 5475 949 5526 succensus,
993 5458 1098 5516 Christi
1113 5455 1221 5526 regitur
1231 5456 1356 5522 consilio,
1369 5461 1398 5509 et
1408 5451 1564 5524 protegitur
1578 5459 1607 5508 et
1620 5455 1796 5511 emanator·

146 5527 249 5608 haciir
274 5549 388 5609 lasese
410 5549 541 5624 gesserit,
567 5551 634 5606 viris
655 5555 751 5606 minen
771 5549 949 5618 Christianis,
993 5547 1108 5613 anulio,
1126 5567 1139 5598 a
1155 5551 1208 5600 etc.
