4046 6186
182 311 252 374 itit
837 321 963 384 ausint
981 320 1149 380 ariacum
1179 381 1181 388 ,
1753 316 1823 378 tusa

183 436 712 502 bominamtnmctiamdieseminamm
719 450 871 517 portatam
882 445 980 506 orbem
989 451 1013 510 Α
1022 450 1237 520 concrepantem
1252 449 1355 502 nmtrn
1368 451 1515 518 amoenat
1527 459 1612 502 aures
1633 443 1819 518 distinguere,

184 527 416 585 numerositatem
430 529 615 597 credentium,
627 549 698 605 quos
711 534 795 590 unius
809 536 922 608 penitus
931 553 981 592 ro-
1022 537 1260 610 quemadmodum
1270 534 1415 607 scripsisse
1425 535 1530 590 inventi
1539 541 1616 600 sunt,
1627 534 1819 608 quicorlorum

185 616 303 672 luntatis
317 617 438 673 etmaris
452 619 588 690 qualitate
595 619 711 677 formeri
721 624 842 680 abomui
851 626 981 681 humanae
1021 625 1131 682 arcanis
1146 625 1241 681 oculos
1250 624 1417 680 domesticos
1426 623 1596 695 inJ'ccerunt:
1605 623 1816 696 quia,utaiunt,

183 703 377 778 possibilitatis
394 706 526 763 facultate
536 725 620 780 quam
642 711 788 782 longeest.
807 714 870 769 Non
883 731 981 771 omnes
1020 713 1718 788 propterveteremconsuetudinernergaerepitam
1726 709 1817 780 illum,

182 792 213 850 in
227 794 356 850 eamdem
369 795 545 854 affectionem
559 805 588 855 et
599 801 788 858 moralitatem
801 809 914 871 coeunt,
930 804 979 860 sed
1021 802 1070 875 qui
1084 819 1116 858 ex
1142 802 1233 875 prima
1258 801 1405 857 nativitate
1427 800 1565 878 resonuit,
1581 817 1636 858 usu
1656 799 1822 873 quotidiano

182 882 246 940 aliis
260 883 317 938 aha
331 885 443 956 placent
452 891 481 942 et
494 887 608 954 habent,
637 895 718 946 extra
731 908 816 964 quam
831 893 855 948 si
869 894 980 965 aliquos
1020 892 1196 964 oppletarum
1210 890 1323 946 aurium
1342 906 1442 946 sensus
1469 888 1626 954 obsurduit,
1651 889 1708 945 imo
1723 889 1820 945 minna

182 972 350 1044 usqueadeo
362 990 414 1044 pax
424 975 592 1048 istalignvit,
601 981 634 1033 ut
652 978 692 1034 eis
702 996 758 1035 uon
768 985 878 1036 tantum
892 983 979 1038 animi
1020 980 1082 1050 ejus
1090 980 1250 1036 auscultare
1261 995 1412 1051 possumus
1422 977 1660 1044 melodiam,sicut
1669 977 1697 1032 in
1709 977 1819 1034 offimna

183 1061 385 1131 assensionem,
397 1062 539 1120 sedetiam
547 1064 682 1122 domicilii
696 1067 897 1126 habitationem
909 1070 980 1126 indi·
1021 1068 1162 1124 metallica
1175 1067 1297 1123 assiduis
1312 1067 1489 1140 operantium
1503 1066 1606 1122 ictibus
1617 1071 1753 1122 contusus
1773 1067 1821 1122 be·

183 1148 297 1205 viduam
311 1151 457 1224 largiatur,
469 1152 616 1225 dequibus
630 1156 765 1229 scripturn
783 1164 826 1214 cst
842 1175 847 1212 :
866 1160 978 1228 «Deris,
1022 1157 1110 1212 bescit
1122 1157 1247 1213 auditus.
1260 1157 1305 1212 Ad
1318 1155 1394 1228 quod
1411 1155 1540 1220 forsitan,
1562 1155 1718 1211 secundam
1732 1155 1820 1211 fidem

184 1237 232 1310 qui
243 1237 371 1294 habitare
384 1240 451 1296 tacit
460 1242 545 1298 unius
559 1244 647 1299 moris
661 1244 689 1300 iu
700 1245 851 1303 domonEt
857 1247 959 1304 iterum
972 1267 978 1302 :
1021 1245 1195 1315 historicam,
1208 1245 1278 1301 illud
1294 1244 1426 1317 pertinet,
1441 1245 1515 1316 quod
1526 1244 1663 1300 Dominus
1676 1244 1706 1300 iu
1719 1243 1772 1300 Job
1780 1245 1821 1300 di·

186 1327 280 1382 cEcce
294 1344 379 1400 qnam
393 1329 498 1386 bonum
521 1337 550 1386 et
577 1349 660 1404 quarn
681 1335 839 1405 iucundum
853 1335 981 1393 habitare
1020 1333 1081 1390 xit:
1098 1354 1112 1388 r
1126 1335 1195 1399 Quis
1205 1333 1349 1390 enarrabit
1358 1333 1492 1388 culorum
1506 1332 1655 1400 rohonem,
1667 1338 1821 1388 etccncen-

181 1415 283 1472 fratres
292 1417 322 1473 in
332 1434 430 1474 uuum.
445 1438 456 1472 a
478 1421 513 1476 Et
527 1419 556 1476 in
572 1421 745 1494 Evangeliis:
764 1447 775 1474 ι
800 1424 853 1481 Ubi
867 1426 923 1482 duo
937 1427 981 1482 rel
1021 1428 1082 1479 tum
1095 1423 1159 1479 coeli
1168 1424 1232 1496 quis
1244 1423 1368 1478 dormire
1381 1421 1493 1484 saciet»
1507 1421 1670 1488 subaudias,
1680 1421 1735 1478 nisi
1749 1421 1819 1492 egoi

183 1509 241 1560 tres
252 1509 414 1579 congregati
423 1507 530 1566 luerint
539 1510 569 1565 iu
578 1511 691 1567 nomine
706 1527 778 1580 meo,
796 1512 836 1568 ibi
851 1531 902 1586 ego
917 1533 980 1571 sum
1021 1512 1149 1568 Dormire
1159 1511 1329 1584 quippecoeli
1343 1522 1496 1566 concentus
1505 1510 1563 1566 Deo
1577 1509 1695 1566 iaciente
1706 1510 1818 1578 dicitnr,

182 1593 213 1650 in
225 1594 318 1650 medio
333 1611 439 1652 eorum,
462 1617 476 1652 o
1022 1601 1134 1672 quando
1143 1601 1319 1673 planetarum
1333 1599 1484 1655 motusille
1498 1599 1678 1655 harmonicus
1691 1599 1733 1654 sic
1745 1615 1822 1654 surn-

219 1683 287 1739 Cnr.
304 1685 424 1740 ΧΠ·-
440 1688 653 1744 Dedisseuaiouc
668 1692 751 1745 Pauli
764 1697 789 1746 ct
800 1693 941 1748 Bernaba.
1023 1689 1061 1746 mi
1077 1691 1194 1762 Opitiois
1207 1695 1269 1745 arte
1283 1689 1454 1760 compositus
1468 1691 1513 1744 cst
1531 1693 1565 1743 ut
1589 1704 1688 1744 sonum
1704 1687 1820 1760 quidem

217 1771 345 1845 Denique
354 1773 379 1828 si
404 1774 494 1846 ipsam
514 1776 673 1833 animorum
699 1780 877 1836 concordiam
905 1762 1372 1846 interBtonautissimumhabcat,
1394 1778 1442 1833 sed
1466 1777 1600 1832 humanis
1614 1776 1731 1832 auribus
1744 1777 1822 1832 relut

180 1862 273 1934 justos
281 1861 457 1920 dissensione
468 1864 541 1920 forte
555 1866 651 1938 aliqua
666 1868 807 1924 vulnerari
816 1871 977 1942 contigerit,
1020 1884 1071 1940 per
1083 1869 1174 1924 somni
1187 1867 1381 1941 quietudinem
1394 1865 1551 1922 obsilescat.

182 1964 240 2005 nou
253 1949 308 2005 erit
318 1950 524 2023 desperandum
538 1953 679 2020 continuo,
691 1972 743 2012 nec
761 1957 806 2013 his
818 1958 980 2014 dissidenti·
1057 1959 1137 2024 Quod
1153 1964 1248 2014 autem
1260 1956 1453 2012 ecclesiasticas
1468 1955 1544 2027 pacis
1558 1953 1736 2010 concordiam
1755 1971 1819 2010 mo-

182 2036 236 2093 bns
259 2037 476 2108 detrahendum,
495 2043 563 2114 quia
585 2044 671 2100 etiam
696 2045 776 2101 Pauli
800 2053 829 2102 et
844 2047 979 2104 Barnabae
1020 2046 1291 2104 delatarumrocum
1314 2045 1474 2101 concinnati
1500 2043 1658 2115 comparari
1680 2047 1822 2116 oporteat,

178 2127 346 2207 *societatem
362 2130 550 2201 evangelicam
565 2133 707 2203 quondam
727 2135 847 2206 legimus
857 2135 981 2192 funiculo
1023 2134 1407 2209 optimuspselmusclamat:
1421 2131 1675 2188 ‹Laudatecumiu
1685 2139 1825 2204 tympano

183 2216 603 2291 disjunctam,quemadmodum
610 2223 746 2295 scripturn
756 2229 800 2280 est
812 2225 899 2297 quiec
912 2227 982 2282 Bar-
1023 2232 1052 2281 et
1064 2227 1160 2291 choro,
1175 2223 1288 2279 laudate
1299 2239 1365 2278 eum
1379 2221 1409 2277 in
1433 2221 1545 2277 chordis
1569 2226 1600 2276 et
1613 2237 1730 2292 organo.
1742 2239 1756 2275 r
1768 2219 1824 2276 Ubi

185 2306 273 2362 nabas
288 2307 479 2365 voluitsecum
495 2326 637 2368 amumcre
650 2313 799 2378 loannem,
815 2315 864 2385 qui
878 2331 981 2387 cogno·
1023 2312 1297 2388 percurramque
1322 2312 1444 2384 plurium
1469 2327 1568 2366 vocum
1590 2309 1677 2366 habet
1692 2309 1824 2364 adunan-

184 2396 311 2453 minatur
333 2399 463 2469 Marcum
479 2400 584 2456 Paulus
613 2407 709 2457 autem
724 2401 930 2474 rogabateum,
950 2412 983 2462 ut
1022 2405 1102 2472 ham,
1118 2401 1313 2459 ecclesiastica
1326 2400 1481 2456 concordia
1507 2399 1603 2455 unitas
1630 2399 1780 2471 liguratur,
1794 2398 1824 2453 in

188 2487 235 2559 qui
245 2487 420 2544 discessisset
432 2489 469 2544 ab
489 2491 530 2546 cis
556 2492 591 2546 de
612 2491 780 2564 Pamphilia,
795 2498 823 2548 et
838 2509 894 2549 uon
915 2493 984 2550 isset
1023 2495 1096 2550 hanc
1107 2491 1330 2556 similitudinem,
1343 2489 1409 2562 quia
1422 2488 1535 2544 sicutiu
1549 2489 1711 2562 pluralitate.
1722 2505 1823 2543 vocum

186 2575 303 2632 cumeis
315 2575 345 2631 in
363 2593 444 2649 opus,
456 2593 512 2633 non
519 2579 622 2634 debere
631 2579 727 2652 recipi.
743 2581 877 2637 Fectacst
887 2588 983 2639 autem
1024 2601 1057 2639 eo
1071 2583 1179 2638 dulcior
1193 2580 1342 2637 harmonia
1354 2580 1397 2644 tit,
1414 2595 1469 2651 quo
1493 2594 1549 2634 non
1574 2595 1606 2632 ex
1635 2577 1751 2645 eisdem,
1772 2578 1825 2632 sed

185 2663 332 2730 dissensio,
344 2665 425 2721 itant
434 2666 653 2723 discederentab
663 2668 823 2733 invinatum
837 2671 982 2727 Barnabas
1023 2672 1140 2729 diversis
1154 2671 1231 2726 sonis
1256 2675 1356 2724 cantus
1383 2684 1458 2724 nnus
1483 2667 1681 2738 compingitur,
1697 2665 1737 2721 sic
1749 2673 1779 2721 ct
1793 2667 1824 2722 in

186 2752 300 2825 quidem
311 2761 456 2828 assumpto
464 2755 560 2812 Marco
578 2757 863 2832 navigaretcyprum,
878 2760 982 2816 Paulus
1023 2757 1298 2831 ecclesiasticaepacis
1312 2762 1388 2812 statu
1403 2760 1491 2810 coest
1504 2755 1653 2810 concordie
1667 2753 1823 2826 pulchrior,

186 2843 629 2919 vercelectoSilapmtectusest,
645 2847 767 2904 traditus
783 2849 882 2918 gratim
895 2849 982 2905 Dein
1022 2867 1077 2922 quo
1090 2866 1147 2906 uon
1162 2864 1261 2904 omnes
1288 2845 1429 2911 omuibus,
1454 2844 1503 2900 sed
1534 2843 1637 2914 singuli
1654 2842 1775 2914 singulis
1795 2847 1826 2898 et

183 2931 328 2989 fratribus.
343 2934 453 2999 »Quem
459 2935 584 2990 Marcum
592 2943 689 3009 postea
697 2936 801 2994 Paulus
812 2937 842 2993 in
852 2938 982 2994 enectum
1022 2939 1140 2994 diversis
1152 2937 1251 2993 ciliciis
1262 2935 1304 2992 uti
1318 2934 1371 2990 sub
1380 2950 1436 2989 uuo
1452 2932 1598 2988 charitatis
1611 2931 1764 2987 sociamine
1777 2931 1825 2986 di·

186 3023 335 3095 recipiens,
344 3021 436 3094 ipsum
452 3024 536 3079 etiam
559 3025 770 3082 Colossensibus
785 3027 894 3082 studuit
904 3043 982 3082 com·
990 3035 1207 3138 cgnoscantur.
1222 3025 1339 3091 Qualem
1348 3023 1452 3078 etenim
1460 3029 1574 3096 putares
1581 3027 1612 3077 tu
1622 3020 1825 3076 Ecclesiaeesse

185 3111 319 3168 incudere
333 3112 448 3168 dicens:
466 3131 479 3166 r
496 3113 607 3169 Salutat
620 3131 668 3171 vos
686 3115 866 3172 Aristarchus
879 3132 981 3172 conca·
1023 3117 1212 3180 concordiam,
1230 3114 1254 3170 si
1268 3114 1369 3168 docere
1396 3112 1500 3167 vellent
1518 3127 1627 3177 omnes,
1642 3110 1665 3165 si
1679 3109 1825 3165 exhortari

185 3201 279 3274 ptivns
292 3217 382 3266 meus,
398 3207 428 3256 et
441 3202 553 3257 biarcus
574 3203 758 3258 consobrinus
781 3203 927 3272 sarnaio,
947 3204 983 3261 de
1023 3204 1384 3278 siuguli,sicleemosynam
1399 3200 1524 3256 tribuere
1538 3199 1671 3265 universi,
1682 3203 1825 3256 etcaeters

186 3307 242 3364 quo
254 3291 401 3362 accepistis
415 3291 558 3356 mandata,
578 3313 589 3343 e
605 3292 683 3364 prius
697 3291 835 3358 videlicet,
852 3309 935 3364 quam
943 3294 984 3349 di·
1023 3296 1059 3350 ab
1071 3295 1198 3367 apostolo
1212 3289 1481 3348 numerataotliciai
1496 3306 1558 3361 qua
1575 3288 1671 3344 omnia
1681 3287 1704 3343 si
1713 3287 1826 3344 inuno·

185 3379 329 3436 accesisset
344 3380 413 3435 thaec
433 3395 509 3435 curm
536 3383 661 3452 mag....)
677 3401 689 3433 e
706 3381 730 3436 si
745 3381 852 3436 venerit
877 3382 913 3437 ad
923 3400 982 3452 ros,
1023 3382 1149 3457 quolibet
1156 3381 1240 3438 simul
1256 3385 1466 3447 essent,eorum
1476 3377 1602 3434 omnium
1613 3377 1755 3450 deperiret
1764 3379 1825 3433 uti·

185 3467 303 3540 excipite
316 3467 408 3524 illurn.
425 3486 439 3522 a
1022 3473 1098 3537 litas,
1113 3472 1181 3527 dum
1196 3486 1279 3527 nemo
1304 3469 1340 3525 ab
1362 3469 1418 3524 alio
1445 3466 1662 3540 reciperetque
1689 3466 1750 3539 ipse
1763 3483 1824 3522 non

221 3555 672 3630 Quiaigiturocclesiasticaepacis
684 3556 898 3617 laudamentum
910 3577 982 3632 prae-
1024 3567 1128 3636 egeret,
1150 3560 1245 3632 sicque
1270 3562 1447 3614 everrcsceret
1460 3571 1514 3628 pax
1528 3555 1667 3622 Ecclesia,
1687 3571 1771 3627 quam
1792 3555 1823 3612 iu

186 3644 299 3717 cipuum
310 3644 380 3700 tides
390 3649 442 3708 est,
455 3646 477 3700 si
487 3646 639 3717 aliquando
650 3647 725 3702 iuter
739 3648 866 3704 membra
879 3648 983 3705 Christi
1024 3651 1109 3706 dandi
1125 3655 1154 3705 et
1167 3647 1322 3720 accipiendi
1336 3647 1440 3719 pictate
1453 3645 1657 3717 disputavimus
1671 3645 1822 3700 contineri.

186 3749 243 3788 noa
252 3731 364 3804 quidem
380 3733 474 3789 hostili
489 3734 614 3798 dissidio,
635 3736 683 3790 scd
700 3737 845 3792 simultate
858 3737 984 3793 fraterna
1060 3740 1141 3794 Nunc
1155 3737 1243 3808 igitur
1265 3736 1332 3791 dum
1359 3741 1391 3790 tu
1416 3733 1486 3789 mihi
1510 3733 1645 3788 nescienti
1664 3733 1823 3788 docuinam

186 3821 307 3890 alicujus
320 3821 508 3878 contentionis
520 3824 636 3894 querela
656 3823 786 3881 subsiliat
794 3827 869 3899 (qua
887 3833 984 3882 tamen
1025 3825 1169 3898 pandicus,
1188 3831 1216 3880 et
1226 3840 1278 3895 ego
1291 3822 1344 3878 tihi
1357 3822 1451 3894 egenti
1458 3821 1592 3877 alimenta
1603 3820 1824 3893 dispendo,dum

186 3909 386 3966 mediocritatis
395 3909 563 3968 limitesnon
573 3912 697 3980 excedat)
708 3929 764 3970 non
774 3920 818 3970 est
827 3914 985 3971 timendum
1025 3915 1079 3970 istc
1092 3914 1133 3969 illi
1151 3912 1296 3984 intemplo
1306 3917 1378 3978 oret,
1390 3909 1437 3966 illc
1447 3910 1495 3966 isti
1507 3910 1535 3965 in
1546 3909 1677 3982 praetorio
1686 3911 1825 3982 postulm,

150 4069 156 4081 .
186 3998 298 4072 penitus
315 3999 402 4071 :quia
415 3998 495 4054 facile
509 4000 603 4056 curari
615 4008 733 4073 possunt
758 4003 816 4059 haec
828 4004 933 4075 jurgia,
952 4005 983 4060 iu
1024 4003 1103 4059 etsic
1117 4002 1290 4074 perreliqua
1304 4001 1430 4072 ejusdem
1446 3999 1533 4065 modi,
1553 4005 1621 4054 tunc
1636 3998 1825 4070 plurimorum

187 4086 416 4162 quibusnectidei
427 4089 673 4161 pax,uecpictatis
687 4092 790 4147 veritas
805 4093 978 4152 collabescit.
1008 4092 1150 4148 'fidelium
1162 4101 1245 4162 grata
1266 4089 1424 4154 concordia,
1448 4087 1526 4143 reiut
1545 4087 1697 4142 multarum
1721 4103 1826 4141 vocum

186 4178 252 4234 llaec
265 4177 340 4232 euim
352 4177 442 4248 magis
456 4177 544 4233 dissui
560 4195 643 4250 quam
660 4179 780 4235 discindi
795 4180 921 4253 putanda
940 4187 983 4238 est
1024 4181 1153 4238 blandior
1166 4179 1345 4250 componitur
1353 4177 1511 4233 harmonia.
1529 4174 1597 4232 Hac
1606 4180 1651 4231 est
1663 4175 1827 4230 illatortas·

185 4267 310 4324 fraterna
320 4266 478 4337 concordia,
485 4267 515 4322 iu
522 4284 579 4339 qua
587 4267 732 4324 charitatis
743 4285 810 4324 usus
817 4269 981 4334 remittitur,
1024 4269 1063 4324 ais
1077 4269 1194 4336 musica,
1211 4283 1295 4340 quam
1311 4265 1428 4338 Sapiens
1439 4262 1570 4337 prohibet
1581 4263 1712 4336 impediri
1728 4281 1763 4318 :a
1780 4264 1826 4318 Nc

185 4373 237 4413 uec
251 4356 347 4413 odium
359 4356 498 4412 irritatur.
990 4358 1161 4448 „impedies
1170 4358 1337 4412 musicam.»
1361 4355 1452 4420 Quam
1466 4353 1604 4425 impedire
1615 4352 1678 4424 quis
1688 4351 1829 4423 intelligi·

1024 4445 1309 4514 tnr,cumiraternam
1318 4442 1395 4516 pacis
1403 4441 1519 4498 turbare
1528 4439 1828 4496 consonantiaminre-

186 4507 254 4564 ⁰⁸¹²·
269 4509 409 4565 XXVI*
425 4508 626 4592 0¹¹⁰m⁰dip⁰³
639 4510 693 4594 ’.Ψ
707 4510 813 4594 iim&
827 4511 921 4565 ΜΨ
933 4513 981 4572 ”i’
1024 4538 1111 4592 nitur.
1122 4535 1249 4607 Denique
1263 4533 1419 4588 nonotiose
1432 4532 1462 4586 iu
1475 4531 1560 4586 choro
1578 4530 1643 4596 isto,
1658 4529 1711 4584 hoc
1725 4535 1769 4584 cst
1792 4530 1826 4585 iu

399 4585 423 4634 a
434 4580 603 4634 mmm
618 4581 762 4634 ‘mmm'
1025 4625 1135 4681 unitate
1145 4625 1221 4696 pacis
1227 4620 1419 4679 ecclesiasticae
1429 4621 1539 4675 divinas
1546 4635 1646 4674 canere
1653 4618 1752 4673 laudes
1770 4619 1829 4674 ad·

222 4709 769 4783 Admirabilisnimiumpaxista,ett0ta
787 4712 983 4768 laudcsolem-
1024 4729 1182 4776 monemur,
1194 4708 1721 4784 quialieumuemolaudarecrcditur,
1738 4723 1827 4764 nemo

187 4798 240 4862 nis,
258 4798 542 4870 quassavisaugelis‚
558 4799 981 4858 terribilisexistitdaemonibus.
1023 4798 1537 4873 benennquamoperaricognoscitur,
1554 4796 1669 4852 sicxtra
1689 4796 1826 4850 ecciesia-

187 4888 236 4944 net
245 4885 321 4942 enim
331 4902 384 4958 pax
395 4886 631 4943 Ecclesiaesimilis
644 4889 983 4962 illicoelestietprimariae
1023 4891 1099 4948 stica
1115 4891 1190 4963 pacis
1204 4889 1358 4945 claustrum
1374 4891 1518 4958 erogetur.

186 4975 983 5051 barmouiaereiructuiplanetarumscptemusqucorien-
1059 4980 1099 5035 Ex
1117 4979 1160 5033 bis
1183 4994 1250 5049 ergo
1278 4977 1370 5047 liquet
1389 4974 1530 5047 quomodo
1553 4973 1684 5028 fraternae
1700 4972 1827 5029 societas

186 5071 244 5121 tem
260 5063 446 5120 currentium.
463 5063 558 5118 liulcis
573 5065 701 5135 quadam
722 5074 750 5121 ct
762 5067 845 5139 plena
856 5068 982 5139 gratissi·
1023 5068 1099 5141 pacis
1108 5065 1290 5124 concinnitati
1298 5079 1432 5120 sonorum
1442 5063 1534 5118 atlluis
1545 5066 1597 5117 cst.
1611 5061 1741 5125 Qualiter
1755 5079 1826 5117 vcro

186 5169 240 5208 ma
254 5152 417 5208 sonoritatis
431 5167 483 5206 vox
496 5150 634 5214 redditur,
649 5168 714 5208 cum
728 5154 830 5210 scissus
851 5157 939 5212 ather
952 5157 982 5213 in
1023 5156 1170 5213 concentui
1180 5155 1357 5227 planetarum
1373 5152 1410 5208 sit
1425 5151 1535 5210 similis,
1560 5150 1608 5205 ille
1630 5149 1701 5204 scire
1716 5151 1823 5223 potuit,

186 5241 248 5314 ipso
262 5241 455 5297 sonorantium
480 5241 657 5312 planetarum
681 5247 738 5296 tam
758 5243 980 5312 artificiabiliter,
1023 5247 1072 5319 qui
1087 5245 1183 5317 [noun
1198 5241 1261 5317 cur]
1278 5241 1398 5297 rcrilrlii
1420 5241 1482 5306 liei,
1502 5239 1652 5311 exquibus
1670 5239 1827 5295 concordia

186 5335 246 5387 tam
261 5330 437 5402 aequabiliter
448 5335 533 5386 acuta
547 5346 610 5386 curu
634 5330 766 5401 gravibus
780 5338 930 5404 temperat,
951 5340 983 5389 nt
1023 5335 1078 5390 ista
1090 5332 1276 5404 componitur,
1291 5328 1445 5386 luminibus
1455 5328 1517 5383 coeli
1532 5331 1739 5398 comparentur.
1748 5329 1827 5385 Dicit

187 5427 339 5474 concentus
348 5419 413 5474 iude
422 5419 559 5476 formetur
567 5419 607 5474 sic
621 5420 811 5482 suavissimus,
825 5423 898 5492 quod
913 5421 982 5478 iusi·
1022 5423 1096 5477 euim
1112 5421 1260 5493 Apostolus
1275 5419 1308 5474 ad
1324 5417 1504 5490 hujusmodi:
1523 5433 1537 5466 a
1552 5415 1589 5472 Ut
1603 5414 1664 5469 sitis
1677 5413 1738 5468 siue
1752 5433 1828 5486 que-

186 5505 425 5563 iabilitervincere
435 5508 769 5565 hebeetourncmdulcori
783 5511 982 5567 modulaminis
1022 5513 1120 5566 relect
1133 5510 1274 5582 simplices
1288 5507 1339 5563 filii
1355 5507 1415 5574 liei,
1430 5511 1460 5560 et
1473 5505 1535 5560 sinc
1554 5503 1772 5574 reprehensione
1792 5505 1826 5559 in

187 5595 463 5677 cautileoem.Quem
472 5604 568 5654 umen
577 5599 983 5670 motumorbium,immenaias
1023 5599 1117 5654 medio
1130 5597 1252 5656 radonis
1266 5611 1359 5667 praue
1375 5601 1404 5651 et
1420 5609 1567 5666 perverse,
1593 5597 1668 5646 inter
1684 5606 1757 5662 quos
1776 5592 1827 5647 lu-
