3856 6176
196 287 250 350 sae
690 283 722 339 ε.
743 283 952 344 murelum
972 287 1153 346 caurum.
1171 289 1342 350 unomen.
1586 271 1592 274 ’
1766 297 1813 355 εει

193 413 359 472 tentationis
373 412 403 468 in
415 413 535 478 deserto,
550 408 598 465 ubi
612 413 793 466 tentaverunt
805 427 850 467 me
864 417 959 484 patres
969 413 1064 484 vestri,
1074 414 1262 487 probaverunt
1271 433 1323 480 me,
1337 419 1366 471 ει
1380 399 1509 471 viderunt
1522 432 1605 489 opere
1618 435 1680 476 mea
1694 424 1759 478 sicut
1770 425 1814 478 bei

199 505 386 578 quadraginta
400 501 499 568 annis;
516 499 729 572 propterquod,
746 505 813 570 quio
823 507 1008 570 tentaverunt,
1020 504 1146 560 infensus
1158 505 1198 560 fui
1210 505 1385 576 generationi
1400 505 1475 572 huic,
1492 511 1521 560 ει
1533 505 1618 562 dixit:
1634 508 1816 581 Semper,nnm

198 595 316 660 assidue,
328 597 423 646 errant
437 589 531 646 corde.
551 588 609 660 Ipsi
621 594 715 643 autem
728 603 785 644 non
799 595 991 659 cognoverunt
1004 593 1063 648 vias
1077 609 1164 661 meas,
1178 599 1311 663 praemia
1326 609 1397 661 mco,
1408 593 1485 648 sicut
1494 595 1586 664 jurari
1600 595 1684 650 inim
1698 614 1757 652 mea
1770 618 1775 654 :
1790 601 1817 655 Si

199 684 381 754 (aposiopesis)
395 679 562 745 introibunt,
580 694 635 732 non
650 679 780 732 introibit
793 679 989 748 quisquam,in
1001 681 1128 754 requiem
1140 699 1242 738 meam.
1258 681 1368 750 Videte,
1382 681 1493 748 iratres,
1510 698 1544 737 ne
1557 687 1617 738 sitis
1632 687 1773 754 increduli,
1787 704 1819 742 ne

197 773 268 828 torte
283 770 360 826 sitin
375 769 470 840 aliquo
484 774 609 823 vestrum
624 783 672 820 cor
685 767 1183 838 malum,incredulitatis,discedendi
1199 788 1217 826 a
1231 771 1289 826 Deo
1302 771 1363 826 viro
1374 789 1381 840 ;
1392 771 1441 826 sed
1448 771 1637 827 adhortamini
1649 775 1819 846 vosmetipsos

195 876 247 933 per
260 859 387 930 singulos
397 858 468 926 dies,
485 858 573 912 donec
585 856 669 911 hodie
686 856 726 926 (in
738 860 870 924 presenti
883 859 952 912 durn
964 859 1038 929 lieet)
1052 860 1278 931 cognominatur,
1295 863 1327 915 ut
1345 875 1402 915 ιιοιι
1412 859 1567 916 obduretur
1576 861 1639 932 quis
1648 877 1681 916 ex
1694 861 1766 917 vobis
1781 861 1819 920 11.

195 947 306 1004 fallacia
320 947 427 1021 peccati
439 948 532 1022 (causo
545 962 598 1001 cur
611 961 667 1000 non
686 946 829 1000 debeamus
841 947 996 1015 obdurari).
1017 947 1058 1005 te.
1074 948 1227 1021 participes
1237 949 1314 1003 enim
1327 947 1440 1016 Christi,
1450 954 1481 1003 ut
1490 951 1612 1003 membru
1626 949 1821 1019 supermananti

195 1054 310 1106 sumus;
338 1036 383 1092 13.
403 1036 428 1092 si
449 1041 544 1091 ιειιιειι
567 1034 609 1091 14.
626 1033 739 1089 initium
757 1033 922 1090 substantiae
947 1038 1020 1107 ejus,
1040 1039 1104 1105 idei
1126 1040 1237 1108 quondo
1264 1040 1448 1104 substitimus,
1468 1055 1558 1110 usque
1574 1037 1609 1093 ad
1624 1039 1705 1092 linem
1718 1039 1822 1094 firmum

197 1128 379 1182 retineamus.
394 1127 468 1180 Dum
482 1125 585 1179 dicitur
600 1142 606 1179 ι
624 1123 723 1190 llodic,
739 1125 770 1179 in
787 1127 926 1192 presenti,
951 1125 976 1180 si
994 1141 1090 1181 vocem
1116 1127 1176 1197 ejus
1198 1126 1354 1194 audieritis,
1370 1125 1457 1180 nolite
1481 1125 1621 1181 obdurare
1632 1126 1716 1180 corda
1728 1134 1821 1195 vestra,

198 1215 437 1288 quemadmodum
451 1216 657 1269 obduraverunt
670 1217 763 1281 patres
777 1216 861 1267 uestri
869 1212 899 1267 in
910 1213 960 1269 illa
969 1213 1189 1271 exacerbatione.
1203 1216 1355 1284 Responsio.
1372 1213 1493 1278 Quidam
1508 1213 1582 1269 enim
1598 1213 1750 1281 audientes,
1763 1231 1822 1270 exe·

198 1303 392 1370 cerbarerunt,
405 1302 455 1357 sed
469 1317 525 1356 non
538 1301 661 1357 universi
675 1300 724 1371 qui
738 1300 856 1371 proiecti
870 1308 936 1356 sunt
946 1303 981 1357 ab
991 1303 1111 1376 AEgypto
1125 1320 1175 1376 per
1189 1304 1314 1375 Moysen.
1330 1301 1437 1367 Quibus
1451 1307 1547 1360 autem
1562 1303 1688 1358 infensus
1701 1309 1744 1358 est
1760 1320 1824 1375 qua·

197 1394 329 1464 draginta
343 1391 444 1446 annisi
463 1392 563 1445 Nonne
576 1390 632 1448 illis
645 1390 692 1463 qui
703 1395 897 1462 peccaverunt,
914 1407 1034 1462 quorum
1048 1391 1184 1446 cadavera
1199 1396 1340 1463 prostrata
1355 1396 1421 1449 aunt
1433 1391 1463 1446 iu
1476 1392 1603 1448 deserto?
1618 1390 1722 1456 Quibus
1736 1399 1824 1449 autem

194 1482 301 1552 juravit
312 1497 369 1536 non
383 1479 501 1534 introire
515 1481 544 1533 in
552 1479 679 1551 requiem
693 1478 791 1550 ipsius,
800 1483 841 1534 oei
857 1484 964 1536 terram
976 1483 1182 1549 promissionis,
1199 1479 1253 1536 nisi
1266 1479 1322 1536 illis
1336 1480 1385 1552 qui
1397 1479 1534 1538 increduli
1547 1479 1664 1536 iuemnt
1676 1481 1689 1536 1
1708 1482 1742 1536 Et
1753 1482 1824 1538 ride·

197 1587 262 1628 mus
278 1570 346 1641 quia
360 1585 417 1627 non
431 1573 586 1643 potueruut
598 1567 717 1625 introire
730 1574 844 1642 propter
860 1568 1097 1625 incredulitatem.

870 1729 966 1790 212
980 1723 1098 1780 CAPUT
1111 1720 1160 1778 IV.

233 1852 396 1908 Timeamus
405 1865 473 1922 ergo
486 1849 517 1921 (a
532 1852 632 1917 siusili]
648 1864 711 1918 erpo
728 1865 777 1904 nec
791 1863 840 1904 nos
850 1850 1022 1911 intrabimus¹
1036 1850 1180 1905 tristantes
1194 1851 1344 1914 irrereduii,
1361 1867 1424 1919 erpo
1436 1853 1596 1918 timeamus,
1611 1865 1647 1905 ne
1660 1847 1828 1904 forterelicta

197 1940 401 2015 pollicitatione
416 1941 480 2009 fidei
493 1937 655 1994 introeundi
671 1938 700 1992 in
714 1938 840 2010 requiem
854 1938 922 2009 ejus,
938 1939 968 1992 id
979 1943 1161 2006 est,etcrnom
1168 1938 1484 2009 requinn‚existimetur
1492 1939 1595 2012 aliquis
1605 1937 1825 2006 envobisdeesse¹

197 2031 255 2086 dur
270 2035 452 2085 timeremus?
463 2030 523 2083 iilis
530 2033 639 2082 torrium
646 2027 984 2083 nuntialumest.Etenim
994 2033 1024 2082 et
1030 2027 1110 2083 nobis
1118 2028 1281 2084 nuntiatum
1294 2029 1589 2101 est,quemadmodum
1599 2029 1705 2097 etillis;
1719 2026 1825 2082 sednon

195 2119 302 2192 profuit
316 2118 372 2174 illis
381 2134 474 2173 sermo
489 2117 672 2184 auditus,non
686 2113 1036 2183 admistus,crsditus,fidei
1045 2132 1079 2170 ex
1085 2115 1120 2170 iis
1130 2134 1193 2188 quae
1206 2117 1566 2190 audierunt-Ingrediemur
1574 2117 1651 2174 enim
1662 2119 1828 2188 (nuntiatum

196 2214 236 2264 ret
247 2208 605 2275 nobis,nominprediemur
619 2224 627 2270 ;
644 2209 694 2272 vel,
711 2207 757 2260 sed
771 2208 858 2268 nobis,
870 2207 920 2274 qui
932 2205 1110 2272 credidimus,
1118 2207 1320 2277 inprediemur)
1331 2206 1361 2261 in
1372 2207 1498 2279 requiem
1513 2211 1581 2277 rius,
1592 2207 1642 2279 qui
1654 2204 1827 2267 credidimus,

197 2297 437 2368 quemadmodum
451 2295 523 2350 dixit
533 2297 638 2365 {probet
653 2297 725 2363 quod
740 2311 797 2349 non
807 2295 996 2363 prosette-om
1006 2309 1063 2348 non
1073 2295 1223 2348 intrabunt
1241 2295 1413 2365 inrequiern)
1426 2313 1432 2348 :
1445 2293 1524 2350 Sicut
1534 2297 1629 2367 jurari
1642 2296 1672 2350 in
1687 2295 1731 2350 ira
1748 2309 1807 2348 mea
1822 2309 1828 2345 :

197 2387 227 2441 Si
240 2383 399 2441 introibunt
408 2387 589 2456 (aposiopesis)
604 2383 632 2438 in
649 2383 775 2455 requiem
791 2399 894 2446 meam,
908 2388 1014 2436 terram
1029 2385 1232 2451 promissionis,
1252 2383 1277 2440 1.
1293 2390 1322 2438 ει
1336 2385 1449 2456 quidem
1463 2385 1596 2456 operibus
1610 2385 1646 2440 ab
1660 2383 1832 2440 institutione

192 2473 292 2530 mundi
303 2471 605 2546 perfectis.Dixitenim
616 2471 643 2526 in
654 2472 777 2542 quodam
788 2469 942 2526 locodedie
953 2469 1074 2542 septima
1083 2471 1123 2526 sio
1140 2489 1147 2525 ι
1164 2471 1230 2526 eut
1239 2473 1378 2543 requievit
1389 2474 1464 2528 Deus
1474 2473 1649 2546 dieseptima
1661 2473 1697 2529 ab
1711 2471 1833 2528 omnibus

195 2562 326 2636 operibus
341 2563 410 2618 suis.
427 2561 574 2616 Etinisto
590 2577 723 2616 rursum:
740 2560 770 2616 Si
789 2558 947 2615 introibunt
960 2558 990 2614 in
1008 2560 1136 2631 requiem
1152 2577 1255 2614 meam.
1276 2561 1302 2618 ³.
1325 2563 1465 2627 Quoniam
1484 2579 1551 2634 ergo
1571 2567 1704 2634 superest
1721 2561 1832 2616 introire

120 2720 123 2729 Ι
197 2652 333 2725 quosdam
347 2651 376 2706 in
390 2651 478 2718 illam,
490 2650 557 2714 etii,
569 2649 671 2722 quibus
682 2648 821 2721 prioribus
830 2647 1032 2703 annuntiatum
1045 2655 1097 2715 εει,
1110 2664 1166 2705 ιιοιι
1175 2650 1346 2706 introierunt
1355 2657 1471 2724 propter
1477 2651 1708 2708 incredulitatem
1719 2671 1727 2720 ;
1737 2651 1834 2706 iterum

194 2741 331 2798 terminat
344 2741 419 2796 diem
434 2739 451 2797 l
468 2740 638 2812 .quemdam,
661 2739 760 2806 Hodie,
781 2738 811 2793 in
824 2737 913 2793 David
935 2737 1062 2805 dicendo,
1086 2744 1150 2810 post
1166 2743 1276 2795 tantum
1298 2741 1445 2813 temporis,
1468 2740 1543 2798 sicut
1557 2742 1755 2814 supradictum
1775 2745 1834 2794 est:

195 2831 285 2887 llodie
300 2831 324 2886 si
339 2846 434 2886 vocem
447 2830 509 2901 ejus
523 2829 679 2895 audieritis,
697 2829 784 2884 nolite
794 2827 935 2884 obdurare
944 2826 1029 2882 corda
1043 2833 1145 2882 vestra.
1166 2829 1192 2884 5.
1203 2830 1308 2885 Namsi
1318 2831 1360 2886 eis
1370 2832 1452 2886 lesus
1466 2828 1492 2888 6.
1506 2831 1637 2901 requiem
1652 2829 1835 2902 praestitisset,

195 2935 342 2992 nunquam
356 2919 391 2974 de
407 2919 463 2975 elia
477 2919 641 2990 loqueretur
655 2918 772 2990 posthac
787 2916 842 2972 die.
851 2915 877 2972 7.
889 2917 988 2986 Itaque
997 2916 1166 2988 relinquitur
1174 2918 1361 2976 sabbatismus
1371 2920 1474 2992 populo
1481 2919 1600 2985 Dei.Qui
1612 2921 1691 2975 enim
1700 2919 1838 2990 ingressus

194 3009 275 3066 estin
285 3008 413 3082 requiem
423 3008 502 3081 ejus;
519 3007 605 3064 etiam
621 3008 647 3065 8.
664 3007 725 3080 ipse
744 3006 883 3079 requievit
897 3005 932 3061 nb
947 3005 1078 3076 operibus
1095 3006 1163 3075 suis,
1180 3006 1253 3062 sicut
1264 3024 1282 3063 a
1295 3008 1354 3064 suis
1365 3008 1451 3064 Deus.
1466 3005 1493 3076 9,
1515 3009 1561 3065 lb.
1577 3009 1759 3066 Festinemus
1777 3020 1839 3075 ergo

870 3155 1169 3215 COMMENTARIUS.

231 3285 275 3344 ll.
300 3287 422 3341 Fallacia
442 3286 556 3354 peccati.
576 3284 727 3338 Peccatum
746 3288 826 3338 vocat
840 3280 993 3348 diabolum,
1004 3281 1118 3342 Aenim
1133 3288 1214 3340 vocat
1224 3282 1310 3358 [sup.,
1324 3282 1578 3359 increduloslmum
1588 3285 1661 3342 dicit
1678 3285 1789 3340 :Nolite
1802 3283 1843 3337 ob

191 3375 238 3432 uel
260 3374 565 3444 incredulitatemque
583 3372 628 3428 rel
641 3388 697 3444 qua
713 3372 847 3427 fallantur
860 3371 996 3436 infideles,
1038 3371 1145 3426 durare
1156 3373 1239 3427 cordo
1251 3377 1351 3428 uestra.
1670 3373 1678 3382 '

194 3481 231 3519 ne
246 3463 363 3518 credant
372 3463 447 3534 quod
461 3461 633 3516 credendum
650 3466 703 3516 est.
1073 3459 1100 3512 4.
1119 3460 1279 3526 sterredom.
1291 3460 1367 3517 Ordo
1381 3463 1549 3535 :quemdam
1562 3463 1607 3532 [s.,
1623 3459 1844 3518 terminatdiem

230 3553 275 3608 le.
291 3554 416 3608 Αιιιιιιοε.
433 3554 585 3619 Porticipes
597 3552 673 3605 enim
687 3551 799 3612 Christi,
815 3549 845 3603 id
862 3553 914 3614 εει,
925 3563 999 3603 unus
1040 3548 1202 3620 quemdam]
1213 3553 1398 3620 posttantum
1410 3551 1547 3622 temporis
1561 3551 1648 3606 hodie
1663 3551 1693 3605 in
1704 3548 1792 3605 David
1801 3546 1845 3600 di·

194 3641 286 3698 euecti
301 3655 398 3696 sumus
414 3655 477 3695 cum
492 3639 540 3694 illo
553 3639 577 3693 si
597 3638 710 3710 quidem
729 3639 789 3710 ipse
802 3643 888 3715 caput
902 3641 954 3704 est,
971 3641 1000 3692 ει
1040 3641 1138 3707 cando,
1154 3642 1228 3697 sicut
1241 3643 1445 3714 supradictum
1456 3649 1500 3699 est
1514 3645 1597 3698 Hodie
1613 3647 1650 3711 si,
1668 3648 1723 3700 etc.

194 3746 248 3786 nos
262 3728 398 3788 membra.
1075 3731 1102 3783 5·
1114 3731 1187 3784 Nem
1205 3734 1231 3784 si
1249 3737 1287 3786 eis
1298 3733 1384 3786 iesus.
1402 3733 1465 3786 Non
1485 3738 1528 3786 est
1542 3731 1596 3786 iste
1615 3733 1703 3788 lesus
1722 3731 1847 3786 Salvator

232 3815 275 3875 13.
290 3817 322 3874 Si
337 3823 430 3873 tomen
445 3820 573 3872 initium.
593 3815 665 3881 Quid
681 3821 724 3871 εει
738 3815 850 3871 initium
865 3814 999 3870 substan·
1040 3817 1158 3887 mundi3
1175 3817 1224 3872 sed
1245 3819 1337 3885 lesus,
1359 3819 1408 3891 qui
1422 3819 1509 3874 etiam
1527 3820 1614 3874 Josue
1641 3819 1848 3886 nominatur,a

192 3907 262 3963 uer
287 3907 384 3963 Fidem
407 3907 556 3978 significat,
580 3921 631 3978 per
657 3921 742 3978 quem
765 3904 955 3969 subsistimus,
971 3909 999 3958 et
1040 3922 1095 3980 quo
1121 3908 1241 3979 populus
1264 3909 1425 3964 iudaeorum
1447 3909 1550 3964 ductus
1564 3913 1608 3964 est
1622 3909 1775 3964 interram
1789 3921 1849 3978 pro·

193 3995 253 4053 Deo
264 3995 324 4053 nati
334 3996 470 4053 sumusin
481 3996 563 4052 lilios.
1040 3995 1200 4063 missionis,
1218 3996 1266 4066 qui
1284 3997 1309 4051 si
1332 4013 1427 4051 veram
1451 3997 1580 4068 requiem
1602 3999 1647 4053 eis
1663 3996 1849 4070 praestitisset,

228 4087 273 4143 14.
289 4087 392 4142 Lassa.
415 4089 535 4142 Initium
549 4083 719 4140 substantie.
741 4082 906 4140 Substantia
921 4087 1002 4136 vocat
1041 4099 1187 4156 nunquam
1201 4086 1353 4156 postillam
1365 4087 1418 4140 hac
1432 4085 1487 4153 die,
1503 4085 1531 4141 id
1546 4091 1590 4141 εει
1598 4085 1698 4156 bodie,
1715 4087 1769 4142 hoc
1779 4090 1850 4139 tem·

194 4175 364 4248 tidem‚quia
381 4176 443 4248 ipsa
456 4175 533 4230 velut
546 4173 761 4229 fundamentum
774 4172 855 4227 bonis
870 4169 1000 4243 operibus
1044 4189 1109 4245 pore
1123 4173 1212 4229 Dauid
1227 4173 1262 4230 de
1276 4175 1331 4230 alia
1346 4175 1519 4248 loqueretur.

194 4262 316 4332 substat,
333 4263 362 4318 id
381 4269 425 4319 est
433 4264 518 4334 jacet.
1077 4261 1103 4318 6.
1116 4265 1244 4333 dequiem
1254 4267 1436 4332 prestitisset.
1453 4265 1498 4319 Illi
1518 4264 1640 4335 ingressi
1660 4269 1740 4334 sunt,
1757 4264 1787 4319 id
1801 4272 1852 4325 est,

231 4353 310 4408 OAP.
328 4353 375 4408 IV.
388 4382 421 4393 -
443 4351 465 4408 1.
482 4353 585 4407 Laura.
600 4353 635 4406 lt't
649 4351 760 4420 quidem
775 4351 911 4420 operibus
927 4347 998 4402 Pro·
1039 4351 1096 4407 illis
1109 4369 1166 4407 non
1181 4353 1260 4409 dedit
1273 4353 1401 4425 requiem
1412 4353 1502 4414 illam,
1514 4370 1580 4409 nam
1594 4353 1620 4408 si
1635 4355 1696 4410 illis
1710 4353 1854 4427 prestitis-

193 4441 244 4496 bat
253 4442 324 4497 duas
338 4457 398 4496 esse
409 4441 530 4513 requies,
542 4445 853 4509 unamterrenam,quae
861 4435 998 4508 prousisae
1040 4445 1093 4506 set,
1108 4456 1253 4512 nunquam
1265 4441 1300 4496 de
1314 4441 1370 4497 alia
1384 4442 1496 4497 locutus
1506 4441 1673 4498 iuissct.Vel
1683 4442 1831 4516 respondit
1847 4467 1852 4502 :

195 4535 239 4586 est
250 4530 264 4585 J
267 4530 374 4600 udaeis;
394 4529 480 4584 aliam
491 4529 632 4583 coelestem
646 4545 708 4600 quse
721 4525 896 4601 promittitur
906 4524 996 4580 nobis.
1040 4543 1098 4583 non
1112 4545 1226 4584 omnem
1249 4532 1376 4603 requiem
1401 4530 1501 4587 tribuit
1512 4533 1552 4587 eis
1572 4533 1657 4588 Jesus
1673 4535 1754 4590 Nave
1771 4536 1853 4599 (nun-

194 4619 229 4674 Ει
242 4623 285 4674 est
293 4617 533 4690 responsio,qussi
539 4617 641 4689 aliquis
648 4617 771 4672 diceret:
785 4616 877 4680 Quare
885 4613 979 4670 dixisti
989 4595 1028 4667 :B
1041 4632 1125 4688 quam
1139 4617 1173 4672 de
1187 4616 1253 4689 alia)
1272 4634 1386 4673 omnem
1408 4619 1536 4690 requiem
1555 4619 1584 4674 id
1604 4629 1650 4676 est
1663 4620 1855 4694 temporalem

194 4706 371 4778 ingredimur
388 4706 418 4760 in
432 4705 570 4778 requiem,
585 4722 651 4761 eum
670 4705 700 4760 in
718 4705 824 4761 nullum
839 4703 999 4776 promissio·
1040 4712 1068 4760 et
1080 4706 1233 4763 coelestem.

194 4795 239 4850 nis
253 4801 359 4852 terram
379 4795 486 4851 intrare
507 4794 589 4850 nobis
608 4811 666 4860 non
687 4799 835 4867 tantopere
849 4791 918 4848 utile
937 4791 999 4847 sier
1075 4791 1102 4849 7.
1125 4795 1221 4863 ltaque
1245 4797 1428 4865 relinquitur.
1446 4795 1596 4851 Concludit
1616 4797 1697 4868 quod
1723 4795 1856 4869 superius

116 4917 121 4924 ·
193 4884 273 4953 Duae,
288 4884 392 4956 inquit,
403 4884 515 4956 requies
529 4890 605 4939 sunt.
1039 4883 1221 4956 probabatur.
1233 4884 1320 4950 Quasi
1333 4885 1456 4940 diceret:
1474 4885 1652 4956 ingredimur
1667 4885 1762 4958 igitur
1774 4886 1805 4940 in
1814 4901 1857 4938 re-

228 4973 256 5030 t.
271 4975 306 5030 dt
320 4977 465 5044 requireit.
483 4974 548 5029 llaec
563 4979 606 5028 est
621 4971 733 5044 requies
747 4989 810 5044 quae
823 4969 999 5043 promittitur
1041 4970 1147 5045 quiem.

193 5063 308 5131 sanctis,
327 5063 456 5119 videlicet
469 5063 599 5130 coelestis,
615 5060 765 5117 ineffabilis
789 5060 841 5115 liei
865 5057 999 5116 suavitas.
1078 5059 1108 5119 8.
1129 5063 1258 5119 Aunios.
1273 5064 1331 5131 lpse
1351 5063 1496 5130 requierit.
1518 5060 1640 5132 Requies
1661 5061 1717 5117 Dei
1737 5077 1859 5134 operum

229 5156 256 5212 3.
273 5153 410 5222 monium
425 5168 489 5219 erqo
508 5157 640 5221 superest.
662 5150 734 5215 Quia
754 5150 879 5221 quidam,
897 5146 999 5219 inquit,
1042 5149 1176 5222 perfectio
1196 5149 1377 5220 intelligenda
1401 5155 1458 5216 est;
1483 5166 1534 5221 per
1548 5149 1625 5204 illam
1640 5166 1713 5205 vero
1727 5150 1861 5222 requiem

194 5241 327 5298 intraturi
347 5246 414 5296 sunt
429 5240 459 5295 in
473 5240 601 5311 requiem
617 5239 668 5294 Dei
683 5239 835 5308 coelestem,
851 5241 881 5292 et
898 5235 927 5290 bi
941 5233 1002 5306 qui·
1043 5255 1105 5312 quae
1120 5245 1225 5294 aterna
1251 5245 1293 5294 est
1313 5253 1364 5293 nos
1391 5239 1426 5294 ed
1450 5245 1585 5293 eternam
1602 5245 1754 5309 provocat,
1773 5255 1861 5311 quam

194 5331 248 5387 bus
267 5330 467 5386 annuntiatum
493 5333 537 5383 est
561 5327 591 5383 in
614 5327 725 5383 deserto
746 5343 803 5382 non
819 5326 999 5390 introierunt,
1042 5326 1246 5383 sabbatismum
1260 5325 1425 5390 nominarit,
1440 5341 1497 5380 non
1521 5327 1661 5397 requiem,
1686 5327 1739 5399 qui
1754 5326 1863 5383 ludaeis

195 5419 263 5492 quia
275 5419 394 5475 verbum
407 5433 463 5473 non
478 5416 864 5475 credideruntbdmonentur
878 5431 998 5488 praesen-
1038 5415 1221 5490 loquebatur3
1242 5432 1293 5471 nec
1307 5415 1367 5470 vult
1388 5415 1445 5470 tale
1467 5414 1617 5470 sabbatum
1630 5415 1663 5468 in
1685 5432 1782 5486 regno
1797 5414 1863 5479 Dei,

195 5508 234 5563 tis
253 5507 390 5580 temporis
413 5506 520 5573 fideles,
541 5522 576 5561 ne
592 5505 731 5562 obdurent
745 5505 831 5562 corda
843 5521 895 5562 sua
913 5505 998 5560 serbo
1040 5513 1073 5562 ut
1083 5507 1187 5562 iterum
1200 5505 1263 5577 quis
1275 5504 1374 5560 exinde
1387 5508 1546 5560 reuertatur
1560 5503 1692 5575 adopera
1701 5504 1862 5562 laboriosa,

196 5595 258 5664 Dei,
275 5596 348 5658 sicut
372 5595 581 5652 obduraverunt
601 5597 761 5668 superiores
784 5595 930 5664 increduli,
952 5612 1000 5653 eos
1040 5596 1114 5654 sicut
1126 5595 1156 5653 in
1170 5594 1286 5651 sabbam
1300 5593 1406 5650 carneli
1419 5593 1554 5650 iecerunt.
1571 5591 1650 5650 Istud
1668 5607 1744 5648 vero
1761 5593 1864 5650 sabba.
