3872 6162
217 274 285 335 toca
679 235 682 242 ’
727 271 756 327 s.
777 273 973 332 surianam
991 273 1144 332 aaaarrs
1163 277 1333 337 tarasiae.
1767 283 1824 343 root

215 418 280 457 cum
292 417 325 456 ea
335 399 487 473 quidquam
497 395 590 450 dicere
600 395 659 450 sine
668 401 741 452 teste
750 413 837 471 prope
850 417 898 455 eos
909 399 1046 462 sedon-A
1357 404 1474 461 CAPUT
1492 405 1564 461 xlx.

213 493 253 546 te.
269 489 352 546 Omni
367 493 493 558 ternpore
506 485 670 557 priusquam
690 501 745 541 nox
759 487 855 556 fuerit,
871 489 894 545 si
909 506 1013 560 magna
1147 493 1184 546 lte
1198 496 1340 548 comittunt
1354 496 1451 549 ordine
1465 495 1497 548 de
1511 497 1556 549 oia
1570 494 1750 550 redeuntium.

213 578 380 634 necessitate
394 576 490 646 aliqua
508 573 689 644 impediente,
709 575 835 647 alioquin
852 578 1012 651 completo·
1089 580 1193 635 *Nunc
1207 587 1301 636 autem
1312 584 1456 654 praemisso
1467 583 1826 656 itinerantiamordinejam
1909 587 1910 596 ’

212 667 286 722 rium
300 666 400 722 ultimo
414 680 470 718 non
485 662 587 718 differt·
1052 668 1086 723 de
1100 669 1145 724 via
1167 655 1346 727 redeuntium
1364 673 1521 728 communis
1545 672 1612 728 ordo
1635 689 1689 727 non
1708 679 1747 728 εει
1760 675 1828 729 omit·

251 756 323 811 Sunt
336 759 473 826 praeterea
489 768 550 824 quea
562 757 620 806 tom
644 751 712 806 soris
726 769 811 825 quam
825 753 901 808 domi
915 753 1011 810 obser·
1051 758 1163 812 tendas.
1179 759 1292 814 Fratres
1306 760 1353 831 qui
1367 760 1402 816 de
1416 762 1461 816 ria
1475 762 1600 824 veniunt,
1616 761 1748 817 neminem
1767 763 1829 818 intra

213 849 270 910 sat,
285 844 312 898 id
324 849 375 908 est,
392 843 416 897 si
432 848 475 897 est
490 840 599 895 cuctrlla
609 846 776 895 exutustam
788 842 817 895 ia
832 842 876 897 die
886 859 970 914 quam
981 843 1011 899 in
1052 847 1126 901 muri
1141 847 1278 902 ambitum
1291 848 1462 915 osculantur,
1483 855 1635 922 antequam
1647 851 1829 906 orationemta·

212 937 303 999 nocte,
320 933 429 988 nullum
446 931 560 987 verbum
577 931 689 985 emittit.
708 929 844 986 Observat
864 932 1012 997 etiamne
1051 935 1136 990 cient.
1153 935 1182 991 Si
1198 935 1263 1007 quid
1273 941 1379 1004 iernen,
1396 937 1470 1010 quod
1485 955 1599 994 necesse
1614 944 1665 1006 est,
1678 945 1753 993 extra
1765 939 1829 994 clau-

213 1038 355 1095 quoquum
367 1025 454 1094 ponat
467 1037 528 1076 eam
542 1019 653 1090 longius
668 1035 735 1084 ase,
751 1036 835 1092 quam
851 1019 889 1076 sit
902 1021 1012 1076 cubitus
1052 1029 1141 1078 strum
1153 1023 1274 1080 breviter
1287 1026 1451 1097 loquuntur,
1463 1026 1492 1082 in
1506 1027 1559 1082 hoc
1573 1044 1631 1082 non
1643 1027 1829 1098 reprehendun·

213 1127 297 1167 unus.
316 1113 397 1180 (eor.)
412 1110 445 1164 In
460 1109 569 1164 cuculla
584 1109 643 1162 sine
658 1109 768 1180 pellicio
782 1109 879 1164 sedere
893 1110 937 1164 rel
950 1127 1012 1164 am·
1052 1116 1109 1183 tur=
1124 1113 1177 1178 Qui
1188 1115 1212 1168 si
1225 1114 1255 1168 ia
1265 1115 1457 1188 meridiepost
1465 1116 1646 1172 relectionem
1654 1116 1827 1172 ministrorum
1909 1115 1910 1142 r

212 1199 311 1255 balare
325 1199 439 1272 poterit.
456 1201 467 1223 '
483 1197 513 1253 Si
528 1198 563 1252 ad
582 1197 696 1268 aliquod
710 1199 922 1264 monasterium,
938 1199 1013 1270 quod
1053 1200 1225 1268 advenerint,
1241 1208 1389 1274 postquam
1414 1205 1516 1259 fratres
1540 1209 1659 1276 surgant
1680 1221 1733 1259 non
1751 1205 1828 1275 ingrc-

214 1295 258 1345 εει
271 1288 361 1343 nostri
374 1287 491 1352 ordinis,
503 1287 546 1340 rel
556 1286 603 1341 ubi
614 1287 767 1357 capitulum
777 1285 924 1357 babemus,
933 1305 1013 1342 sene·
1053 1289 1170 1346 diuntur
1185 1309 1190 1344 :
1210 1297 1324 1363 propter
1337 1293 1391 1348 hoc
1405 1309 1461 1348 non
1476 1294 1617 1348 clauditur
1636 1293 1704 1348 iutra
1718 1293 1828 1350 relectio-

212 1379 260 1446 rit,
276 1376 314 1432 ibi
330 1377 427 1432 eadem
443 1393 473 1430 se
497 1374 583 1429 babet
596 1375 752 1447 disciplina,
771 1393 828 1447 qua
845 1382 873 1430 ει
891 1377 969 1433 domi
982 1394 1013 1432 se
1053 1394 1117 1434 nem
1133 1379 1334 1447 ministrorum,
1350 1387 1381 1437 ut
1394 1383 1512 1454 quisquc
1523 1389 1591 1437 tuac
1604 1383 1725 1449 veniens,
1736 1382 1828 1452 ingredi

214 1465 318 1521 habere
340 1466 420 1529 solet,
437 1463 502 1518 etsi
517 1468 600 1518 antea
614 1463 671 1518 illic
685 1480 741 1519 non
757 1469 829 1534 erat,
844 1481 908 1519 curn
922 1465 1012 1520 intra·
1052 1467 1151 1520 valeat.
1171 1467 1308 1539 Tempore
1327 1469 1460 1541 loquendi
1480 1471 1641 1540 redeuntes
1657 1471 1685 1525 in
1699 1471 1755 1542 ipso
1768 1471 1830 1526 clau·

212 1553 284 1609 serit
297 1554 413 1608 chorum
426 1553 484 1607 sire
499 1552 663 1624 capitulum,
675 1551 698 1606 si
713 1552 826 1607 interim
840 1553 970 1619 habetur,
984 1558 1013 1607 ει
1052 1555 1102 1610 stri
1119 1555 1236 1611 introitu
1250 1562 1360 1612 tantum
1373 1561 1518 1614 beraedioite
1529 1559 1627 1615 dicunt
1638 1561 1672 1614 ad
1683 1561 1828 1614 assidentes.

214 1644 237 1700 si
254 1659 336 1698 nemo
358 1659 422 1698 eum
438 1642 555 1702 inducit,
580 1641 711 1696 ultimum
727 1642 797 1712 petit
810 1643 901 1696 locum
914 1660 920 1708 ;
934 1642 964 1696 in
979 1657 1012 1696 co
1053 1657 1099 1698 ua.
1113 1644 1212 1714 ltaque
1225 1661 1259 1698 ea
1272 1645 1327 1710 die,
1342 1663 1397 1717 qua
1412 1647 1540 1714 redeunt,
1555 1664 1657 1719 corpus
1671 1646 1773 1702 Domini
1785 1645 1829 1700 nisi

212 1738 309 1790 tamen
322 1732 408 1786 choro
422 1731 451 1786 in
466 1747 521 1802 quo
537 1735 565 1785 et
579 1729 655 1784 domi
670 1729 730 1799 ejus
745 1735 788 1784 est
800 1731 893 1785 statio.
904 1729 933 1786 Si
945 1747 1010 1786 vero
1021 1715 1124 1786 Bracae
1137 1732 1310 1788 consessione
1324 1751 1380 1790 aon
1394 1736 1549 1808 accipiunt;
1567 1737 1635 1808 quia
1648 1736 1777 1805 fragilitas
1789 1735 1830 1788 bu·

214 1823 249 1878 ad
270 1821 393 1876 alienum
418 1819 531 1874 omnino
555 1818 756 1873 monasterium
777 1819 893 1879 venerit,
909 1817 945 1872 ibi
960 1835 1012 1874 nec
1052 1837 1137 1875 mana
1150 1820 1274 1876 devitare
1289 1839 1346 1877 non
1371 1825 1445 1879 valet
1468 1825 1535 1896 quin
1551 1842 1607 1881 usu
1621 1825 1664 1880 sel
1678 1825 1777 1888 auditu,
1791 1829 1830 1878 aut

212 1912 368 1966 claustrum
380 1909 478 1974 intrat,
493 1907 547 1962 nisi
556 1909 654 1977 jussus
668 1908 723 1962 sit:
736 1913 770 1962 ut
783 1908 841 1963 illio
853 1907 906 1962 sibi
920 1913 1012 1963 osten·
1052 1910 1136 1964 etiam
1151 1911 1292 1965 locutione
1304 1913 1448 1968 multoties
1462 1919 1567 1986 peccet.
1581 1915 1613 1969 In
1625 1913 1720 1970 eodem
1730 1913 1771 1967 die
1779 1916 1830 1984 post

212 2015 275 2055 sum
299 1998 394 2063 suerit,
420 1998 460 2052 ita
483 1997 559 2051 facit.
578 1995 756 2051 caeterumsi
771 1996 807 2050 ad
826 1994 1011 2067 quodcunque
1051 1998 1177 2070 singulas
1190 2000 1274 2054 horas
1288 2000 1395 2056 faciunt
1408 2008 1474 2057 ante
1489 2008 1518 2057 et
1534 2007 1621 2070 retro,
1636 2008 1665 2058 et
1677 2002 1773 2056 dicitur
1785 2017 1830 2055 uua

212 2087 414 2144 monasterium
431 2086 549 2151 venerit,
565 2085 625 2140 sine
642 2085 755 2138 licentia
769 2084 804 2139 de
817 2084 939 2139 claustro
954 2101 1011 2139 non
1051 2087 1086 2142 de
1096 2087 1140 2143 his
1147 2088 1283 2144 collectis:
1297 2089 1472 2159 Omnipotens
1481 2093 1729 2162 sorapitcrnollcus,
1739 2095 1828 2144 nostro·

211 2179 278 2244 exit,
296 2193 348 2232 nec
362 2175 458 2230 comiti
472 2191 523 2230 suc
538 2174 690 2246 quidquam
710 2173 845 2244 loquitur.
861 2173 1010 2229 Sciendum
1051 2179 1303 2246 amantissimorum,
1316 2184 1486 2248 omnipotens
1497 2183 1575 2236 licus.
1594 2183 1764 2252 Orrtnipotem
1774 2196 1828 2233 sem·

211 2270 256 2321 est
269 2265 371 2320 ctiam:
385 2263 496 2336 quando
512 2261 698 2334 quodcunque
710 2261 911 2317 monasterium
921 2261 1010 2316 nostri
1047 2269 1156 2336 pitorne
1179 2269 1258 2322 dous.
1280 2267 1436 2323 Praemissis
1455 2269 1499 2324 his
1522 2270 1678 2337 versiculis,
1695 2270 1781 2326 Solum
1794 2270 1829 2336 tce

212 2353 319 2410 ordinis
343 2357 387 2408 est
404 2353 592 2422 ingressurus·
609 2350 656 2405 Ubi
672 2351 746 2404 insta
764 2349 885 2421 spatium
901 2349 1011 2404 dimidii
1051 2369 1150 2421 seruos,
1160 2357 1209 2427 qui
1221 2358 1451 2430 semperprimus
1462 2364 1522 2414 est:
1540 2359 1682 2415 secundus
1692 2361 1830 2416 Convertere

211 2443 279 2499 anni
294 2459 351 2497 non
365 2441 420 2496 tuit
434 2441 477 2495 vel
492 2441 565 2512 quod
581 2456 726 2512 nunquam
741 2439 867 2509 intrarit,
884 2444 949 2494 ante
965 2455 1011 2496 os·
1053 2445 1122 2499 deus
1137 2445 1180 2499 rel
1198 2446 1259 2499 dccc
1274 2462 1358 2515 quom
1369 2447 1481 2512 bonrun,
1492 2448 1534 2503 vcl
1548 2451 1634 2513 Beati,
1647 2451 1696 2519 qai
1709 2448 1828 2502 lrobttoot.

211 2533 283 2588 tium
298 2547 348 2604 per
359 2529 432 2603 quod
449 2529 571 2601 primum
582 2529 653 2584 illud
663 2529 761 2595 intrat,
774 2544 859 2600 super
866 2545 960 2601 genua
969 2545 1013 2583 re·
1052 2533 1107 2587 Pro
1127 2532 1229 2603 quibus
1256 2533 1280 2588 si
1306 2534 1422 2590 collecta
1442 2536 1534 2592 tribue
1555 2537 1665 2593 vicibus
1685 2537 1727 2591 rel
1745 2535 1830 2606 sepias

212 2622 287 2677 niam
309 2620 387 2693 petit,
404 2625 433 2674 ει
446 2619 482 2674 ad
500 2618 562 2673 loca
576 2617 610 2672 de
624 2617 670 2672 sia
684 2618 867 2673 redeuntibus
881 2618 915 2672 ed
926 2633 1012 2672 oran·
1052 2619 1127 2674 dicte
1139 2620 1232 2686 fuerit,
1243 2638 1294 2692 pro
1309 2623 1353 2677 his
1365 2623 1401 2678 ad
1411 2625 1626 2696 completorium
1638 2641 1692 2681 non
1704 2623 1830 2680 estdicen-

212 2711 279 2768 dum
294 2709 456 2774 constituta,
469 2725 499 2763 se
514 2707 683 2779 prosternit;
697 2706 751 2761 nisi
765 2707 825 2761 dies
840 2707 949 2778 pascha
963 2708 1010 2761 sit.
1053 2708 1131 2777 dum,
1146 2709 1200 2764 nisi
1215 2709 1324 2765 duobus
1337 2713 1481 2781 uersiculis
1494 2715 1649 2786 praemissis
1661 2715 1759 2785 absque
1771 2712 1829 2766 salo·

248 2799 329 2864 Quod
346 2797 370 2853 si
385 2797 440 2852 duo
454 2796 557 2850 tratres
570 2795 678 2867 pariter
691 2795 726 2848 ad
742 2794 856 2864 aliquod
870 2799 1012 2848 moneste-
1051 2797 1167 2852 tatione.
1181 2801 1354 2854 Misereolar.
1372 2801 1547 2871 Orrtnr'potens
1561 2807 1724 2872 scnrpttcrne
1737 2804 1806 2856 Deus.
1820 2802 1829 2822 ’

211 2889 285 2945 rium
300 2887 438 2953 venerint,
458 2884 493 2940 ad
515 2885 590 2956 quod
606 2886 678 2940 alter
692 2900 789 2939 eorum
805 2899 949 2954 nunquam
964 2899 1012 2937 re·
1053 2885 1131 2949 Quod
1145 2891 1241 2942 tamen
1255 2888 1357 2943 domno
1372 2888 1475 2956 abbati,
1485 2907 1537 2946 nec
1549 2892 1690 2964 episcopo,
1701 2891 1740 2946 rel
1750 2889 1829 2944 abbati

210 2983 301 3042 neret,
317 2976 389 3030 alter
402 2991 468 3029 vero
489 2973 519 3028 in
542 2973 670 3045 proximo
689 2973 796 3040 aderat,
820 2972 855 3027 de
870 2972 951 3027 reaia
974 2970 1010 3026 ad
1052 2974 1135 3030 alicui
1149 2981 1200 3031 aut
1213 2976 1300 3049 priori
1314 2983 1411 3032 nostro
1430 2984 1474 3034 est
1493 2979 1654 3045 dicendum,
1670 2980 1718 3034 sed
1731 2979 1829 3034 collecta

209 3067 298 3122 limen
309 3066 405 3137 januae
418 3063 541 3135 petenda
555 3067 584 3117 et
593 3063 628 3117 de
638 3062 765 3117 oratione
779 3061 917 3128 facienda,
935 3059 1010 3132 quod
1020 3031 1190 3133 Gaimiliter,
1204 3071 1237 3121 ut
1246 3067 1281 3120 ad
1296 3072 1411 3122 ceteras
1425 3068 1518 3123 horas.

210 3155 298 3228 priori
313 3153 417 3209 bonum
432 3152 553 3219 ridetur,
564 3151 661 3222 junior
676 3150 812 3206 imitetur.
824 3151 889 3205 Haec
905 3151 1010 3222 specia-
1085 3154 1312 3210 Benedictionem
1332 3157 1426 3211 nullus
1440 3173 1525 3212 cause
1543 3157 1657 3230 prandii
1680 3156 1795 3228 negligit,
1809 3154 1829 3208 si

209 3243 330 3300 litarde
351 3258 407 3297 uno
422 3241 506 3307 dicte,
527 3239 698 3312 generaliter
717 3238 752 3294 ab
767 3238 897 3294 omnibus
919 3238 1008 3294 nostri
1049 3258 1112 3297 cum
1136 3243 1274 3298 ministris
1294 3249 1420 3317 tempore
1439 3263 1494 3318 quo
1516 3262 1591 3301 nona
1611 3247 1728 3312 canitur,
1741 3243 1846 3310 reficit,

209 3333 316 3389 ordinis
329 3329 474 3386 monachis
489 3333 555 3384 sunt
568 3328 754 3385 observanda.
1047 3331 1120 3386 Nam
1130 3331 1285 3388 exrefectus
1300 3349 1361 3388 eam
1375 3333 1484 3406 accipit,
1501 3336 1663 3408 iterumque
1673 3337 1707 3390 ed
1720 3332 1827 3389 relectis

246 3420 301 3476 Sed
316 3421 421 3474 deceno
436 3417 528 3472 adbuc
550 3416 679 3486 quaedam
694 3419 761 3470 sunt
783 3415 942 3487 specialiter
955 3415 1007 3472 ob·
1047 3435 1113 3476 nem
1127 3421 1210 3476 redit.
1222 3422 1276 3476 Sed
1286 3423 1441 3490 sciendum,
1454 3425 1527 3495 quod
1538 3423 1562 3478 si
1573 3423 1638 3496 quis
1648 3425 1761 3479 fratrum
1770 3421 1826 3475 loris

209 3508 360 3575 servandam
375 3507 469 3572 idest,
491 3510 523 3560 ut
536 3509 600 3576 post
618 3504 817 3559 comestionem
833 3505 942 3560 nullum
956 3506 1008 3560 do·
1046 3509 1166 3581 positas,
1195 3510 1319 3582 paschali
1348 3512 1520 3567 solemnitati
1554 3513 1619 3568 vult
1644 3513 1780 3576 interesse,
1802 3507 1826 3562 in

209 3597 391 3652 mesticorum
406 3611 520 3650 suorum
535 3593 680 3660 rcrberct;
696 3609 840 3664 nunquam
855 3593 939 3648 etiam
953 3595 1008 3650 ira·
1047 3603 1149 3669 quarta
1160 3598 1230 3653 feria
1243 3599 1325 3654 debet
1337 3600 1455 3657 venisse.
1464 3600 1542 3666 Quod
1559 3601 1582 3655 si
1598 3603 1671 3657 torte
1680 3597 1824 3673 neglexerit,

209 3687 261 3741 tris
276 3684 402 3750 alteriue,
424 3682 449 3738 si
470 3681 531 3737 steri
546 3687 648 3754 potest,
660 3681 821 3737 testimonio
838 3687 942 3750 careat,
958 3683 1006 3754 qui
1048 3687 1208 3758 quicunque
1226 3687 1264 3742 sit
1277 3689 1400 3754 veniens,
1423 3689 1454 3744 in
1472 3689 1540 3760 ipsis
1556 3689 1650 3745 tribus
1671 3690 1762 3744 diebus
1774 3691 1827 3760 poet

208 3789 303 3830 secum
316 3772 422 3844 jugiter
438 3777 572 3826 moretur.
585 3773 655 3826 Item
668 3771 692 3825 si
707 3772 767 3842 ejus
781 3770 939 3827 obedientia
953 3771 1008 3826 sita
1048 3775 1202 3847 quamlibet
1221 3777 1319 3832 horam
1343 3778 1462 3836 finitam.
1489 3779 1625 3849 praedicta
1652 3776 1826 3834 benedictione

209 3868 253 3918 est
266 3861 340 3917 inira
353 3861 408 3916 iter
418 3859 541 3914 dimidiae
551 3859 616 3924 diei,
626 3875 672 3914 ua.
684 3859 761 3913 omni
771 3859 889 3914 sabbato
902 3860 936 3914 ad
950 3875 1008 3914 mo·
1048 3863 1161 3935 quidem
1176 3880 1233 3920 non
1248 3870 1342 3934 caret;
1362 3865 1410 3920 sed
1425 3883 1508 3922 nemo
1523 3867 1565 3921 illi
1580 3867 1611 3922 in
1627 3867 1730 3922 eisdem
1743 3863 1827 3920 diebus

208 3949 364 4006 nestorium
379 3949 471 4004 redire
494 3946 585 4003 debet.
601 3949 674 4002 Nam
691 3963 742 4002 nec
756 3947 827 4002 lotos
842 3963 949 4019 pannos
962 3948 1007 4002 in·
1046 3953 1171 4008 osculum
1185 3953 1298 4024 prebet.
1315 3955 1366 4010 Cui
1381 3971 1501 4028 quoque,
1523 3955 1547 4010 si
1566 3962 1610 4010 est
1624 3961 1718 4010 noster
1731 3953 1828 4026 proles·

208 4039 305 4105 ducac,
326 4054 378 4094 nec
401 4055 431 4092 se
454 4037 554 4092 radere
578 4037 724 4109 presumit
750 4042 851 4108 praeter
865 4037 913 4091 ibi.
929 4037 1006 4092 Nihil
1046 4057 1105 4109 sus,
1121 4043 1275 4097 cavendum
1286 4048 1337 4110 est,
1350 4060 1385 4098 ne
1397 4044 1426 4098 in
1441 4043 1621 4100 tribustestis
1637 4039 1827 4099 videlicetnati-

208 4129 294 4185 etiam
309 4144 374 4183 cum
389 4125 501 4198 ingenio
519 4125 664 4194 lucratur3
687 4142 771 4196 agros
787 4130 815 4181 ει
834 4125 930 4180 vineas
942 4125 1007 4180 dili·
1046 4130 1140 4184 vitatis
1150 4131 1272 4198 Domini,
1284 4131 1397 4187 Paschae
1409 4137 1438 4187 et
1448 4138 1635 4200 pentecostes,
1649 4138 1714 4188 ante
1726 4129 1828 4186 tertium

207 4223 307 4290 genter
321 4221 440 4284 exercet,
455 4221 483 4270 et
495 4215 546 4268 alit
559 4231 660 4286 pecora
675 4220 704 4269 et
714 4216 854 4286 jumenta.
870 4213 945 4269 Nihil
956 4213 1007 4268 lre-
1047 4218 1131 4286 diem,
1143 4219 1197 4274 nisi
1210 4235 1313 4291 magna
1324 4227 1438 4275 coactus
1448 4221 1626 4290 necessitate,
1640 4220 1734 4288 ebeet;
1749 4218 1792 4274 sed
1805 4221 1828 4270 et

207 4307 255 4363 bet
277 4305 471 4361 absconditum
492 4320 543 4358 nec
564 4303 592 4357 in
616 4303 729 4358 domum
754 4309 916 4358 extraneam
931 4319 1006 4357 com·
1044 4313 1112 4363 tunc
1127 4325 1272 4381 quousque
1286 4311 1440 4381 capitulum
1465 4310 1589 4379 liniatur,
1608 4315 1757 4384 exspectat.
1779 4308 1828 4362 lloo

207 4394 389 4462 mandatum
412 4391 485 4464 quod
502 4408 519 4446 a
535 4391 639 4446 nostris
660 4389 813 4462 majoribus
833 4389 948 4445 omnino
962 4384 1036 4446 estl]
1045 4397 1129 4452 etiarn
1142 4397 1286 4454 sciendum
1301 4405 1354 4464 cst,
1366 4399 1440 4472 quod
1455 4399 1479 4454 si
1492 4400 1541 4470 qui
1553 4401 1691 4466 venerint,
1702 4401 1764 4454 dura
1773 4412 1827 4452 con·

208 4483 486 4539 anathematizatum.
504 4481 590 4550 Sages
610 4484 639 4534 ει
660 4479 756 4534 vinum
772 4480 884 4550 quando
898 4485 1004 4534 extoto
1044 4491 1144 4541 reatus
1165 4486 1193 4541 in
1221 4487 1306 4542 choro
1334 4504 1391 4544 non
1419 4488 1515 4559 tuerit,
1529 4489 1551 4544 si
1574 4491 1665 4560 maior
1679 4483 1827 4543 monasterii

207 4572 295 4628 suerit
311 4571 468 4635 collectum,
484 4567 567 4624 debet
583 4569 661 4641 prior
675 4585 708 4623 cx
723 4584 801 4623 more
814 4568 908 4623 videre
922 4568 1004 4640 quid·
1045 4582 1127 4647 porea
1140 4579 1207 4630 tune
1221 4576 1317 4632 clausa
1334 4582 1386 4643 est,
1402 4577 1508 4650 aspersi
1524 4594 1598 4650 aqua
1612 4578 1764 4640 benedicta,
1777 4574 1827 4646 pri-

208 4661 276 4733 quid
291 4659 422 4715 babuerit
434 4659 463 4712 in
474 4657 585 4723 horreo,
594 4657 732 4729 quidquid
741 4657 770 4711 in
780 4657 901 4714 cellario·
913 4657 1006 4722 Quen·
1045 4681 1121 4718 muni
1137 4664 1173 4718 ad
1186 4681 1310 4733 crucem,
1330 4664 1430 4720 deinde
1443 4666 1472 4720 in
1483 4667 1578 4735 choro,
1594 4672 1623 4722 et
1643 4673 1706 4739 post
1723 4661 1828 4720 indeed

207 4755 268 4806 tum
279 4749 399 4815 ridetur,
407 4745 568 4802 dimittitad
576 4751 763 4801 commeatum
774 4746 1005 4816 ejusdemdecani
1046 4751 1074 4807 S.
1097 4752 1216 4807 Mariam
1236 4754 1311 4809 inter
1333 4754 1438 4810 formes
1461 4755 1490 4810 in
1512 4755 1627 4827 longum
1650 4752 1784 4827 prostrati,
1807 4748 1827 4802 si

209 4833 1002 4910 ethospitumsupervenientium,etadopusagrieolandi3
1045 4840 1109 4895 talis
1134 4847 1178 4896 est
1198 4841 1268 4909 dies,
1283 4842 1328 4897 sin
1351 4848 1456 4909 ειιιεῐη,
1481 4843 1599 4899 inclines
1622 4843 1725 4898 debent
1745 4853 1824 4895 orare.

207 4927 282 5000 quod
297 4923 515 4999 superestjubet
528 4923 564 4978 ad
578 4923 781 4980 monasterium
796 4921 907 4978 deferti·
924 4923 1005 4978 Sinti·
1046 4929 1124 4996 Quod
1139 4930 1163 4985 si
1177 4931 1251 4986 inira
1265 4931 1419 5004 capitulum
1428 4933 1553 5002 veniunt,
1561 4933 1674 4988 tertiam
1684 4930 1826 4988 orationem

206 5017 272 5072 liter
285 5015 353 5072 facit
365 5013 464 5070 eodem
480 5018 606 5085 tempore
620 5012 649 5067 in
663 5012 740 5068 cellis
756 5012 869 5080 nostrie,
881 5011 928 5067 ubi
943 5017 1004 5067 tan·
1044 5018 1079 5073 ad
1098 5019 1196 5088 altare,
1213 5021 1287 5092 quod
1310 5026 1354 5076 est
1372 5021 1403 5076 in
1417 5021 1513 5076 dextra
1528 5027 1608 5094 parte
1631 5021 1708 5077 chori
1720 5018 1825 5075 saciant.

207 5110 269 5162 mm
293 5121 342 5161 sex
369 5103 539 5159 subderem
562 5101 664 5156 tratres
689 5104 845 5164 morantur,
873 5101 897 5156 si
922 5105 1003 5156 enta
1044 5106 1072 5162 st
1087 5107 1441 5180 intreregutaremhoram
1457 5111 1645 5179 venenositas
1660 5106 1826 5166 stannea

204 5212 301 5252 rerum
315 5194 397 5265 copia
410 5191 540 5257 habetur,
557 5189 631 5245 undo
652 5191 746 5261 plures
768 5190 877 5261 possint
890 5194 1002 5245 susten·
1043 5198 1118 5250 riom
1128 5197 1212 5268 primi
1226 5198 1327 5268 psalmi
1346 5199 1463 5254 chorum
1477 5200 1584 5254 intrare
1601 5199 1718 5273 possint,
1731 5191 1824 5266 aspersi

205 5285 273 5352 tari3
290 5282 395 5338 eisdem
409 5278 542 5336 fratribus
558 5279 660 5334 victum
671 5283 699 5333 et
708 5279 848 5344 vestitum,
860 5295 893 5334 ac
906 5279 1002 5351 bospi-
1042 5286 1282 5341 tantumcborum
1297 5286 1505 5358 ingrediuntur,
1517 5289 1598 5343 linita
1609 5289 1677 5343 hora
1686 5292 1747 5359 post
1759 5297 1824 5338 acce

205 5378 266 5428 tum
282 5370 438 5428 necessaria
458 5369 579 5442 pleniter
592 5367 751 5437 dimittens;
773 5368 847 5440 quod
862 5374 999 5440 superest,
1041 5377 1119 5445 ptem
1133 5373 1356 5430 benedictionem
1372 5376 1409 5430 ad
1421 5392 1541 5444 crucem,
1552 5377 1576 5432 si
1590 5382 1670 5449 porta
1680 5377 1719 5446 (ut
1728 5373 1821 5428 dietam

202 5461 284 5536 jubet
297 5461 334 5518 ed
349 5459 552 5517 monasterium
565 5456 679 5513 deserti·
1041 5463 1092 5532 εει)
1107 5467 1175 5518 tunc
1190 5463 1285 5520 clausa
1299 5469 1351 5533 est,
1367 5464 1468 5520 deinde
1491 5465 1527 5521 ed
1542 5467 1570 5524 S.
1585 5464 1702 5523 Mariam
1717 5456 1822 5518 oraturi.

1077 5550 1107 5607 Si
1121 5567 1187 5608 sero
1201 5557 1266 5626 post
1282 5553 1407 5612 Gloriam
1420 5553 1504 5627 primi
1520 5554 1621 5628 psalmi
1638 5551 1774 5611 ecclesiam
1788 5547 1824 5604 in-
