3882 6172
185 247 240 304 eea
457 295 462 302 .
762 243 879 299 nonni
900 243 1004 301 inca
1022 239 1195 300 oncnsau
1765 225 1814 286 too
1880 210 1881 224 '

186 368 217 424 in
226 367 339 426 diaecesi
348 365 489 425 cestrensi
502 364 694 422 Conventreiae
708 363 876 431 coenobium,
897 381 914 420 a
929 364 1108 428 ma-Afuere
1122 361 1272 418 Hilduinus
1287 364 1322 416 de
1332 351 1818 424 Ramem,(iuillelnnsconessnes·

189 459 422 531 gmillcsntissimo
450 456 552 511 comite
578 454 702 510 Leolrico
731 459 760 509 et
779 471 865 510 uxore
881 455 990 510 Godiva
1030 453 1178 517 sionensis,
1187 451 1235 523 qui
1249 448 1348 522 genuit
1361 447 1529 514 chaldum,
1542 450 1571 501 et
1585 442 1820 508 loannem,etMs·

191 555 394 613 constructum,
410 551 488 600 tanto
502 544 564 601 auri
590 549 619 600 et
645 543 757 614 argenti
779 544 939 616 spectaculo
958 549 991 599 ut
1031 558 1144 599 nossem
1159 541 1208 613 qui
1225 539 1279 595 tuit
1294 538 1440 611 episcopus
1454 532 1673 598 Suessionensis,
1690 535 1766 587 aeto.
1781 529 1819 587 Ob

189 636 303 706 angusti
317 632 538 704 viderenturipsi
554 632 675 704 parietes
685 631 869 687 Ecclesiarum
880 631 992 690 thesau-
1032 647 1133 706 pravos
1148 645 1241 685 mores
1250 628 1342 684 verbis
1353 623 1607 682 vehementioribus
1617 622 1787 694 increpatum
1795 621 1820 682 (a

190 738 286 778 rorum
302 721 494 794 receptaculis,
512 720 649 775 miraculo
661 734 746 791 porro
764 719 914 775 visentium
928 736 993 776 ocu·
1033 721 1062 777 S.
1079 720 1213 776 Bruunne
1235 717 1486 774 Carthasianorum
1513 713 1676 770 institutore
1696 709 1818 775 maxime,

190 811 234 869 lis.
250 831 262 864 ι
1033 809 1078 865 cui
1100 814 1128 864 et
1151 823 1249 864 ansam
1267 805 1421 878 praebuere,
1433 807 1466 859 ut
1479 801 1585 858 mundo
1599 804 1753 856 extremum
1766 799 1821 853 vale

226 902 313 956 Arcas
326 913 422 954 eorum
437 900 555 968 fregisti,
584 903 637 952 etc.
655 897 831 970 Dilapidasse
845 898 993 954 facultates
1033 899 1150 965 diceret)
1160 912 1328 968 suspensum
1341 893 1491 950 actandem
1502 889 1664 964 depositum
1673 888 1821 944 Manassen

191 988 310 1045 coenobii
324 987 516 1044 conventreiae
526 986 677 1042 Robertun
695 987 820 1057 sugillat,
836 986 885 1043 ubi
907 1003 993 1059 supra
1034 1003 1090 1043 non
1104 985 1192 1042 semel
1206 983 1274 1040 dicit
1283 984 1365 1055 Hugo
1378 979 1606 1046 Flaviniacensis,
1615 977 1696 1033 testis
1708 976 1822 1048 locuples

191 1077 476 1134 Malmesburiensis:
500 1101 512 1130 ι
532 1077 571 1130 Ex
596 1092 653 1131 una
677 1075 768 1142 trabe,
790 1076 893 1147 inquit,
913 1076 994 1147 quin·
1034 1077 1063 1132 in
1076 1075 1202 1132 Historia
1211 1090 1263 1130 ms.
1282 1092 1294 1126 ι
1310 1073 1465 1127 Accusatus
1482 1069 1523 1124 ait
1534 1068 1591 1135 ille,
1613 1065 1749 1122 ineodsm
1763 1081 1823 1119 con·

192 1175 292 1240 gentas
307 1183 416 1222 marcas
430 1167 541 1237 argenti
558 1167 678 1222 corrasit
691 1183 754 1238 quae
768 1167 871 1222 scrinia
885 1172 994 1223 susten·
1033 1165 1097 1220 cilio
1121 1161 1324 1234 (Lugdunensi)
1353 1158 1499 1216 Remensis
1522 1155 1651 1214 Ecclesia
1673 1153 1825 1209 iuvasorSi·
1893 1234 1894 1240 ἵ

193 1256 301 1312 tabant.
319 1257 419 1311 Plures
432 1255 471 1310 ibi
486 1261 611 1311 moratus
639 1271 738 1322 annos,
755 1256 826 1311 nibil
845 1255 994 1328 probitatis
1034 1254 1179 1312 antoniacus
1194 1254 1338 1308 Manassae
1355 1267 1373 1305 a
1399 1248 1508 1305 clericis
1521 1243 1719 1310 Remeusibus,
1738 1249 1766 1299 et
1781 1259 1824 1298 su·

195 1345 322 1400 exhibuit
336 1347 396 1400 loco
413 1344 506 1400 *adeo
523 1361 617 1400 sacras
631 1361 698 1416 opes
711 1345 870 1417 dilapidans
885 1345 995 1417 pesula·
1035 1360 1153 1418 spensus
1168 1339 1388 1411 abcifici03qui
1404 1337 1554 1393 advocatus
1568 1335 1605 1390 ad
1631 1332 1785 1399 concilium,
1798 1337 1827 1387 ut
1895 1403 1896 1406 Ἴ

194 1434 360 1489 tuscrimen
385 1433 515 1500 incurrit,
541 1433 762 1506 repetundarum
789 1451 855 1489 reus
883 1435 996 1490 iuturus
1037 1451 1067 1490 se
1081 1435 1225 1506 purgaret,
1242 1446 1298 1485 non
1313 1428 1398 1484 veuit.
1414 1427 1480 1492 Qui,
1491 1441 1554 1481 cum
1569 1423 1827 1480 canonicislienen·

196 1523 352 1594 episcopus,
364 1523 388 1577 si
398 1527 470 1577 esset
480 1527 761 1594 aecusatorparatus.
782 1523 932 1578 Monaclros
947 1523 998 1578 ni·
1039 1523 1077 1578 sis
1088 1520 1214 1577 Ecclesia
1229 1516 1438 1574 accusatoribus
1453 1515 1520 1578 suis,
1536 1512 1684 1569 auruncilio
1700 1510 1828 1566 redeunti·

197 1610 312 1666 sanabili
326 1611 399 1682 stips
413 1610 511 1666 cibans
524 1627 576 1666 nec
592 1612 732 1682 regularis
753 1611 859 1668 ordinis
872 1627 997 1667 amorem
1038 1610 1102 1679 bus,
1117 1609 1254 1682 plurimas
1266 1611 1393 1681 parasset
1405 1605 1533 1671 insidias,
1547 1602 1664 1658 demun
1677 1600 1772 1655 domos
1785 1615 1828 1656 eo·

196 1699 304 1756 curavit
311 1701 473 1768 accendere,
489 1717 541 1755 nec
549 1701 604 1755 nisi
620 1701 656 1756 ad
670 1701 835 1773 popularem
858 1685 1029 1758 litteram-B
1040 1717 1102 1757 rum
1117 1699 1212 1770 fregit,
1228 1695 1391 1769 praebendas
1402 1709 1499 1750 eorum
1512 1690 1649 1752 vendidit,
1669 1695 1699 1745 et
1711 1688 1781 1744 boue
1790 1704 1829 1742 eo·

197 1805 258 1845 ram
270 1805 371 1862 passus
385 1795 429 1844 ast
443 1789 580 1860 aspirare,
598 1807 633 1846 ne
651 1791 755 1862 regulae
768 1790 854 1862 rigor,
871 1796 900 1846 et
911 1791 999 1845 sciea-
1039 1805 1104 1846 rum
1116 1779 1244 1860 diripuit-
1260 1785 1401 1842 Indecum
1414 1783 1533 1838 aliona
1546 1779 1658 1837 litteras
1677 1777 1828 1849 accepisset,

196 1880 243 1934 tiae
257 1880 337 1950 vigor
350 1878 483 1934 redderet
497 1880 585 1934 eletos
600 1884 699 1935 contra
712 1897 752 1946 se,
767 1898 779 1931 ι
795 1887 852 1938 etc.
1041 1883 1070 1935 et
1082 1882 1115 1934 ιιι
1127 1878 1155 1933 in
1170 1875 1286 1931 concilio
1301 1890 1366 1930 curn
1382 1889 1429 1928 sex
1443 1887 1474 1927 se
1487 1873 1624 1943 purgaret
1638 1866 1829 1942 episcopatio

234 1968 303 2023 Cum
316 1969 431 2037 familia
446 1973 495 2022 lua
520 1985 683 2022 consumens
703 1971 772 2023 borsa
789 1969 998 2024 monachornm.
1041 1984 1117 2023 inam
1127 1966 1186 2022 ivit.
1206 1983 1220 2020 s
1234 1965 1269 2019 Et
1282 1967 1347 2036 post
1359 1963 1458 2026 multa,
1472 1959 1507 2015 de
1527 1957 1648 2014 concilio
1661 1960 1829 2028 corrgregato,

199 2054 388 2121 Quamobrem
404 2056 555 2112 concilium
569 2056 998 2129 Herdenseponrincetoannel,
1042 2055 1086 2111 cui
1102 2052 1268 2128 praesidebat
1292 2051 1375 2122 Hugo
1396 2048 1506 2105 Diensis
1530 2045 1689 2119 episcopus,
1712 2044 1829 2116 loquens,

199 2163 227 2200 ι.
237 2157 264 2198 c.
279 2143 334 2201 lid
350 2162 356 2198 :
375 2145 440 2199 «Ea
453 2161 515 2216 quae
528 2146 556 2199 in
574 2147 639 2216 jure
653 2146 816 2202 monasterii
832 2147 866 2201 de
881 2147 1000 2202 laculta-
1042 2143 1098 2198 ait:
1113 2141 1267 2215 «synodali
1273 2140 1380 2212 judicio
1396 2144 1439 2194 est
1452 2136 1597 2209 depositus
1606 2135 1764 2204 (Manassae)
1772 2133 1830 2204 quia

200 2233 277 2288 tibus
287 2233 487 2298 oderantur,in
499 2234 738 2290 nullodioecesana
749 2236 810 2306 lege
819 2234 854 2289 ab
864 2235 1002 2308 episcopis
1042 2250 1072 2288 se
1090 2248 1211 2305 purgare
1224 2230 1332 2298 noluit3
1348 2232 1409 2284 tum
1425 2227 1491 2300 quia
1503 2225 1680 2281 audientiam
1695 2223 1829 2288 Eduensis,

199 2322 409 2392 contingantur.
426 2342 441 2376 ιι
457 2323 563 2378 concil.
580 2323 820 2392 Herudlordense,
847 2325 891 2379 cui
907 2325 1005 2396 prasi·
1044 2321 1225 2386 Pictavensis,
1242 2327 1271 2376 et
1280 2319 1369 2392 ipsius
1384 2315 1580 2388 Lugdunensis
1594 2313 1798 2385 subterfugit.»

202 2409 288 2465 debat
299 2411 462 2466 Theodorus
477 2410 699 2479 Cantuariensis,
713 2413 798 2480 Hist,
814 2429 875 2485 cap.
892 2413 920 2481 5,
936 2429 1003 2484 prae-
1078 2415 1176 2480 Regius
1190 2427 1222 2465 cc
1235 2414 1326 2464 noster
1337 2410 1426 2474 isarno,
1446 2412 1499 2462 etc.
1515 2405 1547 2461 B.
1561 2405 1711 2460 Anselmus
1724 2401 1832 2458 tonab-

203 2498 338 2571 cipitcap.
348 2497 363 2555 3
373 2518 396 2552 :r
407 2500 566 2571 thueeque
577 2500 748 2556 monasteria
770 2501 821 2557 Dei
841 2509 1004 2557 consecrata
1043 2501 1094 2556 bas
1106 2499 1262 2565 Hennensis,
1274 2498 1322 2552 lib.
1338 2514 1357 2560 r,
1373 2497 1454 2569 epist.
1479 2494 1524 2564 lt,
1548 2495 1657 2550 iirrtum
1667 2491 1741 2548 istud
1752 2490 1833 2563 aperit

204 2587 275 2642 nulli
290 2587 485 2660 episcoporum
499 2589 582 2644 liceat
591 2606 624 2644 ea
635 2589 664 2644 in
675 2589 768 2662 aliquo
776 2591 933 2663 inquietare
943 2607 1004 2646 mo·
1048 2591 1087 2657 (ni
1103 2589 1199 2660 fallor)
1212 2589 1256 2644 his
1268 2586 1377 2643 verbis:
1392 2605 1404 2637 ι
1420 2585 1490 2641 Τιιιιι
1505 2583 1628 2640 crudelis
1637 2587 1751 2654 tamque
1764 2581 1834 2635 ellre·

204 2677 320 2745 nachos,
333 2693 385 2732 nec
398 2677 552 2750 quidquam
564 2678 709 2734 decorum
721 2680 804 2735 rebus
817 2680 952 2735 violenter
960 2679 1008 2734 ab·
1047 2687 1116 2735 nata
1128 2678 1334 2734 malitiosorum
1350 2675 1495 2731 hominum
1510 2674 1540 2729 iu
1552 2671 1673 2728 Francia
1692 2669 1834 2726 debaccha-

205 2765 343 2820 strahere.
361 2783 374 2818 ι
391 2765 419 2820 S.
438 2763 525 2826 Beda,
538 2766 602 2821 libr.
616 2784 651 2831 ιι,
663 2767 747 2834 Ηιει.,
760 2784 821 2839 rap.
837 2769 880 2824 iu«
892 2767 1008 2824 Discunt
1046 2775 1095 2825 tur
1109 2767 1228 2835 saevitas,
1240 2771 1273 2822 ut
1284 2781 1336 2821 nec
1348 2781 1404 2830 me,
1417 2780 1468 2819 nec
1476 2763 1600 2834 aliquem
1617 2761 1835 2826 monachum,aut

205 2853 388 2926 ergovelhoc
401 2853 476 2910 illius
499 2856 623 2927 episcopi
642 2857 768 2928 exemplo
793 2858 840 2930 qui
863 2858 892 2912 in
908 2874 1007 2912 mona·
1048 2858 1209 2930 quempiam
1221 2857 1346 2928 equitem
1359 2853 1479 2910 audeam
1487 2857 1567 2908 tento
1581 2851 1757 2906 committere
1771 2847 1835 2922 peri-

207 2943 324 2998 chorum
335 2943 482 3014 privilegia
508 2943 660 3010 oblatrant,
686 2944 886 3018 ludificantquc
905 2947 958 3001 bac
977 2945 1007 3000 in
1048 2947 1121 3004 culo.
1133 2948 1174 3002 Re
1188 2946 1264 3002 enim
1279 2961 1345 3000 vera
1357 2942 1489 2998 dominus
1499 2941 1638 2997 Rodulius
1651 2955 1714 2995 cum
1726 2945 1753 2994 te
1764 2937 1836 2992 redu-

207 3048 239 3087 re
248 3033 365 3088 Petrum
379 3033 545 3100 sententias,
556 3049 624 3089 num
638 3034 780 3089 immerito
796 3035 900 3090 summi
915 3003 1035 3090 Ponti·C
1049 3041 1094 3092 cto
1107 3036 1223 3099 rediret,
1239 3035 1268 3090 in
1283 3032 1523 3105 archiepiscopatu
1537 3029 1673 3086 Rernensi
1685 3044 1748 3084 cum
1757 3028 1837 3082 ismu-

208 3122 275 3177 lrces
288 3121 442 3176 identidem
454 3121 580 3176 eximant
594 3123 780 3192 monasteria;
797 3124 938 3179 enimvero
950 3127 1010 3195 pri·
1049 3126 1095 3189 lis,
1106 3125 1186 3197 equis
1196 3123 1297 3179 ablatis
1308 3121 1446 3184 omnibus,
1462 3125 1560 3192 captus
1572 3124 1626 3186 est,
1644 3132 1797 3190 quanquam
1811 3130 1837 3171 se

208 3213 312 3280 attegia
325 3209 496 3277 (Gallicanos
510 3211 655 3283 episcopos
668 3212 734 3267 olim
750 3212 947 3285 alloquebatur
958 3213 1009 3268 Ni·
1050 3214 1104 3271 sub
1118 3211 1319 3286 archiepiscopi
1341 3209 1487 3266 Remensis
1514 3207 1637 3263 tuitione
1651 3207 1692 3262 ire
1704 3207 1835 3262 clamaret.

209 3300 306 3355 colans
322 3300 345 3364 l,
360 3299 442 3371 epist.
458 3297 492 3356 32
507 3301 543 3353 ad
557 3300 702 3372 episcopos
725 3301 831 3372 Synodi
852 3303 1006 3374 Sylvaneet.
1051 3303 1105 3368 Qui
1120 3300 1283 3374 aliquandiu
1296 3299 1413 3365 detenti,
1431 3298 1475 3354 vix
1489 3297 1839 3368 tandemunoequoreten·

210 3387 262 3443 sub
275 3388 370 3457 linem)
395 3387 470 3442 sedis
492 3389 652 3459 apostolica
674 3391 796 3445 termina
823 3397 900 3456 sunt,
914 3395 957 3459 (ut
970 3392 1011 3446 ita
1050 3397 1090 3458 to,
1107 3391 1222 3446 relaxati
1233 3394 1308 3444 sunt.
1327 3410 1338 3442 a

210 3476 347 3546 dicamus)
364 3476 451 3531 totius
470 3475 598 3532 Ecclesia
618 3478 779 3548 catholica;
797 3479 952 3552 privilegia,
965 3480 1010 3535 in·
1087 3480 1378 3554 Rarnooum.ltonnay
1387 3493 1476 3550 pagus
1484 3481 1526 3540 (ut
1534 3473 1642 3549 opinorl
1653 3474 1708 3531 duo
1717 3468 1836 3528 milliaria

213 3580 308 3638 quam,
323 3564 408 3636 hujus
421 3564 550 3620 Ecclesiae
563 3566 720 3622 munimina
739 3573 806 3623 sunt
827 3569 902 3624 circa
916 3585 1013 3624 ornnes
1054 3570 1162 3626 distenm
1175 3585 1193 3624 a
1208 3568 1313 3626 Remis.

212 3654 335 3726 impetus
349 3653 548 3725 pravitatum.»
565 3656 600 3710 Et
613 3656 714 3711 Petrus
726 3657 866 3713 Blesensis
881 3659 916 3713 de
929 3659 1013 3730 privi·
1302 3675 1338 3714 ιιι
1352 3673 1506 3713 srisroanu
1521 3670 1593 3712 xxxi.

212 3741 295 3812 legiis
304 3741 460 3798 edisserens
470 3744 796 3817 monachorum,ep.68:s
806 3747 916 3803 Scimus
932 3747 1014 3820 cqui-
1088 3749 1223 3804 Mauritio
1232 3751 1361 3817 episcopo.
1372 3748 1413 3803 De
1423 3747 1591 3820 quodictuun
1604 3750 1649 3803 est
1661 3743 1696 3800 ad
1706 3737 1839 3815 epistolam

214 3833 279 3887 den
295 3831 369 3903 quod
379 3831 415 3886 ob
425 3832 548 3904 quietem
570 3835 814 3903 monasteriorum,
831 3837 1014 3910 etepiscopo-
1053 3835 1099 3906 25,
1113 3853 1175 3909 quea
1186 3836 1276 3892 eidem
1286 3835 1458 3893 inscribitur.

214 3936 277 3976 rum
291 3920 482 3992 tyrannidem,
498 3922 549 3976 bas
568 3924 758 3996 exemptiones
777 3926 943 3998 plerumque
962 3927 1015 3982 Ro-
1303 3943 1339 3982 nn
1353 3939 1506 3982 asrsroastt
1516 3929 1600 3981 xxxiv.

215 4009 293 4065 mani
306 4009 452 4082 pontillces
462 4010 652 4068 indulsemnt.
668 4031 680 4064 r
698 4013 758 4069 Nec
771 4014 886 4087 quidem
897 4022 1015 4087 prater·
1091 4015 1240 4083 doissrcdo,
1252 4015 1439 4072 siveGolirido
1449 4015 1622 4072 constantiae
1636 4015 1668 4072 iu
1681 4011 1841 4070 Nortbnan·

216 4098 325 4155 eundus
340 4105 384 4154 est
396 4099 474 4154 locus
489 4099 606 4172 insignis
621 4119 653 4156 ex
663 4103 781 4159 concilio
792 4104 884 4163 Tolet.
899 4103 1014 4173 rv,c.bl,
1055 4103 1249 4176 niaepiscopo.
1260 4104 1359 4160 Adiuit
1379 4104 1454 4160 inter
1465 4109 1581 4160 censos
1596 4103 1705 4177 Anglise
1720 4097 1841 4175 presules

216 4189 283 4261 quia
292 4188 440 4262 epistolam
454 4189 527 4244 banc
536 4195 625 4246 totam
639 4191 781 4248 illustrare
795 4192 1016 4250 videtur.rNun-
1056 4193 1174 4250 concilio
1183 4192 1385 4259 bondoniciam.
1395 4194 1427 4250 G.
1439 4191 1517 4250 1075.
1537 4191 1607 4250 Milo
1616 4193 1646 4249 in
1657 4193 1723 4248 visa
1733 4191 1763 4246 Β.
1776 4189 1841 4244 tan·

213 4278 318 4334 tiatum
333 4283 376 4334 est
390 4279 521 4349 prasenti
536 4280 652 4335 concilio
667 4281 742 4353 quod
762 4283 892 4338 monachi
907 4281 1153 4355 spisso-Diranci,
1168 4299 1229 4354 cap.
1243 4281 1285 4346 li,
1297 4299 1359 4354 pag.
1376 4279 1409 4339 13
1424 4301 1431 4350 ;
1448 4281 1606 4338 Goiiridum
1623 4281 1663 4338 sic
1677 4275 1841 4337 commendat

215 4367 274 4439 pali
283 4366 403 4439 imperio
417 4367 511 4422 servili
524 4369 603 4438 operi
613 4369 818 4441 mancipentur,
833 4376 862 4425 et
873 4372 939 4442 jura
953 4389 1015 4427 mo·
1056 4371 1321 4438 Ordericusnoster,
1330 4371 1379 4426 lib.
1391 4389 1415 4427 ιι
1428 4370 1503 4427 Hist.
1512 4389 1577 4444 pag.
1587 4370 1653 4429 523:
1667 4391 1679 4424 r
1697 4365 1841 4426 Gauimdus

216 4457 417 4522 austeriorum,
426 4461 525 4511 eontra
534 4456 665 4518 irratitutn
675 4473 825 4523 canonum,
836 4459 934 4514 illicita
947 4478 1016 4532 prae-
1056 4459 1280 4518 (icnstantiensis
1292 4461 1438 4532 episcopus
1448 4461 1484 4516 de
1498 4459 1841 4516 nobiliNorthmanaorum

217 4544 378 4616 sumptione
389 4551 572 4615 usurpantur,
588 4546 629 4601 iia
642 4553 675 4602 ut
684 4563 756 4619 pene
772 4564 805 4602 ex
818 4549 945 4604 coenobio
954 4565 1016 4622 pos·
1057 4549 1192 4620 progenie
1206 4555 1296 4612 ortus,
1313 4549 1361 4621 qui
1376 4550 1525 4605 certamini
1538 4548 1668 4605 Senlacio
1684 4547 1774 4603 fautor
1785 4554 1842 4596 acer

216 4633 303 4690 sessio
314 4635 373 4700 ilat,
394 4635 488 4688 autern
499 4634 616 4690 illustris
629 4637 721 4707 portio
732 4637 836 4692 Christi
849 4637 884 4693 ad
893 4638 1016 4709 ignomi·
1058 4644 1088 4692 et
1100 4637 1260 4693 consolator
1271 4637 1409 4706 interfuit,
1436 4645 1464 4695 et
1486 4638 1551 4694 aliis
1570 4635 1752 4702 conflictibus,
1764 4653 1777 4686 r
1793 4635 1839 4685 etc·

217 4723 294 4778 niam
315 4722 534 4794 servitutemque
565 4724 704 4780 deveniat.
719 4725 895 4798 Quapropter
921 4733 1015 4794 am
1057 4729 1139 4793 item,
1152 4726 1202 4782 lib.
1219 4740 1259 4793 ιιι,
1275 4743 1339 4798 pag.
1356 4723 1431 4782 tta:
1451 4727 1586 4782 «Eodem
1606 4733 1733 4798 tempore
1746 4719 1841 4778 North-

217 4825 428 4868 monemus'eos
443 4811 491 4883 qui
506 4813 636 4870 Ecclesiis
653 4819 787 4886 praesunt,
803 4820 835 4870 ut
862 4815 937 4871 ultra
946 4817 1015 4872 talia
1057 4815 1171 4871 mannia
1183 4815 1316 4887 preclare
1344 4815 1455 4886 vigebat
1478 4815 1652 4889 sapientibus
1673 4811 1841 4870 ecclesiarum

172 4934 177 4944 .
217 4916 275 4956 non
286 4907 469 4972 praesumant,
484 4919 498 4956 a
514 4906 571 4961 etc.
1055 4904 1179 4977 praelatis
1197 4909 1227 4959 et
1240 4903 1443 4976 optimatibus3
1468 4921 1534 4960 uun
1560 4919 1640 4960 sacer
1665 4899 1842 4959 Mauritiusex

474 5008 510 5046 ιιι
528 5006 679 5047 arrsrocnu
693 5007 758 5047 xxx.
1056 4992 1195 5049 monacho
1211 4993 1445 5065 metropolitanus
1466 4993 1635 5066 presidebat
1648 4989 1782 5048 canedra
1795 4985 1842 5040 Ro·

251 5079 581 5148 lismenriarcbiepiscopo
589 5081 903 5137 Manassillocnomine
912 5083 1014 5157 primo;
1056 5082 1244 5153 thornagensi,
1261 5087 1312 5137 etc.
1330 5082 1487 5138 Goisiridus
1502 5080 1718 5148 constantiensi,
1734 5071 1842 5132 »etone

216 5168 446 5242 quemobitersic
454 5169 619 5241 perstringit
630 5169 774 5225 ilibericus
784 5169 973 5227 cistertiensis
985 5173 1015 5226 in
1056 5171 1182 5237 tandem,
1194 5170 1242 5226 lib.
1260 5185 1296 5235 ιι,
1308 5187 1371 5243 pag.
1388 5169 1451 5226 514.

215 5258 487 5314 Chronicouondum
506 5259 592 5324 edito,
603 5258 638 5313 ad
655 5275 721 5314 ann.
739 5256 821 5318 1070:
842 5280 853 5312 ι
871 5261 1015 5316 Manasses
1093 5259 1587 5329 ercmnr'sadbuepmlessanonsr‘nt.
1603 5259 1712 5315 Priscus
1722 5271 1779 5312 mos
1792 5250 1841 5306 luit

214 5348 247 5402 lit
257 5348 404 5421 episcopus
411 5347 568 5415 flamensis,
579 5354 609 5402 et
617 5348 696 5403 sedet
707 5363 795 5404 annos
812 5347 861 5418 163
876 5349 1016 5405 illiusfuit
1055 5349 1187 5421 religiose
1206 5346 1377 5411 observatus,
1406 5352 1438 5403 ut
1459 5348 1502 5403 nir
1516 5347 1649 5404 nimirum
1664 5351 1713 5402 aut
1734 5341 1839 5407 semina,

214 5435 352 5492 Manassis
367 5437 452 5493 Galsa
458 5438 545 5493 Asina
565 5437 656 5492 dictus
672 5453 705 5491 ex
716 5437 841 5494 Beatrice
850 5438 885 5494 de
900 5438 1012 5494 Roceio.
1054 5440 1246 5509 cujuscunque
1258 5441 1348 5493 status
1361 5437 1405 5492 vel
1414 5436 1583 5494 conditionis
1591 5436 1747 5501 existerem,
1763 5426 1839 5489 simul

213 5524 255 5580 De
268 5541 405 5596 quecun.
435 5525 514 5596 10³1,
529 5527 631 5585 iratres
656 5524 740 5598 hujus
763 5525 902 5583 Manassis
923 5527 1013 5600 petris
1054 5531 1207 5584 sevestem
1220 5527 1413 5588 monachalem
1440 5525 1607 5598 induissent,
1627 5541 1677 5583 sau
1697 5538 1748 5607 pro
1761 5515 1836 5588 altari
