4058 6180
155 271 193 336 89
514 271 604 336 nott.
624 277 730 338 LUOAE
750 278 926 338 nlenten
945 277 1054 338 NOTAE
1074 278 1119 336 ur
1137 273 1444 337 OBSERVA'HONES.
1763 267 1799 334 90

159 403 190 458 in
209 419 270 488 qua
291 399 353 460 illos
374 401 483 460 invenit
503 405 566 478 plus
585 421 665 479 aquo
683 407 799 474 versari,
826 407 955 474 erexerit,
965 409 1084 478 Aporro
1102 407 1226 478 seipsum
1240 406 1272 460 Β.
1290 404 1439 460 Lenfranci
1459 401 1637 528 discipulum,
1653 400 1703 458 lib.
1717 413 1739 458 ii
1752 401 1794 486 De

159 490 295 546 omnique
317 481 420 530 sanctie
443 477 661 532 conversationis
680 479 794 532 tramite
814 478 956 544 imbuerit,
1000 483 1175 532 sacramento
1190 475 1516 542 altariaantemedium,
1547 473 1794 530 isverbiseratis

159 561 202 612 ac,
220 547 408 618 multiplicato
427 556 524 602 eorum
535 565 662 612 numero,
680 565 736 619 qua
750 566 796 604 eos
811 550 877 604 dum
893 549 959 604 vixit
999 556 1094 604 tamen
1116 549 1185 602 milii
1197 548 1320 618 placeret
1333 553 1374 614 ut,
1391 547 1503 619 quando
1515 545 1610 617 aliqua
1621 545 1796 616 negligentia

158 615 334 687 benignitate
347 617 509 678 confoverit.
525 619 570 674 cui
583 636 709 690 unquam
729 621 765 674 ad
799 621 893 674 lenum
909 621 959 674 de·
998 619 1042 674 vel
1061 625 1136 674 certe
1160 619 1327 674 miraculum
1352 635 1455 672 novum
1481 618 1515 672 de
1538 617 1625 672 tantis
1653 616 1795 688 mysteriis

158 688 267 742 clarare
295 689 428 760 possibile
457 690 529 744 criti
553 709 566 743 r
590 691 727 745 Mathteus
792 696 956 746 estmonast.
999 691 1108 756 accidit,
1123 690 1151 744 id
1165 689 1230 744 inde
1245 691 1324 743 fieret
1339 687 1737 760 quodmihimagistermcus,
1753 686 1796 742 vii·

157 758 245 826 Flor,
259 759 296 813 ad
310 775 357 814 aii.
374 758 457 816 1077.
472 759 524 815 Ubi
539 761 573 815 de
587 761 675 816 Paulo
685 761 785 815 abbate
794 763 822 816 S.
831 761 933 816 Albani
950 779 956 814 :
999 761 1118 816 eximius
1132 761 1193 815 sine
1207 759 1381 814 dubitatione
1392 759 1547 814 credendus
1561 759 1595 814 D.
1611 757 1794 822 Lenfrancus,

159 848 172 878 ι
193 830 249 883 Per
263 831 368 900 ipsum,
390 835 465 884 totus
483 831 553 886 ordo
568 833 741 886 monasticus
754 833 782 887 iii
797 833 839 886 iln
861 833 899 888 lia
912 849 958 887 re·
999 848 1127 903 sapuero
1142 831 1268 886 initalia
1285 831 1390 886 lactum
1404 846 1465 884 esse
1475 829 1608 892 narravit,
1627 847 1639 880 i
1654 833 1706 883 ete.
1717 830 1797 884 Inter

158 850 957 971 llondt,coadjuvanteLanfmnco.»Guillelm.Maffmesb.‚
998 903 1144 958 inferiores
1176 902 1325 974 discipulos
1354 900 1469 956 minime
1495 905 1538 954 est
1566 900 1796 954 annumerandus

157 970 207 1024 lib.
223 972 288 1026 ille
302 977 373 1042 gest.
385 972 499 1036 Pontii,
514 973 560 1028 lol.
579 973 832 1040 istriensem
852 975 956 1040 ulatur,
999 991 1118 1044 magnus
1133 975 1180 1029 lvo
1194 971 1375 1030 carnotensis
1389 971 1534 1044 episcopus
1546 989 1552 1024 :
1563 973 1603 1026 At
1612 987 1647 1026 ne
1655 970 1796 1041 aliquibus

157 1045 185 1120 et
197 1042 317 1096 tandem
331 1043 472 1097 concludit
483 1043 527 1098 his
545 1044 637 1099 verbis
653 1064 659 1099 :
679 1063 693 1097 ι
708 1046 780 1100 Sunt
794 991 876 1100 hagie
891 1043 958 1115 (sci-
999 1043 1182 1100 dubitationis
1195 1043 1324 1098 nonnihil
1334 1042 1504 1104 suboriatur,
1519 1041 1660 1113 ipsissima
1682 1039 1798 1098 llobeiti

156 1112 222 1166 licet
235 1113 455 1170 cantuarienses
464 1115 603 1185 monachi)
613 1115 743 1188 ampliori
754 1132 838 1187 quam
849 1117 959 1187 uspiam
1000 1116 1034 1171 de
1043 1115 1295 1185 Monteverbajam
1304 1113 1562 1196 primumevulgare
1570 1113 1798 1167 delectatszor·

156 1182 277 1253 nngiiae,
293 1189 326 1238 ut
340 1185 429 1248 decet,
452 1201 579 1252 numero,
591 1187 715 1258 religone
730 1187 960 1242 Cluniacensibus
1000 1191 1066 1241 tuus
1079 1193 1121 1240 est
1133 1187 1185 1240 lioc
1200 1202 1284 1250 anno,
1305 1185 1407 1256 inquit,
1421 1185 1462 1239 vir
1482 1183 1630 1254 religiosus
1646 1187 1674 1238 et
1687 1199 1797 1252 magnae

159 1269 216 1307 non
241 1254 280 1308 im
302 1270 375 1308 ares.
394 1275 404 1306 ι
423 1255 510 1310 Plura
525 1257 553 1310 iii
572 1257 648 1312 hunc
665 1259 782 1313 moduni
803 1259 864 1314 vide
886 1257 961 1330 apud
1000 1253 1798 1326 litteraturm,lv0(iarnctensisepiscopusliicdumesset

157 1324 274 1380 Matliaei
312 1326 398 1379 aridis
417 1327 491 1381 Hist.
509 1328 617 1383 ultimas
635 1329 702 1383 edit.
724 1329 909 1384 bondoniens.
934 1334 963 1382 et
1000 1329 1122 1400 juvenis,
1146 1328 1253 1382 audivit
1274 1327 1441 1397 magistrum
1464 1325 1650 1381 Lenlrancum
1674 1323 1797 1394 priorem

158 1395 248 1448 Paris.
261 1397 291 1450 in
305 1396 378 1450 Vitis
393 1396 526 1452 abbatum
540 1399 569 1453 S.
581 1399 691 1466 Albani,
705 1400 736 1454 iii
746 1401 811 1454 Vita
828 1400 907 1454 Pauli
917 1415 963 1454 xiv
1006 1399 1093 1462 Bocci,
1106 1400 1140 1453 de
1157 1400 1266 1454 saecular
1273 1398 1335 1452 ibus
1350 1402 1379 1451 et
1393 1397 1494 1451 divinis
1513 1397 1615 1450 litteris
1629 1399 1799 1449 tractantem

158 1465 280 1520 abbatis.
302 1469 369 1521 lure
393 1469 494 1523 merito
516 1485 583 1524 sane
606 1471 674 1524 totis
695 1470 800 1526 viribus
818 1471 854 1525 ad
873 1469 961 1525 stabi·
1003 1468 1033 1524 iii
1048 1470 1097 1524 illa
1111 1469 1219 1524 famosa
1232 1469 1328 1523 schola
1352 1484 1437 1539 quam
1461 1468 1540 1522 Becci
1563 1466 1672 1530 tenuit3
1689 1465 1718 1519 in
1742 1481 1799 1535 qua

159 1537 287 1592 liendum
318 1538 472 1610 disciplinae
498 1541 659 1596 monasticae
682 1541 807 1611 vigorem
834 1541 962 1596 incubuit
1001 1541 1084 1595 multi
1107 1546 1137 1594 et
1158 1540 1305 1596 nobilitate
1318 1537 1455 1604 smculari,
1480 1543 1509 1592 et
1527 1538 1673 1592 honestate
1688 1551 1800 1590 morum

159 1608 454 1664 sanctusLanlrancus
468 1611 562 1666 divino
575 1611 683 1682 Spiritu
692 1613 809 1680 ductus-3
821 1613 960 1682 siquidem
1001 1617 1192 1666 convenemnt
1204 1611 1256 1664 viri
1269 1610 1389 1692 praediti,
1400 1615 1429 1663 et
1442 1609 1490 1679 qui
1504 1615 1601 1680 postea
1611 1609 1645 1662 ad
1656 1622 1799 1662 summum

159 1680 243 1732 simul
254 1685 444 1762 atqueerecto
455 1683 568 1737 tramite
580 1683 725 1737 deviavere
735 1685 874 1749 monachi,
884 1684 960 1754 igno·
1001 1683 1109 1752 apicem
1124 1682 1317 1737 ecclesiastica
1337 1680 1482 1805 dignitatis
1496 1685 1525 1733 et
1538 1678 1682 1749 religIonis
1696 1678 1799 1759 attige-

158 1751 263 1814 rantia,
280 1751 350 1804 vitia
359 1751 640 1822 omnigena,haeresis
654 1755 790 1809 scaturire
804 1759 958 1825 cmperunt,
968 1763 991 1823 Β
1001 1759 1077 1808 runt.
1094 1755 1196 1808 Postea
1208 1769 1273 1807 vero
1287 1753 1361 1806 idem
1389 1767 1421 1805 vo
1435 1749 1555 1832 prefuit,
1573 1758 1601 1803 et
1614 1749 1720 1820 proluit
1731 1764 1798 1802 con·

159 1827 187 1874 et
199 1827 325 1888 econtra,
335 1822 402 1876 dum
409 1824 553 1878 monachis
560 1825 637 1878 cordi
645 1825 699 1879 suit
705 1831 795 1880 status
802 1826 959 1896 religiosum
1000 1824 1097 1878 ventui
1110 1824 1308 1878 canonicorum
1322 1822 1494 1892 regularium
1507 1821 1535 1875 S.
1552 1819 1679 1884 Quintini
1699 1818 1798 1872 Belia·

159 1892 306 1963 utiquam
327 1893 434 1964 optime
458 1900 487 1948 et
509 1895 665 1950 luculenter
688 1896 788 1967 probat
810 1896 961 1951 cardinalis
1002 1895 1103 1952 censis.
1118 1895 1161 1949 ild
1173 1896 1305 1949 ultimum
1315 1894 1461 1964 episcopus
1471 1891 1559 1946 lactus
1568 1888 1798 1944 rexitEcclesiam

159 1963 341 2018 Baroniusad
350 1981 397 2018 aii.
409 1962 462 2020 703
473 1965 507 2019 de
516 1967 692 2022 sanctissimo
702 1966 802 2022 abbate
811 1967 962 2022 Benedicta
1003 1967 1206 2021 carnotensem
1229 1965 1347 2019 viriliter
1364 1968 1394 2018 et
1411 1962 1550 2033 religiose,
1574 1963 1632 2015 lere
1647 1975 1799 2032 perennes

160 2049 257 2103 agens,
269 2035 315 2088 cui
330 2051 487 2104 cognomen
502 2037 635 2108 Biscopus
653 2044 716 2092 crat
733 2057 738 2092 :
758 2059 768 2090 ι
791 2040 878 2092 Porro
889 2039 962 2108 ejus·
1002 2037 1047 2104 23,
1062 2056 1073 2089 i
1088 2043 1141 2092 etc.
1164 2037 1225 2092 lluc
1241 2051 1330 2107 usque
1345 2032 1484 2089 Robeitus
1498 2033 1527 2088 in
1543 2031 1681 2088 Chronico
1695 2047 1748 2088 ms.
1764 2027 1800 2086 ad

159 2104 962 2180 modiluridatoretellaturille)propagatusestindiiglia
1003 2125 1048 2162 an.
1067 2107 1145 2164 1517.

159 2175 280 2230 mirifice
288 2177 549 2242 monachismus,ut
562 2180 644 2250 plane
660 2180 752 2234 insula
760 2179 818 2245 illa,
826 2180 867 2234 ita
876 2180 962 2234 divini
1040 2179 1084 2247 (⁴⁴)
1107 2181 1207 2234 Fertur
1229 2181 1371 2233 annalem
1393 2177 1425 2232 de
1445 2176 1532 2244 digito
1553 2175 1714 2229 extremisco.
1740 2171 1800 2228 Hac

162 2246 286 2316 Spiritus
315 2247 452 2302 imbribus
479 2249 605 2320 irrigata,
633 2250 684 2304 Dei
711 2255 785 2304 esset
814 2251 962 2322 paradisus
1002 2243 1798 2322 annulidepositione,nonitaobscuresignisicarevoluit,

161 2319 277 2384 ellecta3
294 2333 311 2371 a
332 2318 369 2372 ud
384 2335 470 2389 quam
486 2320 554 2374 dum
569 2321 727 2376 monastica
737 2322 827 2392 viguit
840 2322 960 2393 integra,
1002 2327 1035 2376 ut
1050 2321 1158 2392 opinor,
1175 2321 1273 2392 quanti
1289 2320 1440 2374 monachos
1462 2321 1614 2372 Beccenses
1629 2313 1755 2378 haberet,
1772 2319 1801 2368 et

162 2387 191 2440 iii
211 2389 291 2442 nulla
310 2335 377 2444 fissa
391 2390 548 2461 disciplina,
567 2392 645 2446 nulla
657 2392 693 2446 ad
708 2409 769 2446 eain
785 2393 899 2448 haeresis
919 2409 963 2446 ac·
1002 2392 1074 2446 nihil
1086 2392 1231 2464 sapientia
1241 2407 1298 2445 suae
1309 2391 1364 2445 illis
1375 2388 1581 2453 occultandum,
1597 2386 1653 2440 imo
1664 2391 1800 2456 tanquam

160 2475 271 2512 cessum
287 2459 391 2514 babere
406 2462 572 2532 potuit;illa
585 2462 961 2534 verolaxataatqucsoluta,
1003 2463 1067 2518 siliis
1080 2463 1188 2518 idoneis
1202 2463 1335 2518 doctrinae
1359 2477 1415 2514 suae
1436 2459 1553 2522 monita,
1569 2461 1800 2538 sacramentaque

160 2530 277 2584 redacta
291 2535 335 2585 est
347 2537 426 2585 terra
439 2532 581 2588 fructifera
594 2533 624 2588 iii
639 2534 809 2606 salsuginem
822 2534 963 2588 amalitia
1003 2533 1252 2596 subministranda,
1277 2537 1306 2586 et
1328 2532 1355 2586 id
1397 2531 1490 2586 uidem
1516 2547 1549 2585 ex
1565 2528 1801 2600 consequentibus

160 2600 353 2655 habitantium
363 2603 394 2655 iii
413 2619 446 2656 ea
457 2607 540 2670 (Psel.
557 2607 620 2674 cvi).
636 2606 702 2659 ilta
713 2606 851 2660 Beronius
865 2605 963 2676 utique
1003 2605 1094 2659 verbis
1108 2605 1232 2659 indicare
1245 2603 1366 2658 videtur.
1406 2601 1612 2656 nimverointer
1626 2606 1798 2670 caeteraque

160 2687 217 2724 non
233 2673 399 2727 monachus.
414 2673 593 2744 Perpen'dsint
617 2675 676 2730 haec
702 2681 792 2730 status
815 2676 962 2730 monastici
1004 2676 1120 2730 denotat
1134 2675 1268 2748 mysteria
1286 2673 1407 2729 annulus
1421 2673 1597 2744 episcopalis,
1612 2671 1724 2742 signum
1739 2685 1801 2724 esse

161 2758 259 2796 osores
270 2743 330 2810 illi;
345 2749 373 2797 et
385 2760 497 2817 semper
514 2746 661 2800 calumniae
670 2747 746 2801 virus
763 2754 922 2802 evomentes
932 2748 962 2801 in
1003 2746 1170 2818 pontificalis
1197 2746 1320 2808 honoris,
1344 2751 1372 2799 et
1395 2744 1572 2815 signaculum
1602 2741 1796 2806 secretarium,

161 2814 268 2884 eosqui
279 2814 372 2868 etvita
384 2819 413 2868 et
429 2815 552 2871 moribus
563 2818 620 2871 Dec
629 2818 738 2888 placere
747 2834 811 2872 cuin
819 2818 959 2884 studeant,
1002 2819 1086 2872 docet
1096 2818 1229 2890 Isidorus,
1238 2835 1270 2871 ca
1293 2815 1354 2882 .l8,
1366 2816 1394 2869 in
1405 2815 1529 2870 Exodum
1542 2833 1570 2868 :‹
1582 2813 1661 2868 Unde
1672 2811 1799 2882 quaedam

160 2883 361 2956 indisciplina
381 2887 506 2956 regulari
526 2889 704 2942 resarcienda
727 2905 838 2942 omnem
859 2895 963 2943 navant
1002 2834 1324 2959 minusintelligentibus
1337 2887 1509 2941 occultantes
1518 2883 1646 2954 laitipse)
1655 2882 1735 2964 quasi
1749 2880 1801 2936 sub

161 2971 289 3025 operam,
311 2961 396 3027 atque
416 2958 452 3011 ad
468 2957 572 3012 Christi
591 2959 702 3013 Domini
723 2959 912 3014 imitationem
934 2964 963 3014 et
1003 2957 1496 3030 signaculoreconduntdoctoros,ne
1504 2955 1627 3024 indignis
1637 2954 1795 3024 quibusque

163 3027 544 3090 amorem,saeculoaddietos
553 3029 684 3101 pellicere
694 3031 867 3085 contendunt
878 3030 961 3086 verbo
1003 3031 1055 3085 Dei
1083 3036 1259 3084 sacramenta
1282 3028 1442 3084 credantur.
1469 3046 1480 3079 i
1511 3025 1644 3081 Rabanus
1672 3024 1799 3092 lllaums,

162 3103 192 3149 et
200 3097 340 3168 exemplo.
354 3098 480 3154 Audierit
498 3101 539 3154 illi
554 3101 598 3155 vel
612 3101 759 3155 concilium
774 3101 1051 3176 Lateranenseclib.
1069 3115 1079 3155 i
1095 3102 1135 3156 De
1154 3101 1243 3155 instit.
1257 3100 1361 3157 cleric..
1383 3115 1444 3170 cap.
1456 3099 1482 3153 l.
1502 3115 1515 3148 <i
1533 3098 1623 3151 Datur
1635 3099 1664 3149 et
1678 3093 1800 3148 annulus

162 3166 216 3220 sub
230 3167 368 3223 Alexand.
382 3169 432 3237 111,
444 3177 517 3241 part.
528 3172 684 3242 xiii,cap.3
698 3193 704 3228 :
722 3189 736 3224 c
751 3171 925 3244 Religionem
937 3173 962 3228 si
1002 3178 1118 3244 propter
1131 3171 1243 3242 signum
1258 3168 1427 3242 pontificalis
1434 3168 1559 3233 honoris,
1574 3168 1617 3221 vel
1632 3167 1744 3236 signum
1755 3179 1801 3219 se-

161 3237 236 3292 sorte
257 3255 315 3293 non
334 3237 471 3295 habemus
492 3243 521 3296 iii
544 3242 635 3310 iiobis,
656 3242 685 3296 in
709 3241 771 3296 aliis
795 3243 911 3314 diligere
934 3249 963 3298 et
1002 3249 1154 3310 cretosum,
1169 3261 1182 3294 i
1198 3249 1251 3297 etc.

161 3308 256 3363 lovere
267 3317 407 3366 tenemur.
427 3331 439 3364 i
1037 3313 1157 3384 (⁴⁵)Onm
1166 3314 1304 3382 fratribus
1318 3315 1351 3367 in
1365 3315 1485 3368 clanstro
1492 3312 1560 3366 sedit
1569 3309 1799 3378 archiepiscopus.

199 3380 245 3448 (ῃ)
257 3382 330 3437 Olim
343 3386 510 3452 contemptui
523 3385 557 3438 eb
571 3387 719 3451 universis,
731 3390 756 3439 et
765 3387 872 3440 derisni
886 3387 962 3440 tele·
1007 3385 1210 3457 Receptissima
1219 3381 1802 3452 initistaconsuetudoapudveterescoeno·

162 3451 257 3506 batur.
277 3453 320 3507 lta
343 3452 372 3506 in
393 3455 453 3524 ejus
471 3455 536 3509 Vita
550 3461 623 3526 post,
645 3456 767 3523 initium,
791 3457 962 3528 appendicis,
1004 3455 1078 3511 bites
1099 3461 1131 3510 ut
1154 3457 1312 3510 litterarum
1335 3453 1428 3508 studio
1452 3459 1480 3507 et
1499 3450 1583 3506 rebus
1607 3448 1802 3505 ecclesiasticis

162 3538 229 3592 1²²8·
246 3520 290 3578 33·
1005 3545 1021 3582 o
1042 3543 1118 3582 eram
1133 3532 1270 3581 navarent
1291 3525 1321 3579 in
1344 3525 1476 3578 claustro.
1494 3524 1528 3578 Et
1542 3523 1570 3577 id
1584 3522 1671 3576 moris
1687 3519 1801 3592 quidem

200 3591 243 3661 ιω)
255 3595 344 3648 netas
355 3597 646 3652 westmonasteriensis
657 3599 794 3654 dilueres
807 3599 962 3667 Crispinus.
1004 3545 1068 3670 pfus
1080 3603 1142 3652 octo
1154 3597 1261 3652 seculis
1275 3611 1468 3668 perseverasse
1482 3598 1612 3649 constans
1627 3597 1671 3647 est
1681 3591 1801 3662 scripto·

162 3663 254 3744 Quem
269 3667 398 3721 nonnulli
410 3667 623 3739 obsingularem
638 3685 671 3724 ac
682 3670 763 3724 multi
784 3669 865 3724 licem
876 3669 964 3723 scien·
1004 3685 1068 3724 rum
1083 3669 1237 3735 sentcntia;
1248 3667 1322 3738 quod
1338 3671 1367 3720 et
1379 3671 1539 3738 pervetusta
1552 3663 1707 3735 praedicant
1722 3677 1800 3743 esee·

162 3740 269 3788 tiarum
293 3737 434 3802 notitiam,
451 3745 615 3810 nuncupant
628 3687 830 3796 Universafiem.
851 3739 965 3794 Gilber-
1004 3741 1086 3794 teria.
1111 3738 1153 3793 Ab
1176 3739 1304 3809 ingressu
1322 3737 1437 3792 claustri
1456 3737 1602 3792 saculares
1625 3734 1692 3789 olim
1713 3749 1803 3788 arceri

161 3811 224 3858 tum
237 3807 415 3863 laudavimus
428 3809 519 3873 initio,
533 3827 597 3881 pag.
613 3811 640 3866 l.
1004 3810 1105 3882 probat
1119 3810 1270 3864 Menardus
1284 3815 1381 3863 noster
1390 3809 1419 3862 in
1430 3807 1612 3863 Concordiam
1627 3804 1800 3876 regularum,

183 3875 247 3957 ¹(⁸0l
270 3879 359 3932 ilibas
382 3881 574 3935 cormeliensis
600 3883 761 3938 Willelmus.
782 3881 893 3940 Tertius
911 3881 964 3936 tun
1005 3899 1066 3952 cap.
1082 3880 1126 3948 55,
1139 3880 1186 3935 sol.
1202 3879 1288 3938 808.«
1304 3879 1341 3934 ut
1358 3897 1394 3935 ne
1405 3879 1519 3942 fratres,
1541 3876 1643 3947 inquit,
1665 3877 1802 3956 intertur3

164 3947 290 4016 eiusdem
314 3950 431 4004 coenobii
451 3951 681 4009 archimandrita.
697 3955 737 4009 De
758 3953 806 4008 illo
821 3953 880 4024 agit
897 3953 963 4007 Milo
1004 3951 1149 4018 barentur,
1174 3965 1230 4006 non
1261 3949 1381 4005 dabatur
1415 3949 1494 4022 copia
1521 3947 1660 4003 extrancis
1691 3945 1801 4016 ingredi

163 4020 945 4158 rin³itteris{terrineamtl..
1004 4023 1343 4150 {litteraliter
1358 4019 1801 4148 sertimintimi·

165 4141 247 4214 Hunc
261 4160 354 4231 ipsum
367 4163 443 4217 illius
463 4164 591 4218 Ecclesiae
631 4165 733 4220 riorem
757 4165 869 4220 invenio
889 4139 964 4246 apud
1005 4165 1047 4219 vel
1060 4165 1090 4218 iri
1102 4135 1224 4236 reliquas
1246 4133 1389 4235 regulares
1411 4131 1510 4218 domos
1529 4160 1623 4215 nullus
1637 4126 1803 4240 clericorum

165 4229 393 4311 D.·Anselmum,
409 4233 457 4288 lib.
474 4249 493 4297 i,
508 4234 589 4306 epist.
611 4183 654 4302 gl,
671 4238 716 4292 cui
731 4236 790 4291 liaec
803 4235 964 4290 inscribitur
1006 4241 1057 4290 aut
1072 4235 1207 4290 laicorum
1221 4234 1408 4304 ingrediatur,
1423 4233 1477 4288 nisi
1489 4236 1538 4286 aut
1553 4247 1638 4284 causa
1646 4245 1739 4299 operis
1753 4227 1802 4281 ali-

166 4303 408 4428 gpfflgsvelpti
419 4309 450 4428 etl
454 4304 506 4387 lib.
516 4319 547 4430 1¹1,
557 4305 674 4431 epistopa
688 4307 734 4431 l}
749 4307 799 4361 Vir
812 4307 867 4362 suit
876 4305 965 4360 omni·
1005 4305 1274 4432 eupasiautnvideilidi
1285 4306 1396 4429 Ιιῒίοιηοεῒ,
1405 4311 1438 4359 ut
1452 4299 1802 4427 liplneptilkpispliitgtgacffle

319 4391 424 4429 iasicis
453 4392 501 4429 isci
533 4393 588 4430 ims
602 4394 645 4432 ins
659 4395 709 4432 ruc
723 4395 765 4437 us.
1005 4393 1082 4432 soen
1100 4396 1136 4430 .i
1179 4391 1334 4430 ecausro
1364 4391 1379 4429 a
1414 4391 1473 4429 uei
1496 4391 1523 4428 iu
1790 4397 1803 4409 ·

168 4513 174 4523 Ι
203 4441 245 4514 (⁴¹)
258 4445 410 4500 Hernostes
419 4393 549 4514 lloffengis
560 4448 683 4504 Ecclesia
697 4453 843 4519 episcopus.
859 4449 964 4520 Deque
1005 4448 1083 4502 ribus
1096 4447 1194 4503 eodem
1208 4447 1269 4502 loco
1283 4393 1445 4504 Meriardffis.
1613 4389 1631 4442 q
1725 4386 1757 4448 'p

166 4529 195 4566 in
209 4514 292 4619 {pist
308 4514 353 4570 57.
973 4508 998 4566 D
1041 4518 1086 4587 (⁴⁰)
1098 4519 1264 4574 Xenodocliio
1274 4509 1805 4587 vetptoeliotropliia.Etquiahmc,velut

199 4587 212 4654 (
237 4587 306 4656 )Vir
312 4591 457 4642 sanctitate
465 4591 615 4644 admodum
625 4591 964 4659 reserendnsdnndnlsns.
1007 4589 1097 4644 obiter
1110 4595 1238 4644 recenset
1252 4589 1329 4652 Milo,
1340 4595 1456 4644 ornatus
1467 4588 1573 4659 aliquid
1581 4591 1609 4641 et
1618 4585 1688 4640 lucis
1705 4583 1805 4638 alierre

167 4655 305 4726 legende
319 4659 516 4715 adnotationes
532 4661 567 4715 ad
578 4661 660 4733 epist.
677 4661 724 4718 lt.
1007 4660 1078 4715 Vitae
1093 4660 1188 4730 magni
1204 4660 1353 4714 Lanlranci
1372 4659 1504 4724 arbitror,
1524 4659 1549 4713 si
1572 4657 1656 4712 verba
1672 4654 1802 4710 Eadmeri

203 4727 249 4798 (⁴³)
262 4729 301 4783 lli
309 4733 429 4798 jacente
442 4732 491 4784 liei
508 4735 602 4800 pretia
622 4735 654 4786 in
674 4733 797 4787 drocensi
811 4733 930 4786 Ecclesia
948 4747 966 4784 e
1007 4731 1091 4797 Hist,
1118 4731 1166 4785 lib.
1187 4745 1206 4795 i,
1231 4731 1278 4784 iol.
1294 4730 1311 4787 il
1325 4732 1370 4786 liic
1392 4737 1535 4786 attexere:
1557 4730 1646 4783 «Hoc
1667 4726 1803 4799 palatium

168 4801 966 4873 magistrolensroneoedceti.Nonsolumquoshiccom·
1006 4803 1035 4857 in
1058 4804 1113 4857 duo
1135 4801 1237 4868 divisit,
1260 4801 1335 4856 viros
1357 4801 1486 4857 videlicet
1508 4801 1592 4855 variis
1605 4798 1804 4854 infirmitatum

168 4875 309 4923 memorat
321 4871 388 4925 Milo
403 4871 558 4943 Crispinus,
568 4889 667 4928 verum
686 4881 715 4927 et
727 4874 881 4944 permultos
896 4873 966 4926 alios
1007 4871 1189 4945 qualitatibus
1216 4889 1325 4942 pressos
1339 4873 1408 4940 uni;
1424 4872 1575 4944 partirem
1589 4870 1670 4925 alteri
1684 4869 1804 4950 feminas

166 4937 243 4993 haud
255 4941 382 5021 ¹vulgaris
396 4941 530 5023 doctrinae
543 4943 711 5026 pietatisque
723 4945 806 5006 viros,
823 4943 970 5026 auditores¹
1006 4961 1036 4998 se
1051 4945 1124 4998 male
1133 4942 1270 5024 babentes
1281 4943 1442 5026 instituens.
1458 4943 1606 5025 Ordinavit
1619 4941 1704 5023 enain
1719 4955 1760 5022 eis
1770 4938 1805 4992 de

165 5011 966 5158 dimittitislatit.,ttlltltiltlmtli
1007 5015 1805 5157 tltqlttlltmilttl.tlttttltleltttr

205 5169 251 5222 pa,
267 5159 352 5225 atque
360 5157 422 5224 ejus
432 5171 467 5210 ne
487 5161 557 5222 otes,
571 5157 610 5210 uti
620 5156 851 5211 adnotabimusin
862 5156 967 5226 episto·
1007 5162 1072 5210 rent
1085 5173 1120 5211 ne
1133 5156 1238 5226 aliquid
1248 5156 1288 5212 eis
1302 5157 1427 5224 deesset;
1443 5173 1534 5226 neque
1547 5156 1610 5210 viris
1627 5156 1663 5210 ad
1673 5153 1801 5215 feminas,

197 5239 225 5276 m
235 5223 262 5279 2.
271 5225 439 5279 Guillelmus
454 5174 576 5281 lfabbas
586 5227 776 5292 cadomensis,
788 5227 852 5282 dein
863 5227 968 5280 archie-
1007 5229 1050 5281 vel
1064 5227 1175 5282 lerninis
1189 5227 1224 5280 ad
1241 5227 1312 5282 viros
1322 5226 1598 5283 accedendilncultas
1611 5227 1669 5281 ulla
1683 5224 1803 5278 adesset.

167 5293 299 5364 piscopus
311 5296 553 5367 Rothomagensis.
563 5299 659 5368 dequo
667 5298 794 5370 pluribus
800 5299 860 5370 jain
869 5313 967 5351 sumus
1008 5299 1047 5353 Er
1061 5299 1151 5352 altera
1167 5314 1230 5351 iero
1245 5305 1325 5368 parte
1337 5299 1387 5353 vim
1401 5299 1546 5354 ecclesiam
1561 5299 1592 5352 iii
1616 5298 1750 5350 honorem
1764 5293 1800 5348 B.

168 5365 287 5434 praelati.
298 5365 486 5421 Guilmundus
497 5369 660 5434 monachus,
673 5377 769 5440 postea
782 5369 967 5440 archiepisco-
1008 5370 1136 5440 Gregorii
1154 5385 1232 5440 papae
1245 5370 1411 5441 composuit,
1428 5371 1457 5424 in
1471 5387 1528 5440 qua
1541 5367 1690 5422 canonicos
1710 5363 1804 5436 posuit

168 5451 222 5516 pus
232 5437 402 5500 AversanuS,
419 5440 460 5503 tac
474 5445 506 5492 ut
519 5439 752 5510 placetOrderico
768 5444 875 5504 nostro,
892 5440 964 5493 illst.
1007 5441 1055 5511 qui
1071 5439 1239 5510 regulariter
1262 5441 1396 5506 viverent,
1413 5446 1442 5496 et
1456 5441 1578 5510 praesatis
1599 5437 1718 5492 infirmis
1741 5452 1804 5508 quae

167 5505 217 5559 lib.
242 5519 280 5587 iv.
304 5525 371 5590 pag.
398 5509 461 5578 524)
485 5509 643 5573 cardinalis,
671 5510 787 5564 scientia
807 5512 965 5564 litterarum
1006 5511 1573 5581 salutianimarumsuarumcongruerent
1583 5524 1646 5562 cuin
1659 5509 1806 5591 sepultura

168 5575 377 5634 eruditissimus
403 5581 486 5661 tquod
506 5581 685 5635 manifestum
711 5582 748 5635 sit
769 5581 846 5636 libris
869 5587 968 5636 contra
1007 5583 1210 5639 ministrarent.
1228 5581 1334 5647 Quibus
1350 5583 1435 5636 etiem
1449 5583 1479 5634 iii
1492 5581 1585 5647 terris,
1597 5579 1626 5634 in
1638 5579 1763 5646 decimis,
1777 5587 1807 5633 et

167 5647 371 5718 Berengarium
386 5651 479 5721 editis)
495 5657 524 5705 et
536 5652 728 5707 ecclesiastica
738 5651 875 5707 libertatis
888 5668 967 5707 acer·
1007 5653 1037 5708 iii
1051 5654 1113 5708 aliis
1131 5652 1268 5708 reditibus
1281 5659 1361 5708 tanta
1384 5652 1503 5723 largitus
1521 5656 1573 5714 cst,
1589 5657 1622 5706 ut
1645 5652 1681 5706 ad
1698 5657 1807 5706 susten·

168 5718 260 5772 rimus
275 5728 476 5791 propugnator,
495 5724 575 5794 cuius
593 5731 674 5806 gesta
692 5725 781 5778 multa
804 5740 868 5778 cum
883 5723 967 5779 laude
1006 5724 1143 5779 tationem
1158 5741 1256 5778 eorum
1268 5723 1437 5779 sullicientia
1448 5723 1690 5780 esseviderentur.
1707 5723 1808 5778 Remo·

168 5795 391 5861 estprosecntus
411 5791 487 5847 idem
510 5793 635 5852 Orderie.
655 5795 715 5849 loco
734 5795 829 5850 citato.
851 5793 967 5850 Fatetur
1007 5795 1064 5850 tius
1091 5811 1156 5849 vero
1184 5811 1269 5866 quam
1292 5811 1310 5848 a
1335 5793 1452 5861 boreali,
1477 5795 1513 5850 ab
1536 5794 1702 5852 occidentali
1727 5797 1808 5866 parte
