3970 6172
172 238 245 298 1377
774 241 949 298 urlsrotl
966 241 1015 296 AD
1034 241 1208 297 FRATRES.
1735 251 1802 312 1378

170 369 306 430 meretur,
329 364 439 419 dicebat
458 369 553 420 tarnen
577 365 663 422 rideri
684 366 737 422 sibl
759 368 833 438 quod
846 367 917 421 nihil
935 366 1063 427 inAait:
1081 365 1273 438 «Signarobis
1287 368 1434 425 verborum
1450 373 1801 446 istorumquodverasint,

168 467 287 523 corpore
305 457 458 524 pateretur,
481 471 538 525 pree
566 455 667 510 timore
692 473 747 528 quo
771 456 883 510 enimus
905 457 966 526 ejus
1007 456 1221 524 eiaterensem,
1237 459 1802 540 sednondumaaaudita,audiendaprae-

168 542 359 600 cruciabatur.
378 545 504 615 Cumque
519 561 570 616 ego
581 561 734 615 quererere
751 545 817 616 quid
830 545 943 599 timeret
958 562 963 596 :
1007 545 1103 599 stolor.
1124 546 1256 610 »Quibus
1269 548 1360 615 dictis,
1377 567 1427 620 ego
1441 551 1574 606 fratribus
1588 553 1643 608 illis
1662 559 1803 614 montanis

169 648 183 682 r
200 631 307 698 Timeo,
323 632 423 704 inquit,
447 649 491 687 me
517 633 546 686 iu
568 621 690 699 illorum,
707 650 777 704 quos
789 633 855 697 ridi,
867 649 966 686 manus
1008 634 1099 700 (erent
1111 639 1204 690 autem
1221 636 1353 708 quinque)
1373 657 1378 691 ε
1398 659 1408 688 ι
1427 639 1485 704 Eia,
1503 641 1609 696 domini
1625 644 1689 708 mei,
1706 647 1802 701 audis·

166 719 262 774 autin
277 721 622 792 nequioresreversurum,
641 721 964 792 »Loquebamurautem
1006 719 1051 784 tis,
1070 737 1130 792 quae
1143 738 1159 776 a
1171 723 1226 776 Deo
1237 732 1375 796 praecepta
1394 732 1460 780 suut
1471 726 1561 794 vobis3
1580 731 1700 786 recedite
1716 749 1798 800 nunc,

166 809 207 862 sic
223 808 351 874 invicem,
363 817 392 864 et
410 827 482 870 ecce.
499 813 559 881 jam
575 816 656 866 nocte
673 811 848 876 imminente,
869 815 966 882 raptus
1007 814 1039 863 ut
1053 810 1154 864 iterum
1165 812 1193 865 in
1206 813 1301 867 stratis
1315 815 1605 886 restr·isquiescatis.r
1619 819 1716 888 Neque
1725 822 1800 876 enim

166 905 211 952 cst
221 898 325 954 iterum
341 903 369 953 et
376 900 535 970 spumabat,
546 900 712 972 erigensque
725 899 798 954 sicut
811 899 888 971 prius
908 915 966 954 ma·
1006 914 1069 952 cum
1084 899 1177 953 omnia
1191 900 1247 954 alia
1260 901 1364 972 optime
1384 903 1577 965 attendissem.
1592 907 1627 961 de
1641 908 1728 978 signis
1738 926 1800 981 quae

166 1003 247 1054 num,
262 988 383 1058 signavit
396 1005 427 1042 se
442 995 543 1043 totum.
560 989 687 1060 Cumque
702 1005 752 1042 nos
771 989 963 1058 psalleremus,
1006 985 1123 1040 dicenda
1145 993 1226 1042 erant
1245 989 1349 1060 aliquid
1372 1008 1568 1062 perceperam3
1593 996 1641 1048 sed
1665 997 1717 1052 hoc
1739 999 1798 1069 ipse

166 1076 254 1130 etille
268 1077 381 1142 rediret,
393 1076 964 1148 quesivimusutrumnevidissetaliquidt
1005 1073 1090 1140 idern,
1110 1077 1278 1132 testantibus
1300 1079 1429 1134 omnibus
1448 1081 1496 1151 qui
1515 1082 1664 1149 alluerant,
1684 1087 1801 1142 sesicut

167 1181 181 1214 s
199 1165 270 1230 vidi,
282 1165 383 1237 inquit,
397 1166 534 1220 intrantes
548 1166 663 1220 domum
677 1165 749 1219 hanc
761 1165 962 1228 hominestres‚
1004 1163 1107 1218 dixisse
1124 1163 1193 1218 mihi
1216 1172 1313 1236 postea
1330 1168 1524 1224 manifestarit.
1551 1171 1693 1244 Praecepto
1712 1175 1801 1246 igitur

166 1252 214 1323 qui
229 1253 409 1309 lanceastres
422 1254 571 1324 gestabant
585 1255 681 1325 igneas
694 1255 814 1308 fetentes
828 1259 963 1324 tanquam
1005 1268 1067 1306 meo
1082 1253 1309 1309 fratresvelocius
1319 1255 1480 1311 obedientes
1492 1259 1552 1328 jem
1568 1261 1798 1330 surgebant.cum

165 1343 409 1408 essentsullureae,
420 1343 593 1415 quibuscum
608 1361 654 1398 me
668 1344 771 1398 vellent
785 1344 961 1412 transsigere,
1003 1339 1051 1394 ille
1064 1341 1111 1412 qui
1123 1341 1234 1412 jacebat
1244 1360 1337 1398 coram
1348 1345 1427 1399 nobis
1442 1352 1539 1418 raptus
1549 1353 1606 1416 est;
1623 1350 1731 1405 detinui
1744 1352 1799 1407 ita-

164 1431 246 1501 signo
261 1432 350 1486 crucis
365 1433 439 1503 quod
454 1448 471 1486 a
486 1449 530 1486 me
540 1432 629 1488 teneri
639 1431 784 1486 videbatur
794 1429 963 1502 (nosqllippe
1004 1446 1058 1500 que
1073 1430 1230 1486 noevidens
1241 1433 1341 1488 iratres
1351 1433 1398 1506 qui
1410 1435 1470 1505 jam
1482 1444 1705 1503 surrexerant‚ut
1716 1441 1800 1496 simul

164 1517 192 1572 in
204 1537 290 1575 manu
304 1519 499 1576 illiuscrucem
509 1520 695 1586 tenebamus),
713 1538 757 1575 me
767 1520 960 1586 defendebam,
1003 1517 1197 1587 psalleremus,
1222 1527 1352 1575 eventum
1377 1521 1417 1576 rei
1446 1529 1647 1594 exspectantes.
1674 1527 1799 1584 Diximus

163 1613 192 1661 ot
205 1607 269 1663 illos
284 1609 425 1680 fugabam.
441 1629 452 1660 s
466 1610 558 1664 lacuit
572 1609 667 1682 itaque
682 1609 778 1664 dolens
789 1615 818 1663 et
825 1609 961 1680 plangens
1003 1621 1069 1675 ergo
1084 1611 1173 1661 totum
1194 1609 1333 1679 psalmum
1346 1611 1509 1679 Quicunque
1522 1616 1591 1678 rull,
1604 1621 1632 1667 et
1646 1615 1800 1685 adjecimus

163 1713 192 1749 so
206 1698 405 1752 vehementer:
420 1699 479 1769 jam
499 1703 606 1767 tamen,
627 1699 817 1752 consolatione
836 1703 959 1768 accepta,
971 1719 991 1778 Β
1003 1694 1096 1750 Gloria
1115 1699 1203 1750 Patri.
1218 1697 1279 1761 Quo
1295 1698 1374 1752 finito
1390 1699 1472 1753 rediit
1486 1699 1533 1754 ille
1545 1706 1574 1755 et
1588 1703 1660 1757 sedit
1671 1704 1698 1758 in
1714 1705 1796 1772 lecto,

162 1785 275 1840 dicebat
289 1803 318 1841 se
331 1803 444 1858 sperare
457 1787 562 1857 optime
576 1804 735 1842 evasurum.
751 1787 878 1859 Cumque
897 1804 958 1860 ego,
1001 1783 1149 1856 dixitque:
1170 1803 1184 1836 a
1207 1787 1373 1842 Benedictus
1392 1788 1475 1853 Deus,
1497 1789 1663 1846 Benedictus
1675 1793 1763 1862 Deus;
1782 1811 1795 1847 a

161 1873 498 1946 ipsoaudiente‚obillius
510 1877 728 1931 consolationem
739 1877 960 1930 confirmandam
999 1873 1122 1946 jungens
1136 1891 1237 1929 manus
1252 1881 1280 1930 et
1289 1876 1419 1940 adorans,
1437 1878 1580 1950 oculisque
1592 1881 1731 1937 alacribus
1745 1899 1796 1939 nos

161 1965 258 2035 aliqua
272 1963 405 2020 fratribus
420 1965 466 2036 qui
478 1966 595 2020 aderant
604 1966 639 2020 de
650 1965 801 2036 Scripturis
810 1970 839 2018 et
852 1965 887 2020 de
907 1965 961 2020 ude
1001 1964 1157 2034 aspiciens:
1173 1965 1234 2018 siin
1250 1963 1338 2035 signa,
1351 1965 1401 2028 ait,
1417 1965 1494 2020 robis
1507 1967 1647 2032 utdicam,
1665 1971 1688 2026 si
1698 1971 1796 2027 audire

161 2053 309 2108 Trinitatis
321 2053 456 2122 dicerem,
467 2060 496 2108 et
511 2055 599 2110 multa
610 2055 670 2125 jam
685 2055 775 2109 noctis
789 2071 854 2125 pars
866 2059 961 2109 trans·
1001 2051 1147 2122 placuerit.
1165 2072 1176 2104 r
1190 2053 1269 2117 Quod
1278 2070 1341 2108 cum
1353 2055 1466 2108 onmino
1477 2055 1595 2127 placere,
1604 2059 1796 2130 respondisse·

161 2141 242 2206 isset,
267 2141 360 2197 subito
386 2159 450 2197 oum
471 2143 518 2198 ille
542 2142 693 2214 diligenter
715 2142 836 2207 audiret,
860 2143 961 2197 clausit
1002 2157 1065 2194 mus
1079 2141 1343 2198 omnesnosverbis
1358 2143 1568 2216 etillinutuqui
1583 2147 1796 2218 completorium

161 2231 269 2297 oculos,
286 2236 315 2284 et
336 2247 421 2286 sensu
439 2231 508 2286 abiit
529 2248 546 2286 a
564 2231 653 2288 nobis.
671 2232 742 2286 Cum
757 2231 785 2286 in
801 2231 897 2286 eodem
913 2248 962 2286 ex·
1002 2229 1139 2295 dixerant,
1155 2230 1194 2285 sic
1206 2231 1316 2286 locutus
1331 2238 1394 2286 est:
1413 2253 1423 2284 ι
1440 2232 1469 2288 Si
1484 2249 1608 2304 unquam
1627 2237 1747 2308 amplius
1766 2239 1796 2293 in

160 2336 242 2373 cessu
259 2319 375 2390 positus,
395 2321 454 2390 iam
470 2319 544 2374 euim
560 2336 712 2386 excessum,
733 2336 789 2374 non
803 2319 961 2375 molestiam
1002 2321 1078 2373 otoni
1090 2319 1148 2373 vila
1162 2335 1225 2373 mea
1239 2326 1268 2375 et
1279 2325 1370 2375 restra
1383 2337 1428 2376 me
1443 2322 1528 2392 hujus
1543 2323 1716 2381 infirmitatis
1730 2343 1796 2398 pro·

160 2415 210 2464 aut
227 2409 386 2480 passionem
398 2409 543 2464 nominare
554 2408 653 2472 habeo,
670 2425 771 2463 manus
784 2409 906 2479 jungens
924 2408 959 2464 ad
1001 2413 1064 2476 pter
1078 2425 1160 2478 quam
1176 2408 1221 2462 hic
1233 2409 1323 2478 jaceo,
1335 2409 1445 2480 signum
1457 2412 1571 2482 aliquod
1580 2419 1629 2468 aut
1638 2416 1795 2472 molestiam

160 2499 264 2552 celem
279 2497 400 2568 erigeret
415 2503 549 2568 tanquam
573 2514 666 2560 orans,
690 2513 796 2568 nosque
819 2499 959 2568 psalmum
1001 2497 1152 2567 patientem
1167 2497 1299 2561 videritis,
1316 2499 1597 2572 sciatisnequaquam
1608 2504 1796 2560 verumluissc

161 2586 392 2642 lideidiceremus
402 2588 628 2655 Quicunquevult
638 2589 739 2652 solans,
751 2586 959 2657 repetitumque
1001 2585 1074 2656 quod
1090 2601 1106 2638 a
1121 2602 1165 2640 me
1178 2585 1283 2640 dictum
1299 2593 1358 2653 est;
1378 2593 1407 2642 et
1420 2605 1482 2643 ecee
1498 2605 1573 2644 nuuc
1586 2591 1695 2663 integre
1710 2610 1795 2650 sanus

162 2675 362 2741 mediaremus,
376 2675 422 2728 ille
434 2675 564 2745 aperiens
578 2675 682 2740 oculos,
690 2680 852 2746 erectaeque
860 2680 959 2730 tenens
999 2671 1090 2726 iactus
1104 2690 1165 2728 sum
1177 2679 1206 2728 et
1216 2674 1321 2736 firmus,
1337 2685 1437 2746 potens
1451 2693 1567 2748 surgere
1578 2684 1606 2732 et
1615 2680 1657 2734 ire
1672 2687 1700 2736 et
1711 2698 1795 2753 agere

162 2763 549 2834 manussicuteasjunxerat,
558 2763 667 2819 locutus
676 2767 728 2830 est,
737 2763 833 2816 dicens
845 2781 852 2816 ι
865 2763 959 2817 Gloria
1000 2759 1134 2831 quidquid
1142 2777 1210 2814 sano
1225 2761 1331 2816 homini
1346 2763 1485 2832 agendum
1496 2770 1547 2819 est.
1561 2783 1574 2818 a
1591 2765 1718 2837 Cumque
1733 2775 1794 2824 stu·

163 2853 444 2922 tibi‚l)eas.Cumque
453 2867 503 2907 nos
513 2852 616 2923 psalmi
625 2851 956 2916 sinemaccelerassemus,
999 2847 1100 2917 pelacti
1113 2849 1217 2918 gaudio
1232 2855 1261 2904 et
1278 2850 1417 2905 evidentia
1431 2852 1472 2906 rei
1488 2851 1659 2920 (videbamus
1670 2855 1744 2910 enim
1764 2857 1794 2911 in

162 2947 190 2994 et
204 2939 254 2996 ille
267 2941 379 3012 saepius,
394 2941 487 2996 Gloria
498 2942 557 3006 tibi,
573 2943 653 3006 Deus,
669 2935 955 3012 repetisset,omnino
967 2951 987 3010 ρ
998 2937 1060 3006 ejus
1079 2937 1149 2991 facie
1167 2937 1260 2992 nescio
1279 2939 1353 3009 quod
1376 2939 1501 2995 divinum
1521 2941 1633 3012 signum
1653 2944 1791 3016 sanitatis)

157 3029 234 3083 unde
244 3034 303 3084 mm
318 3029 382 3084 laeta
396 3033 510 3100 tamque
525 3028 654 3084 amabilis
673 3045 725 3084 vox
739 3028 779 3082 illi
792 3028 859 3083 data
871 3033 953 3090 esset,
997 3024 1175 3090 miraremur,
1189 3025 1304 3081 ineunte
1313 3027 1381 3082 milii
1394 3028 1514 3098 quodam
1530 3045 1563 3083 ex
1577 3030 1710 3087 iratribus
1724 3033 1793 3088 dixi·

158 3135 221 3188 quae
235 3118 321 3173 toties
337 3116 533 3184 reiterabatur,
549 3118 621 3172 scire
636 3122 810 3189 appetentes.
823 3115 956 3170 sciscitati
996 3129 1060 3166 mus
1078 3129 1146 3168 voce
1159 3113 1252 3168 sobria
1273 3119 1302 3168 et
1312 3113 1449 3170 submisse
1469 3117 1502 3169 Te
1518 3117 1603 3171 Deum
1623 3120 1791 3185 londamua;

157 3207 309 3261 sumasllt
321 3205 368 3260 ille
381 3205 587 3278 aliquantulum
601 3221 697 3260 severe
711 3223 756 3260 me
770 3205 954 3268 intuensait:
997 3207 1026 3255 et
1038 3201 1079 3256 illi
1093 3202 1205 3272 quidem
1217 3201 1327 3268 tratres,
1340 3203 1440 3274 quibus
1450 3209 1566 3277 propter
1579 3207 1793 3277 completorium

159 3295 328 3349 «Vocantur
343 3294 413 3348 mihi
427 3311 524 3349 omnes
540 3294 670 3350 monaehi
686 3295 721 3349 de
746 3299 841 3348 monte
860 3293 955 3348 Sancti
996 3289 1128 3361 loquendi
1148 3290 1260 3346 licentia
1283 3308 1339 3346 non
1354 3297 1424 3356 erat,
1440 3293 1476 3347 ad
1497 3300 1587 3349 strata
1605 3311 1665 3362 sua,
1683 3313 1727 3352 me
1743 3299 1792 3368 ju-

156 3383 313 3450 Michaelis,
330 3381 379 3454 qui
399 3382 428 3437 in
447 3383 617 3438 monasterio
644 3382 699 3438 isto
720 3386 953 3438 commorantur:
996 3377 1088 3442 bento,
1105 3379 1242 3436 abierunt.
1251 3379 1302 3436 Ille
1310 3397 1376 3436 vero
1390 3381 1485 3436 statim
1496 3381 1576 3438 nobis
1590 3401 1683 3440 coram
1694 3385 1791 3457 positia

157 3471 263 3526 missus
276 3487 338 3526 sum
354 3471 428 3526 enim
438 3471 569 3538 nuntius3
584 3488 729 3542 ecumque
742 3471 794 3526 hoc
808 3470 876 3524 mihi
887 3469 955 3524 satis
996 3472 1099 3522 etcum
1114 3484 1147 3524 eo
1162 3468 1340 3539 surgentibus
1354 3470 1401 3541 qui
1416 3487 1472 3525 non
1482 3471 1789 3540 abieramussurrexit,

157 3560 328 3632 displiceret,
339 3560 443 3615 timens
449 3561 501 3615 hoc
508 3561 622 3630 aliquod
634 3577 695 3615 esse
704 3559 859 3614 illusorium
869 3559 955 3630 phan·
995 3555 1065 3610 mihi
1079 3556 1146 3611 data
1161 3573 1256 3623 manu,
1272 3575 1358 3612 sanus
1375 3564 1404 3612 et
1420 3559 1518 3614 hilaris
1531 3567 1561 3616 et
1574 3561 1705 3617 robustus
1718 3564 1793 3618 sicut

156 3655 261 3712 tasma,
276 3665 430 3720 verensque
445 3649 556 3711 iratres,
573 3649 620 3718 qui
640 3649 675 3702 ad
697 3655 849 3703 nocturnas
863 3664 955 3702 surre-
995 3643 1158 3699 eosStabat
1171 3645 1434 3716 igiturgaudcns‚et
1444 3649 1791 3705 nosmirabamuretcon-

157 3737 231 3792 cauri
255 3744 336 3792 erant
360 3737 512 3802 orationes,
533 3737 677 3792 excitando
700 3737 829 3809 fatigare,
857 3736 954 3790 multis
993 3733 1489 3808 gaudebamus3ridebamusquippe
1503 3737 1645 3793 hominem
1662 3739 1743 3794 modo
1762 3741 1791 3795 in

156 3825 297 3880 verbisne
315 3826 367 3880 hoc
380 3826 461 3880 lieret
475 3825 625 3883 renitebar.
642 3827 678 3880 at
692 3825 739 3880 ille
757 3825 826 3880 milri
840 3841 954 3897 prorsus
995 3822 1067 3876 lecto
1078 3823 1229 3892 iacentem,
1245 3822 1379 3878 diuturna
1393 3829 1421 3878 et
1436 3825 1554 3880 molesta
1573 3826 1701 3898 passione
1716 3828 1792 3882 colli·

158 3914 275 3983 restitit,
288 3913 391 3976 dicens,
407 3930 440 3968 ex
451 3913 558 3970 totosio
571 3914 632 3968 llari
646 3914 785 3985 expedire.
797 3913 880 3968 Nolui
890 3919 955 3968 tan·
995 3926 1058 3964 sum
1082 3911 1299 3982 contritumque,
1316 3917 1345 3966 et
1357 3929 1427 3984 pene
1443 3912 1574 3968 omnibus
1586 3915 1719 3969 membris
1732 3915 1791 3970 dis·

159 4003 221 4057 dem
236 4003 359 4074 amplius
369 4003 508 4066 resistere,
522 4008 651 4057 metuens
662 4019 695 4056 ex
704 4003 805 4067 altero,
819 4019 854 4057 ne
864 4002 887 4056 si
903 4002 955 4056 hoc
996 4000 1129 4064 solutum,
1141 4005 1173 4054 ut
1182 4016 1232 4054 nec
1245 4001 1330 4055 etiam
1346 4002 1451 4056 moveri
1462 4002 1498 4055 ad
1508 4002 1661 4057 sedendum
1674 4004 1788 4069 valeret,

159 4091 461 4162 praeoeptumdivinum
469 4091 827 4154 esset,Deoinobedientem
838 4091 954 4145 fratrem
995 4093 1122 4158 essetque
1134 4089 1159 4142 ei
1175 4088 1235 4160 ipsa
1254 4088 1318 4143 lecti
1340 4089 1472 4143 mollities
1492 4095 1663 4146 tormentum
1677 4091 1786 4162 ingens,

159 4179 289 4244 lacerem,
301 4178 375 4234 unde
394 4195 445 4250 ego
460 4185 490 4234 et
503 4179 561 4250 ipse
575 4179 679 4250 pariter
693 4179 734 4232 rei
749 4177 931 4233 existeremus
946 4197 953 4246 ;
996 4192 1143 4231 nuncrero
1153 4176 1214 4247 ipsa
1223 4177 1320 4232 eadem
1334 4177 1403 4232 hora
1413 4177 1526 4232 robuste
1535 4179 1697 4245 surrexisse,
1714 4185 1790 4236 stare

160 4267 336 4338 quesivimus
347 4267 382 4320 de
396 4283 425 4322 se
435 4267 496 4338 ipso
510 4267 578 4337 quid
591 4265 644 4320 sibi
660 4266 786 4322 futurum
801 4266 953 4332 videretur,
995 4264 1139 4320 nobiscum
1155 4281 1254 4319 sanum
1264 4270 1293 4320 et
1305 4265 1790 4339 gaudentemssenediximusitaque

159 4359 185 4408 et
199 4355 247 4408 ille
259 4371 289 4408 aa
304 4354 395 4408 mbae
408 4354 516 4408 nescire
523 4353 677 4424 respondit.
962 4353 1095 4432 DDeum,
1112 4353 1159 4424 qui
1173 4353 1295 4424 percutit
1306 4358 1335 4408 et
1353 4358 1444 4420 sanat,
1456 4355 1606 4410 mortificat
1620 4362 1649 4410 et
1658 4355 1788 4424 vivificat,

193 4442 291 4498 Vocati
310 4442 404 4514 itaque
426 4459 497 4514 quos
514 4442 611 4508 voluit,
636 4441 770 4498 citissime
791 4443 951 4511 affuerunt;
993 4441 1107 4496 deducit
1120 4442 1155 4496 ad
1170 4442 1274 4497 inferos
1290 4447 1319 4496 ot
1328 4442 1435 4496 reducit
1449 4443 1521 4502 (Tot.
1538 4457 1598 4508 1111,
1610 4442 1648 4512 il.
1664 4445 1789 4516 Estergo

158 4529 260 4603 quibus
269 4530 461 4603 presentibus,
474 4547 520 4586 me
535 4537 651 4602 rogante
664 4539 696 4586 ut
706 4532 877 4603 loqueretur,
888 4531 929 4586 ait
944 4550 951 4585 r
994 4529 1077 4584 hodie
1091 4531 1120 4585 in
1135 4531 1267 4596 claustro,
1283 4530 1429 4586 nobiscum
1447 4531 1614 4587 benedicens
1633 4534 1728 4597 lleuni,
1740 4533 1790 4605 qui

160 4639 172 4670 ι
188 4621 283 4675 ADeo
302 4625 331 4674 et
348 4635 365 4673 a
384 4625 479 4675 saneto
498 4620 631 4675 Michaele
652 4625 681 4675 et
699 4626 826 4675 asanoto
840 4621 951 4687 Vigore,
994 4635 1058 4674 euro
1069 4625 1181 4685 vere,ut
1191 4619 1506 4690 paterdiligensfiliurn‚
1522 4621 1660 4692 percussit
1668 4627 1697 4676 et
1705 4637 1790 4676 sana-

154 4708 484 4779 optlmopatrono,vobis
498 4707 627 4763 omnibus
637 4708 708 4772 dico,
720 4715 752 4762 ut
767 4725 911 4780 nunquam
923 4710 952 4763 in
993 4707 1384 4780 vitSanusnamquecerpore
1391 4707 1533 4762 meliorem
1541 4710 1609 4764 etde
1616 4709 1792 4782 lideamplio·

152 4803 283 4852 montem
293 4797 389 4852 Sancti
401 4797 546 4852 Michaelis
557 4796 678 4851 redeatis
685 4802 733 4851 aut
744 4797 953 4868 intretisgratia
993 4815 1052 4852 rem
1066 4798 1189 4868 suscepit
1207 4797 1237 4852 in
1260 4798 1355 4852 anima
1369 4797 1528 4854 sanitatem.
1546 4799 1699 4871 Corruptus
1714 4801 1790 4854 enim

151 4884 196 4939 ibi
210 4885 385 4948 remanendi,
398 4885 521 4956 quandiu
535 4885 602 4948 iste,
617 4885 665 4956 qui
675 4902 749 4940 nunc
757 4885 796 4939 ibi
802 4885 887 4940 abbas
899 4891 950 4952 est,
994 4891 1022 4940 et
1035 4891 1176 4941 correctus
1190 4901 1282 4941 mores
1302 4884 1415 4940 omnino
1435 4885 1564 4951 mutavit,
1585 4887 1641 4942 Deo
1661 4888 1790 4959 omnipo-

150 4973 266 5030 vixerit.
285 4973 364 5037 Quod
385 4973 409 5028 si
427 4974 517 5028 ieritis
535 4979 564 5028 et
580 4973 750 5035 manseritis,
767 4975 823 5028 fine
836 4975 910 5030 malo
925 4980 954 5029 et
994 4973 1064 5028 tenti
1077 4973 1201 5028 subdidit
1213 4973 1275 5044 ipsa
1288 4989 1339 5027 sua
1352 4973 1411 5026 vita
1424 4973 1494 5028 dans
1508 4973 1789 5045 testimonium,quod

147 5067 248 5117 morte
258 5063 601 5133 pessimaconsumemini.
618 5061 810 5134 rCumqueilli
825 5063 953 5118 adrerbn
994 5079 1057 5116 vere
1072 5077 1186 5116 manum
1208 5059 1417 5132 omnipotentis
1438 5063 1566 5122 senserit,
1586 5063 1630 5116 cui
1644 5067 1686 5116 est
1700 5061 1790 5115 honor

146 5167 188 5208 se
204 5150 396 5216 inclinassent,
413 5152 512 5206 tientes
528 5167 584 5223 pre
603 5151 716 5222 gaudio,
735 5151 837 5222 adjecit
858 5153 905 5207 ille
925 5158 953 5208 et
993 5155 1022 5205 et
1031 5151 1122 5222 gloria
1137 5158 1166 5204 et
1180 5155 1304 5221 potestas
1318 5149 1347 5203 in
1365 5150 1467 5205 secula
1484 5150 1658 5206 saeculorum.
1679 5149 1784 5209 Amen.

892 5389 1069 5410 m
