3896 6170
230 297 303 360 ηοω
761 298 1334 358 cuinomsnnmrrsmnrrusns
1775 300 1833 361 ian

231 425 412 482 refectorium
426 425 477 493 ire,
488 425 537 481 sed
557 428 586 480 et
597 422 703 495 aliquid
711 421 856 477 charitatis
866 423 979 478 habere.
996 424 1062 487 InA
1326 421 1444 480 OAPU'l'
1457 422 1606 480 XXXVIII.

231 515 384 572 crastinum
398 515 429 569 in
441 512 653 569 nocturnalibus
663 511 818 578 ambulent,
828 511 909 566 ethis
920 511 1029 568 duobus
1253 517 1350 584 Vipiiin
1367 515 1500 569 Omnium
1513 511 1683 569 Sanctorum.

231 604 331 660 diebus
344 603 400 658 tria
414 603 569 675 pulmenta,
584 602 658 657 sieut
670 617 756 673 supra
778 599 885 655 dictum
909 606 962 667 est,
977 602 1029 658 ha·
1104 604 1264 675 Antequam
1280 601 1403 658 secunda
1412 593 1526 674 agatur,
1538 601 1682 658 decoretur
1693 606 1774 660 tetum
1785 623 1836 664 ωο-

230 693 318 748 beant
333 711 339 747 :
356 697 457 764 quarta
469 692 515 748 die
528 697 631 764 quarta
652 707 718 764 pars
741 691 816 746 casei
837 697 900 762 post
914 690 1029 747 missam
1069 692 1224 748 nasterium
1239 691 1340 763 palliis·
1356 692 1411 746 Per
1424 690 1540 746 cherum
1554 691 1583 744 in
1597 690 1697 747 circum
1709 695 1837 753 extendan-

231 781 314 836 detur
326 781 486 854 unicuique.
508 781 614 845 Quarta
628 786 656 836 et
669 787 748 836 sexta
761 780 831 836 feria
844 789 909 855 post
921 786 1030 837 sextam
1069 786 1117 836 tur
1129 779 1265 842 bancalia,
1283 784 1312 835 et
1328 780 1556 852 superformulas
1568 781 1680 852 tapetia,
1695 787 1770 854 atque
1780 785 1837 840 alta-

229 869 303 926 facto
317 887 403 943 parre
415 870 562 926 intervallo
576 870 775 942 sonetsignum
791 872 1029 927 secretariusmo-
1070 869 1113 925 ria
1127 870 1307 932 decerentur;
1324 868 1395 924 etin
1413 869 1548 939 majorem
1567 869 1760 940 maimbertus
1771 889 1838 929 eran·

231 959 303 1027 dice,
315 959 515 1015 etdiscalcient
530 977 560 1015 se
569 976 675 1014 omnes.
689 960 795 1015 Deinde
811 961 905 1016 lavent
918 977 1028 1026 manus,
1069 959 1219 1030 galiorum]
1229 963 1346 1030 ponant.
1357 958 1454 1013 Altare
1464 962 1567 1014 sanctu
1574 958 1667 1014 ldariea
1676 960 1758 1031 palliis
1769 968 1837 1034 atoue

231 1053 261 1104 et
277 1055 397 1121 pergmt
417 1049 447 1104 in
470 1048 615 1104 ecclesiam
639 1049 781 1104 orationes
795 1050 830 1121 [s.
848 1054 971 1116 orantes,
990 1051 1030 1106 uel
1071 1047 1168 1103 sericis
1181 1047 1334 1102 adornetur
1349 1066 1354 1101 :
1370 1048 1398 1101 in
1414 1047 1537 1117 capitulo
1550 1047 1677 1102 bancalia
1698 1049 1835 1121 coaptitent.
1929 1061 1930 1080 ³

231 1141 326 1207 supple
340 1135 446 1211 dicam]
460 1137 630 1209 generaliter
645 1157 652 1194 :
666 1144 814 1209 surgentes
828 1138 963 1211 incipiant
976 1155 1028 1193 an·
1070 1136 1206 1192 Similiter
1230 1135 1369 1191 refectorii
1397 1140 1604 1207 procuratores,
1625 1137 1747 1192 mantiles
1769 1146 1837 1212 atone
1929 1175 1930 1206 ,

230 1223 372 1296 tiphonas,
387 1230 474 1295 atque
486 1226 693 1297 processionem
717 1231 803 1296 agant
814 1226 886 1280 sicut
899 1243 960 1281 mos
975 1232 1025 1282 est.
1069 1225 1196 1280 bancalia
1209 1225 1347 1296 accipiant
1359 1224 1394 1278 ad
1409 1225 1595 1279 decorandam
1606 1225 1702 1280 aedcm.
1717 1227 1744 1281 Si
1756 1228 1838 1300 aliquis

267 1312 301 1368 In
315 1314 378 1369 aliis
390 1313 490 1370 diebus
513 1321 576 1386 post
597 1325 713 1378 sextam,
738 1315 812 1370 facta
832 1316 927 1387 aliqua
950 1332 1030 1371 mora
1070 1319 1183 1370 sanctus
1194 1313 1318 1370 evenerit
1329 1314 1359 1368 in
1374 1313 1435 1385 ipso
1448 1314 1589 1376 die,unde
1604 1321 1689 1384 agant
1700 1320 1752 1370 tres
1763 1316 1839 1372 lectic

231 1403 367 1474 magister
378 1403 463 1459 faciat
476 1404 591 1459 abluere
613 1404 726 1459 illorum
745 1404 895 1459 infantium
916 1421 1028 1472 manus,
1069 1419 1129 1468 nes,
1145 1408 1213 1459 tuno
1225 1403 1320 1458 dicant
1334 1403 1449 1458 missam
1462 1403 1658 1458 matutinalem
1669 1420 1700 1458 ex
1710 1421 1749 1465 eo.
1757 1407 1840 1476 adjun-

231 1490 503 1562 quidcbentserrire
522 1493 558 1547 cd
569 1491 693 1548 missam.
709 1492 816 1548 Deinde
833 1498 927 1548 custos
941 1493 1030 1548 eccle·
1068 1496 1167 1563 gentes
1180 1491 1324 1546 collectam
1334 1491 1539 1564 prodeiunctis,
1553 1496 1583 1546 et
1596 1491 1841 1550 adclamarunt&

231 1579 353 1636 siacum
362 1581 465 1636 viderit
481 1585 593 1653 tempus
606 1598 677 1648 esse,
688 1587 769 1636 sonet
781 1581 894 1652 signum
908 1582 945 1637 ad
959 1583 1028 1637 mis·
1068 1579 1163 1651 vigilia
1187 1580 1333 1636 advenerit
1354 1585 1456 1652 quarta
1476 1580 1519 1634 rel
1537 1583 1617 1635 sexta
1633 1579 1710 1648 feria,
1726 1586 1786 1636 tune
1802 1583 1841 1636 iat

231 1685 303 1736 sam,
313 1673 415 1724 eitunc
425 1670 579 1742 procedant
595 1686 692 1726 omnes
702 1670 731 1725 in
740 1669 895 1734 basilicam,
907 1671 1029 1726 eliciant
1068 1668 1208 1737 processio
1226 1687 1233 1723 ε
1247 1674 1276 1724 et
1290 1668 1313 1724 si
1325 1667 1354 1724 in
1369 1669 1424 1723 alia
1438 1668 1509 1724 teria
1519 1667 1615 1736 fucrit,
1631 1674 1728 1724 sonent
1739 1669 1840 1741 signum

229 1773 345 1830 preces;
364 1757 466 1830 quibus
489 1758 677 1830 surgentibus,
700 1759 777 1815 dicat
797 1775 871 1815 unus
885 1760 920 1816 de
934 1739 1060 1830 pueris¹³
1104 1757 1172 1813 Post
1183 1762 1300 1824 sextam,
1323 1761 1391 1814 eant
1413 1763 1442 1813 et
1462 1757 1567 1813 faciant
1581 1758 1741 1826 orationem,
1759 1758 1842 1814 deinde

229 1845 368 1912 illamam,
385 1851 414 1902 et
426 1851 494 1903 tunc
505 1848 627 1903 vestiant
639 1865 679 1916 se,
694 1849 742 1921 qui
757 1849 944 1905 ministraturi
962 1855 1030 1906 sunt
1070 1845 1166 1901 dicant
1177 1846 1305 1901 litaniam
1321 1865 1328 1900 :
1344 1846 1425 1918 signa
1435 1862 1492 1902 non
1505 1846 1663 1920 puisentur,
1677 1847 1843 1920 neccappssit

230 1935 267 1990 ad
280 1936 405 1991 missam.
421 1936 524 2004 linita,
547 1939 676 2009 pulsetur
693 1938 805 2010 signum
824 1938 859 1993 ad
874 1955 989 2004 nouam,
1001 1944 1030 1994 et
1069 1935 1100 1990 in
1114 1935 1210 2004 choro,
1221 1935 1623 1992 sedtantummodediacenus
1631 1936 1842 2002 indutusalbc,el

229 2025 357 2082 eratione
371 2025 445 2082 facta
459 2026 563 2082 radant
576 2025 786 2082 hebdomadarii
799 2027 934 2098 coquina,
949 2028 1030 2084 celle·
1069 2023 1152 2089 stola,
1172 2029 1201 2080 et
1222 2023 1409 2080 subdiaconus
1430 2024 1561 2080 similiter
1581 2025 1655 2080 alba.
1676 2025 1841 2092 Oifertorium,

228 2115 322 2170 rarius
337 2121 366 2171 et
378 2116 468 2170 lector
480 2115 510 2170 in
524 2115 702 2171 refectorium
713 2117 1026 2189 utaccipiantmistum.
1073 2113 1173 2168 Timete
1199 2115 1361 2169 danninum.
1384 2114 1517 2181 collecta,
1541 2115 1658 2169 Domine
1676 2115 1742 2169 Dan
1760 2119 1840 2168 noster.

229 2203 344 2260 Fratres
365 2204 413 2258 alii
432 2204 550 2260 sedeant
568 2205 596 2260 in
620 2205 714 2271 choro,
739 2205 828 2260 donec
843 2205 898 2260 alio
919 2206 1028 2261 minore
1070 2201 1176 2259 Deinde
1191 2202 1261 2259 alia·
1277 2202 1412 2274 Epistola,
1429 2204 1492 2258 Ecce
1504 2219 1551 2272 epo
1562 2205 1684 2259 loannes
1696 2204 1844 2257 sidilum

230 2293 436 2366 signcpuisato,
449 2295 556 2351 cuncus
563 2295 802 2357 convenientibus,
812 2295 907 2351 dicant
914 2312 1027 2352 nonam.
1070 2292 1116 2346 diu
1127 2291 1231 2347 throni.
1246 2291 1673 2363 Responsorium,iicsultcbunt
1682 2291 1844 2347 Sancitille

229 2383 298 2439 Post
321 2399 425 2438 nonam
445 2382 559 2439 veniant
575 2384 611 2439 ad
625 2400 762 2439 mensam.
779 2385 939 2441 Refectioue
960 2385 1031 2441 cele·
1070 2378 1128 2434 luia
1143 2379 1844 2451 nonestcanendum-Evangeliumfflesccndcmlesus

228 2469 320 2540 breta,
333 2471 451 2528 sedeant
463 2471 493 2527 in
506 2473 640 2528 claustro.
1071 2470 1102 2523 dc
1117 2475 1218 2523 monte.
1230 2469 1410 2524 offerendam
1424 2469 1510 2524 faciat
1523 2468 1642 2524 dimidia
1656 2485 1729 2540 pars,
1737 2469 1845 2525 similitu

497 2562 614 2617 CAPUT
628 2562 765 2618 XXXVII.
1070 2573 1176 2628 paoem.
1193 2557 1384 2624 offertorium,
1399 2561 1553 2615 tutamini.
1569 2559 1744 2624 communic,
1763 2561 1842 2620 Amen,

229 2651 264 2707 In
278 2656 440 2707 sanctorum
450 2655 636 2721 apostotorum
646 2652 769 2708 Simonis
784 2657 809 2706 ci
819 2653 898 2706 luda
912 2653 1023 2720 cipitia.
1069 2663 1151 2702 umen
1173 2649 1233 2702 dico
1257 2649 1341 2702 veiis.
1367 2647 1461 2720 Adeps
1482 2663 1540 2703 non
1562 2647 1844 2720 comedaturipsodie.

264 2739 299 2795 In
312 2745 474 2796 sanctorum
493 2741 683 2813 apostolorum
704 2741 826 2796 Simonis
846 2746 875 2796 et
892 2740 970 2797 Judae
991 2741 1030 2795 vi·
1069 2737 1176 2791 Panem
1193 2741 1222 2791 et
1236 2736 1341 2802 vinum,
1353 2753 1415 2809 quae
1425 2742 1573 2792 remanent
1584 2738 1614 2793 in
1628 2737 1776 2802 refectorio,
1786 2737 1845 2791 elec·

228 2827 307 2900 gilla,
318 2827 354 2884 ad
369 2828 485 2884 missam
500 2829 633 2896 officium,
649 2833 736 2885 Intret
749 2833 780 2886 in
795 2834 946 2898 conpectu.
961 2831 1030 2886 Ora·
1069 2827 1247 2898 mosynarius
1265 2827 1394 2898 accipiat.
1410 2827 1454 2882 Ad
1473 2842 1622 2898 vesperam
1639 2827 1669 2882 in
1690 2825 1780 2898 primis
1798 2841 1843 2879 nou

229 2918 280 2982 tio,
295 2919 420 2983 Ocnccde,
435 2935 601 2989 quesumus,
617 2922 788 2990 omnipotens
801 2920 881 2986 Deus,
905 2924 937 2973 ut
956 2923 1028 2975 sicut
1070 2915 1207 2988 pulsetur,
1222 2915 1277 2970 nisi
1292 2915 1396 2986 squilla
1404 2915 1465 2970 sola
1478 2933 1484 2968 :
1502 2919 1531 2970 et
1546 2915 1647 2987 uiginti
1656 2920 1769 2987 quatuor
1775 2913 1844 2968 lumi-

230 3008 417 3076 apostotorum
438 3012 490 3062 :et
510 3008 566 3063 alia
585 3014 728 3073 consueta,
753 3011 897 3064 Justerum
916 3013 1027 3066 oninca.
1070 3004 1220 3059 nariasini
1234 3020 1351 3059 accensa
1364 3008 1429 3059 ante
1446 3004 1535 3059 altare
1545 3005 1846 3076 majus,etpostunuu·

229 3093 461 3166 Responscrium,
487 3097 609 3168 Vindice,
630 3099 754 3154 Domine.
770 3098 962 3169 Evangelium,
977 3100 1031 3168 Epo
1072 3093 1203 3165 quodque
1213 3093 1248 3148 de
1259 3092 1321 3148 aliis
1335 3092 1620 3165 unumAntiphnns,
1627 3095 1771 3150 Incensa'tio
1775 3095 1846 3160 juste-

230 3199 294 3239 sum
312 3187 386 3239 uitis.
407 3184 598 3254 offertorium,
622 3188 811 3242 insultabunt
830 3191 929 3242 saneti.
946 3188 1032 3242 Oom-
1072 3198 1148 3236 rum.
1172 3182 1206 3236 Et
1226 3181 1287 3236 ulia
1299 3197 1361 3252 qua
1375 3187 1542 3253 sequuntur.
1562 3183 1733 3255 capitulum,
1747 3181 1849 3247 deterit

230 3271 339 3340 munio,
357 3275 668 3330 incimmemmaum
683 3274 800 3346 ipsodic
813 3291 869 3331 non
883 3275 1032 3331 comedant
1071 3273 1200 3326 Jocnncs.
1217 3271 1449 3343 Responsorium,
1476 3272 1600 3326 leudem
1624 3273 1714 3327 dieite.
1732 3271 1848 3342 llymnus,

231 3359 355 3432 adipem,
375 3365 405 3417 et
421 3362 496 3434 quod
505 3363 674 3418 remanserit
685 3362 713 3418 in
724 3363 882 3429 refectorio,
892 3364 1032 3436 accipiant
1073 3361 1350 3426 Obrtstc,sonctorum
1360 3359 1849 3430 redempteroniniumlltduofratrcs

231 3465 378 3522 pauperes.
400 3450 503 3506 Custos
521 3452 645 3507 ecclesia
659 3453 824 3523 priusquam
839 3457 956 3508 sonetur
969 3469 1031 3508 ves·
1072 3449 1165 3505 induti
1175 3448 1336 3522 sinteappis
1346 3449 1381 3504 ad
1393 3448 1539 3505 incensum
1549 3449 1743 3506 deferendum.
1753 3449 1847 3511 Versus,

233 3553 311 3610 pera,
321 3544 437 3594 coornet
448 3539 550 3594 altaria
567 3540 672 3607 sericis,
683 3545 713 3595 et
721 3557 805 3612 super
816 3541 923 3597 formas
937 3543 1033 3598 mittat
1072 3540 1387 3597 Lctcminitnlmmine.
1400 3538 1563 3611 Antiphone
1586 3539 1623 3595 ad
1631 3535 1850 3608 Mcpnipieoisfci·

234 3627 350 3697 tapetia.
363 3627 407 3682 Ad
422 3629 549 3701 synaxim
564 3617 685 3701 resperas
697 3630 888 3686 accendantur
908 3633 1032 3704 quinque
1072 3632 1151 3681 auter
1161 3629 1355 3689 mendicatus
1365 3645 1423 3683 nos.
1433 3627 1565 3698 Alleluia,
1589 3629 1611 3684 0
1626 3645 1710 3699 quarn
1722 3629 1850 3696 ptoriosun

233 3715 356 3771 lucemm
368 3721 433 3772 ante
447 3717 546 3774 altare.
564 3719 734 3791 Capitulum,
748 3722 812 3775 iarn
828 3737 884 3775 non
898 3724 962 3776 est-is
983 3723 1033 3777 bu-
1073 3721 1111 3771 cst
1126 3732 1254 3785 repnnm.
1271 3717 1306 3772 Et
1318 3717 1394 3772 trina
1404 3717 1463 3774 vice
1478 3724 1620 3790 repetant.
1636 3716 1850 3790 Capituluml’cst

234 3807 325 3873 spitus.
340 3805 447 3874 Oratio,
463 3807 589 3862 Uenuste.
606 3809 801 3864 iuvitatorium
816 3809 871 3864 duo
883 3809 913 3866 in
927 3811 1032 3882 cappis.
1073 3810 1190 3874 partam
1201 3809 1287 3876 uirpo,
1305 3811 1334 3862 et
1347 3805 1479 3878 aliaeque
1491 3807 1584 3862 solent
1593 3807 1687 3863 dicere
1699 3807 1733 3862 de
1745 3802 1851 3861 omnibus

234 3891 382 3949 Lectiones
405 3900 467 3950 octo
489 3896 524 3952 de
551 3897 668 3953 homilia
691 3898 780 3953 sancti
802 3898 961 3970 Augustini.
984 3901 1037 3955 Me·
1078 3895 1190 3950 sanctis.
1209 3895 1338 3961 Oramus,
1367 3897 1541 3964 Omnipotens
1561 3899 1725 3966 sempiterne
1746 3897 1813 3956 Deus,
1830 3893 1852 3943 et

240 3987 359 4038 manteia
377 3988 513 4040 semncnis
536 3989 598 4040 mei.
621 3987 690 4042 rl'ras
715 3987 839 4042 candelae
858 3993 926 4043 ante
946 4004 1035 4054 aram,
1079 3990 1146 4040 ωηο
1159 3987 1289 4057 repetant
1303 3985 1486 4057 antiphonam
1509 3985 1543 4040 de
1562 3985 1669 4041 sanctis
1688 4000 1750 4040 oum
1766 3981 1851 4039 nnnc.

235 4075 313 4127 retro
328 4087 394 4131 una.
411 4070 543 4129 Introitio
561 4074 678 4130 homilia
700 4074 790 4130 sancti
803 4075 932 4146 Gregorii
945 4092 1033 4148 papas,
1076 4072 1174 4128 Oratio
1187 4073 1223 4129 de
1238 4073 1298 4144 ipso
1307 4072 1624 4145 beato,etpostmedum
1633 4075 1668 4129 de
1679 4077 1771 4128 sancia
1785 4081 1851 4125 crues

235 4160 394 4228 Desipncvit
405 4163 548 4226 Dominus,
566 4168 595 4218 et
607 4168 765 4234 augeantur
777 4163 832 4220 duo
846 4165 956 4219 lumina
969 4171 1035 4220 aute
1076 4161 1137 4216 sine
1152 4160 1257 4228 diemo,
1277 4165 1307 4215 et
1319 4160 1409 4216 oratio
1424 4160 1560 4230 ejusdem.
1577 4161 1648 4217 Post
1662 4163 1718 4216 bac
1730 4159 1752 4215 si
1767 4154 1851 4228 aliquis

237 4249 337 4304 altare.
346 4250 537 4324 Antiphonem
552 4259 642 4322 atque
650 4257 770 4308 tractum
782 4253 817 4308 de
827 4253 961 4325 apostolis
971 4269 1035 4308 can-
1076 4250 1201 4323 psalmus
1212 4249 1361 4320 impositus
1376 4254 1419 4304 ast
1440 4266 1491 4321 pro
1504 4249 1573 4306 rivis
1586 4250 1632 4306 vel
1645 4249 1787 4312 defunctis,
1800 4252 1853 4299 ωηο

235 4343 309 4406 tent,
323 4343 352 4394 et
364 4345 523 4411 augeantur
544 4339 600 4396 duo
612 4341 779 4397 candelabra
805 4349 870 4398 ante
891 4359 990 4412 aram;
1007 4338 1171 4440 ethicant
1180 4344 1208 4394 et
1222 4339 1332 4394 finiant.
1348 4338 1391 4393 Ad
1405 4346 1557 4393 nocturnos
1577 4339 1741 4411 priusquam
1756 4338 1854 4391 senetur

238 4433 380 4500 quartum,
393 4434 423 4484 et
432 4435 571 4496 ocmvum,
582 4436 666 4502 atque
680 4431 828 4487 duedecim
837 4433 893 4488 duo
903 4432 999 4489 dicant
1008 4439 1037 4488 at
1078 4428 1180 4500 squilla
1193 4428 1485 4483 accendanturnmnes
1498 4427 1654 4500 lampades,
1665 4434 1694 4484 et
1703 4432 1763 4500 post
1771 4438 1854 4480 unum·

238 4515 333 4588 ipsum
343 4516 505 4573 duodenum
519 4525 583 4591 post
593 4520 690 4576 Gloria
704 4537 722 4576 a
735 4521 826 4594 capite
840 4522 1034 4593 recapitulent.
1079 4517 1209 4590 quodque
1223 4517 1313 4573 altare
1330 4517 1368 4572 sit
1385 4533 1443 4572 una
1459 4534 1465 4570 :
1480 4522 1509 4572 et
1522 4533 1586 4572 mcx
1612 4523 1645 4573 ut
1661 4516 1792 4572 canticum
1803 4526 1855 4584 gre·

238 4604 282 4659 Ad
296 4605 412 4660 missam
433 4606 490 4662 sint
510 4624 607 4664 omnes
620 4610 780 4665 sacerdotes
794 4615 823 4665 ct
840 4611 931 4667 levita
945 4611 1037 4667 induti
1079 4605 1166 4662 duum
1180 4604 1265 4661 fuerit
1278 4611 1433 4677 peractum,
1445 4612 1502 4661 tres
1512 4607 1644 4662 candelas
1653 4612 1855 4662 antearamma

240 4693 358 4765 cappis:
374 4698 403 4749 et
416 4700 477 4750 coto
501 4696 652 4752 luminaria
674 4698 873 4754 emendantur.
894 4699 1036 4768 Officium,
1075 4696 1167 4767 joram
1182 4695 1337 4767 imponant.
1352 4695 1395 4750 Ad
1404 4695 1597 4752 invitatorium
1608 4702 1728 4769 quatuor
1738 4688 1855 4748 iratresiu

239 4782 482 4839 declamauerunt.
505 4784 635 4854 Oremus,
653 4789 723 4843 deus
747 4791 797 4858 qui
819 4792 946 4858 apostolis
970 4793 1035 4845 tuis.
1078 4784 1183 4857 cappis.
1202 4785 1339 4856 Hymnus.
1360 4787 1438 4840 letus
1461 4790 1568 4840 fluvior-
1588 4786 1734 4841 Lectiones
1754 4786 1809 4837 ⁰⁰2⁰
1827 4777 1856 4831 df

240 4869 375 4942 Epistola,
390 4872 600 4944 Stabuntjusti.
617 4877 1038 4948 Responsoriumnamnnmm·
1078 4890 1208 4930 sermone
1220 4873 1310 4928 sancti
1327 4873 1462 4928 Bonifacii
1480 4889 1568 4946 papae,
1581 4876 1705 4943 tegimur
1715 4870 1857 4928 summac

240 4963 307 5015 ruti.
321 4960 452 5030 Alleluia,
472 4964 560 5018 Venite
573 4966 611 5018 ccl
624 4982 666 5020 mc
680 4982 782 5021 omncs.
791 4966 1039 5039 Evangeliumdle·
1078 4963 1154 5018 sitris
1169 4961 1499 5034 interlinitesponsoria
1510 4962 1566 5018 duo
1576 4964 1670 5019 etduo
1683 4957 1855 5035 pronuntient.

239 5052 361 5119 stpnccit
374 5052 520 5108 Dominam.
534 5053 725 5119 Oiicrtorium,
741 5056 774 5110 In
788 5071 897 5110 omnem
921 5061 1037 5111 terram.
1079 5053 1359 5125 Perannmquedquc
1369 5059 1537 5108 nocturnum
1545 5053 1583 5108 sit
1592 5053 1721 5108 sacerdos
1730 5052 1758 5106 in
1765 5046 1854 5119 cappis,

239 5139 373 5207 Collecta,
391 5143 436 5196 Vos
444 5143 496 5210 qua·
503 5145 589 5196 secuti
599 5145 662 5196 estis
670 5159 722 5198 mc.
735 5144 767 5200 ln
779 5145 926 5200 refectorio
936 5144 1038 5202 tabula
1080 5141 1127 5214 qui
1136 5141 1265 5197 incenset
1275 5141 1364 5196 altare
1374 5143 1466 5213 majus
1480 5129 1687 5208 tantummodo,
1698 5134 1856 5196 etimtresiu

238 5228 446 5302 cooperiantur,
462 5235 491 5284 et
504 5231 641 5302 optimam
659 5232 838 5289 refectionem
861 5233 995 5299 habeant,
1010 5239 1039 5290 et
1079 5232 1174 5287 choro.
1194 5231 1239 5287 Ad
1262 5231 1401 5286 canucum
1417 5230 1582 5303 antiphona,
1599 5232 1723 5288 doment
1745 5233 1774 5282 in
1786 5226 1854 5281 coin.

239 5318 276 5374 ad
290 5334 434 5390 vesperam
449 5319 573 5392 quinque
586 5320 731 5393 lampades
744 5323 943 5380 accendantur.
955 5324 1038 5380 Anti-
1078 5319 1218 5388 Psalmus,
1243 5320 1288 5374 Vos
1309 5323 1399 5375 suncti
1415 5321 1538 5375 Domini.
1554 5319 1668 5386 Versus,
1691 5313 1856 5374 insultabant

238 5405 495 5481 phonmetpsalmi,
507 5409 590 5465 sicuti
604 5410 633 5466 in
647 5412 839 5483 apostolorum
853 5413 966 5468 solitum
982 5419 1035 5481 est,
1077 5413 1176 5467 suncti.
1191 5411 1297 5465 Noram
1312 5409 1598 5480 candelaaugeantur
1610 5413 1676 5463 ante
1685 5423 1769 5462 mam.
1781 5403 1855 5458 Evau-

239 5493 381 5552 dicantur:
394 5496 531 5564 videlicet,
545 5499 656 5569 Vtrpum
666 5503 788 5564 uirtutis,
802 5501 923 5557 Octtoeat.
935 5501 1038 5558 Eunias
1077 5501 1184 5572 gelium
1205 5498 1398 5573 pronuntient.
1426 5499 1519 5554 fidens
1540 5499 1634 5553 turbas
1652 5499 1736 5552 imus.
1751 5487 1856 5548 llemilia

239 5583 327 5642 ibunt.
343 5585 519 5656 Ocnsuricins
530 5593 568 5644 est
583 5605 592 5652 ;
607 5593 637 5645 at
646 5581 760 5646 diabis
774 5588 888 5649 nnita.
1080 5588 1171 5645 sancti
1179 5588 1376 5662 lecnmpapae‚
1386 5585 1737 5644 animumanimumum.
1747 5581 1856 5651 Respon-
