3872 6162
3 171 4 184 Ν
89 217 136 275 ass
610 203 1203 272 cousnrur.u1nsauc.-u1a.1.
1671 215 1726 280 aso

85 360 168 417 super
182 344 273 417 ipsam
287 339 539 414 erigesicutvides
553 339 644 411 ipsum
660 330 996 404 instrumentumArum‚
1022 341 1166 413 promisso
1185 341 1321 412 generali,
1340 359 1466 414 pugnum
1490 360 1576 416 super
1598 361 1725 418 pugnum

85 451 141 488 esst
166 434 282 496 factum,
305 437 335 487 ei
358 431 430 486 adde
448 429 562 486 luminis
585 427 710 499 signum.
729 426 784 480 Pto
798 423 878 494 signo
921 443 994 497 pone
1017 431 1149 492 vicissim.
1166 432 1247 502 quasi
1263 431 1379 487 simules
1393 440 1589 489 construentes
1599 451 1724 492 murum.

85 522 230 588 Formube,
254 519 400 593 praemisso
425 519 492 590 ligni
516 519 607 588 signo.
626 531 740 570 manum
765 514 878 568 inanem
920 516 986 572 Pro.
1007 518 1087 590 signo
1117 520 1203 582 senis,
1227 520 1308 575 trabe
1327 537 1442 576 inanum
1477 523 1612 577 directam
1639 540 1725 596 super

85 611 208 674 extende,
231 627 265 665 ac
283 609 323 665 sic
338 608 539 681 procumbendi
559 607 589 661 in
610 611 716 660 terram
737 601 824 658 facias
844 600 880 655 si·
921 607 1038 677 capillos
1060 619 1156 664 contra
1180 625 1278 664 aurern
1302 611 1440 668 dexuam.
1460 611 1515 666 Pro
1531 612 1611 682 signo
1635 611 1727 668 Marc-

84 714 177 768 gnum,
193 698 268 771 quod
283 698 369 753 stiam
382 697 494 769 signum
512 700 555 750 est
569 695 666 750 venia.
922 697 1016 764 scalci,
1033 714 1096 753 cum
1118 699 1228 754 duobus
1239 699 1336 770 digitis
1351 709 1415 754 tene
1434 701 1549 772 capillos
1569 701 1725 757 anteriores

360 786 478 842 CAPUT
489 785 577 840 XXII.
922 792 1037 857 propter
1047 787 1213 860 jubas‚quns
1229 787 1333 843 habent
1346 788 1456 844 caballi.
1465 789 1542 844 Idem
1557 795 1601 845 est
1610 791 1724 862 signum

290 878 327 932 Da
354 878 444 944 siquis
464 887 662 944 personarunt.
922 872 1032 929 caballi.
1051 876 1105 930 Pro
1125 876 1205 946 signo
1220 875 1345 940 asinarii,
1360 877 1552 932 summitatem
1567 878 1675 949 pollicis
1686 879 1723 934 ad

116 964 170 1019 Pro
184 964 267 1036 signo
281 963 377 1019 domni
387 963 507 1028 abbatis,
524 963 568 1018 iac
584 961 659 1017 idem
676 957 876 1030 signumquod
922 979 1019 1016 aurum
1043 981 1125 1034 pone,
1149 970 1321 1036 ceterosque
1334 965 1438 1036 digitos
1463 971 1605 1038 porrectos
1631 983 1721 1035 move,

85 1054 232 1124 deliegola
246 1059 290 1108 est
302 1053 488 1125 praemissum.
502 1052 558 1108 Pro
573 1051 655 1121 signo
675 1047 802 1104 monachi
814 1063 877 1102 cum
920 1051 1097 1109 sicutasinus
1111 1071 1220 1122 aurem,
1236 1055 1332 1109 addito
1346 1055 1425 1126 signo
1441 1055 1562 1110 videndi.
1575 1057 1627 1110 Pro
1641 1056 1722 1128 signo

85 1159 164 1196 manu
191 1147 257 1196 tene
284 1142 417 1213 capillum
446 1141 569 1196 cucullae.
592 1140 646 1194 Pro
665 1138 746 1208 signo
765 1136 875 1199 inclusi.
918 1142 1389 1212 compatriotavelconsanguinci.
1415 1149 1480 1198 tene
1496 1161 1609 1198 manum
1624 1151 1723 1200 contra

85 1231 150 1286 adde
159 1231 274 1301 signum
300 1231 438 1288 fenestrae.
466 1230 494 1284 id
519 1235 561 1284 est
581 1228 692 1299 signum
711 1225 877 1299 splendoris.
920 1228 1083 1299 iaciem‚ita
1096 1239 1129 1287 ut
1143 1233 1266 1287 medium
1282 1232 1401 1304 digitum
1418 1249 1486 1287 naso
1501 1232 1639 1304 imponas,
1656 1249 1721 1304 pro·

85 1319 134 1374 Pro
145 1319 228 1389 signu
245 1321 383 1385 monachi.
395 1320 442 1392 qui
457 1324 502 1374 est
515 1319 639 1374 nutritus
654 1317 683 1372 in
697 1313 877 1378 monasterio,
920 1324 983 1390 pter
994 1320 1170 1392 sanguinem,
1187 1323 1234 1394 qui
1261 1322 1326 1377 inda
1348 1337 1551 1392 nonnunquam
1573 1321 1645 1376 lluit.
1667 1323 1722 1376 Pro

85 1410 206 1479 generali
234 1409 390 1481 premisso.
408 1409 529 1480 digitum
554 1407 702 1462 minimum
726 1405 808 1459 labiis
827 1403 878 1457 ad·
919 1408 999 1479 signo
1013 1411 1110 1480 patris,
1124 1411 1221 1465 eodem
1236 1411 1390 1482 praemisso.
1407 1411 1482 1465 senis
1500 1411 1613 1480 signum
1636 1410 1719 1466 adde.

85 1513 165 1562 more,
192 1515 244 1570 pro
268 1515 302 1552 eo
326 1498 398 1570 quod
427 1498 467 1554 ita
494 1497 570 1569 augit
591 1496 692 1550 inians.
720 1495 774 1549 Pro
798 1493 878 1562 signo
921 1498 975 1552 Pro
989 1499 1070 1570 signo
1096 1500 1201 1562 l'ratris,
1222 1501 1448 1570 praemissoitam
1470 1499 1722 1570 consanguinitatis

85 1586 188 1658 prioris,
213 1587 395 1642 simulatum
412 1584 751 1656 duobusdigitisscillam
769 1587 1114 1669 tenere.Bsigno,parvae
1129 1589 1169 1643 rei
1192 1589 1302 1659 signum
1320 1589 1401 1643 adde.
1427 1590 1482 1643 Pro
1501 1589 1581 1658 signo
1609 1588 1721 1657 matris,

85 1682 110 1730 et
122 1675 158 1730 ita
175 1691 238 1730 eam
254 1692 355 1731 sonare
388 1676 442 1730 Pro
462 1675 543 1746 tigno
558 1674 684 1745 MoJ‘oris,
711 1687 818 1744 magna}
837 1671 879 1725 1·θί
920 1677 995 1732 idem
1009 1677 1053 1754 sac
1066 1678 1288 1750 adiunctosigno
1303 1678 1438 1732 mulieris.
1453 1679 1507 1732 Pro
1522 1678 1601 1748 signo
1615 1677 1720 1732 sororis

84 1764 188 1834 signum
204 1765 351 1822 adde.Pro
364 1765 446 1836 signo
459 1763 617 1819 claustralis
631 1762 742 1834 prioris.
753 1759 878 1831 generali
922 1767 996 1821 idem
1009 1767 1053 1822 iac
1067 1767 1141 1838 quod
1152 1772 1181 1821 et
1194 1767 1303 1832 matris,
1319 1767 1450 1836 adiuncto
1466 1779 1557 1838 parvae
1572 1765 1612 1820 rei
1627 1765 1718 1836 signo.

84 1853 233 1924 limmisw.
257 1853 378 1909 indicem
397 1853 529 1909 deorsum
561 1858 648 1918 verte,
673 1854 703 1906 ti
729 1849 879 1905 circumfer
920 1856 975 1910 Pro
989 1855 1180 1926 signatilerici
1194 1857 1311 1927 digitum
1327 1857 1389 1912 auri
1403 1854 1560 1920 circumfer,
1573 1853 1653 1926 quasi
1666 1871 1728 1938 gy]
1818 1891 1826 1902 .

87 1941 158 2010 quati
173 1941 312 2014 gyrando·
333 1943 388 1997 Pro
401 1941 481 2012 signo
495 1941 632 2010 adjutoris
643 1941 728 2003 illius·
745 1939 813 1994 item
827 1955 878 2009 gd·
919 1945 1019 2004 rando,
1034 1951 1148 2017 propter
1160 1945 1371 2000 similitudinem
1385 1961 1505 2007 coronae,
1530 1959 1615 2016 quarn
1628 1943 1657 1997 in
1671 1959 1719 1996 ca·

84 2031 164 2084 nerali
194 2030 349 2102 praemisso,
377 2031 496 2100 digitum
517 2030 666 2085 minimum
693 2029 820 2094 extende,
845 2044 878 2082 eo
919 2033 977 2104 pite
994 2033 1118 2088 Clericus
1143 2034 1235 2089 habet.
1253 2035 1307 2088 Pro
1321 2035 1401 2104 signo
1413 2033 1498 2096 Laici,
1511 2039 1637 2088 mentum
1651 2037 1716 2086 tene

85 2117 150 2188 qnod
170 2133 222 2190 per
236 2135 301 2173 eum
325 2135 437 2190 semper
448 2135 533 2190 parva
549 2135 594 2173 res
618 2117 793 2190 significatur
823 2116 878 2170 Pro
919 2139 982 2178 cum
1000 2122 1450 2195 dextraquasiburbnmtrahens.
1467 2119 1720 2192 Prosignohomi·

85 2206 157 2276 signo
172 2207 287 2262 armatii
308 2214 338 2262 Θῑ
357 2208 548 2272 Ptaectsswtisi
579 2207 706 2279 generali
722 2205 876 2279 ptaemitsos
919 2212 971 2274 nis,
988 2213 1035 2283 qui
1053 2213 1224 2267 alteriusest
1237 2211 1420 2282 linguae,cum
1432 2210 1520 2281 digito
1535 2209 1608 2264 labia
1622 2213 1717 2278 tange,

84 2295 147 2350 adde
174 2297 286 2367 signum
308 2297 441 2352 cantandi
459 2302 488 2351 et
507 2296 653 2368 pulsandi3
674 2296 742 2368 quia
769 2294 877 2366 ipsein
918 2308 1034 2372 propter
1043 2301 1183 2372 loquelam
1209 2301 1262 2354 Pro
1277 2300 1358 2370 signo
1373 2296 1718 2370 sutorisproemissosigno

84 2381 222 2439 dimittam
243 2385 410 2441 lectionibus
427 2387 462 2440 ad
484 2388 620 2457 majorem
646 2385 771 2449 missam,
794 2383 875 2454 cujus
917 2389 1002 2452 laici,
1013 2389 1132 2444 indicem
1148 2390 1276 2444 dextrum
1287 2405 1373 2460 super
1391 2387 1513 2442 indicent
1527 2386 1672 2440 sinistrum
1689 2385 1717 2440 in

84 2473 196 2528 cilicium
212 2479 264 2532 est.
286 2474 406 2546 primam
424 2475 531 2529 scillam
547 2473 646 2546 incipit
668 2474 791 2544 pulsare.
821 2471 874 2524 Pro
916 2479 1221 2550 modumcrucisponq
1238 2479 1460 2550 sioquernovens
1474 2474 1616 2547 quasiqui
1632 2473 1716 2530 subu.

84 2560 155 2632 signo
169 2560 223 2632 180)
239 2563 399 2628 Circatoris,
416 2563 497 2634 signo
508 2563 634 2634 generali
657 2560 785 2616 monachi
802 2577 875 2631 prae·
915 2567 944 2622 la
957 2568 1089 2639 perierat,
1101 2575 1229 2622 suentem
1244 2567 1356 2621 simula·

84 2665 171 2716 inissa,
183 2651 327 2724 predicto,
342 2653 425 2707 modo
448 2652 568 2707 indicem
584 2651 687 2723 profer.
713 2651 767 2704 Pro
792 2649 873 2720 signo
1125 2693 1127 2698 .
1201 2657 1319 2712 CAPUT
1334 2655 1438 2711 xlllll,

85 2740 201 2796 custodis
226 2741 360 2808 ecclesia,
383 2741 508 2813 generali
529 2742 686 2814 praemisso,
705 2755 769 2796 curn
789 2754 875 2793 manu
1089 2745 1127 2799 lla
1139 2747 1227 2812 rionis
1238 2746 1415 2799 diremerunt
1430 2759 1538 2798 rerum.

85 2829 179 2884 simula
208 2847 374 2903 campanam
402 2847 512 2886 sonare.
538 2832 593 2886 Pro
620 2830 702 2901 signo
715 2827 874 2892 camerarii,
951 2832 1007 2888 Pro
1033 2833 1113 2905 signo
1138 2833 1275 2898 omnium,
1308 2832 1514 2906 comprehende
1542 2831 1658 2902 capillos
1686 2829 1716 2884 in

84 2919 198 2986 genemli
215 2921 370 2992 praemisso,
387 2920 488 2976 simula
507 2919 638 2975 dorsarios
660 2923 870 2975 numerantem.
883 2930 906 2994 c
917 2920 1017 2976 fronte.
1032 2921 1086 2976 Pro
1098 2921 1178 2993 signo
1191 2921 1331 2994 loquendi,
1344 2928 1442 2976 contra
1454 2937 1485 2975 os
1499 2927 1564 2974 tene
1577 2919 1715 2986 dextram,

86 3006 134 3061 Pro
151 3008 233 3080 signo
247 3009 396 3075 cellerarii,
412 3010 537 3080 generali
552 3009 706 3081 premisso,
723 3007 826 3062 simula
844 3007 874 3060 in
917 3016 947 3064 at
960 3009 1001 3065 ita
1024 2995 1086 3065 earu
1112 3027 1207 3077 mom3
1230 3011 1283 3066 hoc
1297 3016 1341 3065 est
1354 3011 1466 3080 signum
1482 3009 1567 3064 etiam
1593 3007 1715 3076 legendi.

84 3110 188 3152 nauum
205 3097 312 3153 clavem
323 3099 552 3170 tenere,stquasi
566 3095 875 3154 seraeiniixamimmit·
918 3098 972 3153 Pro
996 3100 1077 3170 signo
1103 3099 1235 3154 audiendi
1268 3107 1332 3154 tene
1354 3099 1473 3153 indicem
1496 3103 1594 3152 contra
1608 3111 1716 3150 aurern.

84 3189 145 3240 tere.
167 3187 222 3241 Pro
236 3186 318 3258 signo
340 3188 481 3249 Granarii,
501 3188 549 3259 qui
564 3203 705 3242 annonam
730 3186 829 3256 recipit
847 3189 877 3238 et
918 3187 1223 3259 Prusiguonesciendi,
1240 3205 1303 3243 cum
1324 3188 1414 3242 indice
1430 3199 1523 3241 erecto
1537 3185 1717 3254 lebiatinge.

85 3285 176 3332 semu.
188 3275 293 3332 simula
306 3293 370 3331 cum
386 3276 522 3332 ambabus
542 3275 682 3334 manibus.
698 3274 778 3346 quasi
792 3273 876 3328 alicui
918 3278 973 3332 Pro
986 3277 1067 3349 siguo
1085 3277 1276 3342 obliviscendi,
1297 3277 1417 3332 indicem
1434 3276 1468 3331 de
1483 3291 1551 3330 aure
1564 3275 1663 3328 dextra
1681 3273 1717 3328 ad

84 3364 134 3416 rosi
149 3380 290 3421 annonam
303 3365 468 3420 immitteres
479 3365 513 3420 ad
530 3365 714 3420 metiendum.
732 3364 785 3418 Pro
795 3363 876 3434 signo
918 3366 1062 3422 sinistram
1086 3369 1216 3422 transler.
1243 3367 1296 3420 Pro
1311 3365 1391 3432 signo
1407 3363 1571 3422 mentiendi.
1595 3361 1717 3417 indicem

86 3450 240 3517 llortularii,
262 3453 387 3523 generali
403 3454 557 3525 premisso,
573 3453 694 3508 indicem
718 3453 827 3507 inllectc
847 3457 876 3506 at
918 3471 1003 3525 super
1030 3455 1105 3510 labia
1141 3455 1263 3527 positum
1307 3455 1398 3510 trahe.
1433 3455 1487 3508 Pro
1524 3452 1604 3523 signo
1641 3467 1721 3506 oscu-

85 3543 279 3605 otiosissime
292 3545 339 3614 qui
355 3551 475 3597 rastrum
491 3543 612 3598 deterre
624 3541 876 3611 trahitlrosigno
917 3543 1003 3602 landi.
1042 3543 1161 3599 indicem
1198 3543 1280 3598 labiis
1316 3543 1439 3613 impone.
1479 3542 1533 3596 Pro
1570 3541 1651 3611 signo
1669 3539 1719 3596 de·

86 3631 200 3685 cosmatis
224 3631 348 3702 hospitii.
373 3631 421 3686 ubi
440 3631 575 3700 hospites.
601 3630 648 3701 qui
666 3636 734 3685 sunt
748 3629 875 3694 ditiores,
917 3633 1021 3688 relictae
1047 3633 1267 3697 consuetudinis,
1300 3633 1343 3686 vel
1377 3632 1494 3686 alterius
1528 3631 1569 3684 rei
1601 3627 1719 3684 interdi-

86 3719 262 3788 recipiuntur,
288 3720 415 3790 generali
443 3719 716 3791 praemisso.simulo
734 3717 769 3773 de
792 3733 877 3772 manu
918 3727 980 3786 ctae,
1012 3723 1069 3776 sive
1091 3739 1153 3793 qua
1182 3723 1241 3792 jarn
1266 3721 1408 3784 deiecerit,
1432 3720 1552 3776 indicem
1572 3719 1719 3773 dexterum

83 3808 198 3877 gladium
213 3810 334 3864 tmlrere.
354 3811 408 3864 Pro
418 3810 498 3881 signo
511 3808 732 3880 elsarnosyourii.
747 3809 794 3880 qui
810 3809 878 3864 reci·
919 3816 985 3865 ante
1022 3811 1228 3865 extremitatem
1261 3809 1367 3865 sinistri
1397 3809 1520 3878 dimitte,
1548 3807 1628 3879 quasi
1654 3823 1719 3862 cum

84 3897 120 3967 pic
136 3915 282 3972 pauperes,
298 3900 379 3954 trahe
396 3900 558 3955 rnsrnumde
578 3901 695 3955 humero
713 3899 828 3956 sinistro
847 3900 877 3954 in
918 3899 1009 3954 cultro
1046 3899 1151 3971 aliquid
1188 3904 1382 3970 amputantem
1412 3898 1538 3952 simules.
1558 3897 1613 3951 Pro
1637 3896 1718 3966 signo

83 3984 203 4042 dextrum
219 3987 303 4048 latus,
319 3988 393 4042 sicut
406 3988 527 4058 corrigia
542 4003 614 4059 peras
628 3988 701 4042 solet
714 4004 730 4042 a
745 3987 875 4059 pauperi·
919 3988 1065 4052 vestiendi,
1089 3988 1208 4042 maxime
1226 4003 1289 4042 cum
1307 3987 1380 4052 alba,
1408 4003 1457 4058 per
1478 3992 1576 4058 pectus
1600 3999 1717 4040 manum

84 4073 129 4128 bus
141 4077 254 4146 portari.
278 4076 333 4131 Pro
360 4077 439 4148 signo
461 4077 618 4142 infirmarii,
642 4076 691 4147 qui
712 4076 876 4148 obsequitur
917 4078 997 4132 trahe
1007 4078 1137 4131 deorsum
1151 4073 1719 4147 Prosignoexuendivestem‚quaindutus

83 4159 203 4229 infirmis,
219 4166 346 4238 generali
362 4169 517 4238 praemisso,
533 4167 604 4221 adde
624 4166 734 4237 signum
759 4166 877 4221 indrmi-
918 4182 958 4226 es.
973 4182 1036 4220 cum
1053 4166 1152 4236 pollice
1166 4165 1323 4220 etindicea
1339 4171 1450 4236 pectore
1464 4163 1555 4219 trahe.
1568 4163 1622 4216 Pro
1636 4160 1716 4232 signo

84 4255 213 4311 tatisPro
228 4257 310 4328 signo
329 4257 511 4320 refectorarii.
522 4258 648 4328 generali
664 4257 817 4328 praemisso,
832 4258 909 4341 lacn
919 4254 1108 4312 discalciandi.
1122 4254 1264 4324 praemisso
1278 4254 1358 4323 signo
1372 4253 1508 4323 corrigia,
1524 4249 1717 4322 addesignum

82 4341 185 4414 signum
199 4345 366 4403 reiectionis.
383 4349 438 4402 Pro
459 4347 540 4418 signo
560 4345 707 4402 custodum
722 4345 875 4412 Juvenum,
920 4343 1049 4398 exuendi.
1068 4342 1122 4398 Pro
1141 4342 1221 4413 signo
1244 4341 1355 4396 lavandi
1376 4340 1471 4413 pedes,
1490 4340 1638 4394 ambarum
1656 4353 1718 4392 ma·

82 4437 219 4501 ammisso
227 4437 363 4506 generali.
375 4437 494 4490 minore
504 4436 622 4505 digitum
636 4435 878 4506 minimum.quod
919 4447 1008 4486 nuum
1029 4430 1165 4485 interiora
1177 4431 1212 4484 ad
1229 4430 1345 4484 invicem
1361 4429 1518 4494 committe,
1528 4435 1558 4482 at
1570 4427 1718 4499 paululum
1738 4433 1746 4442 '

82 4529 119 4576 est
132 4540 243 4594 signum
264 4524 385 4595 juvenis,
412 4530 442 4579 et
461 4525 582 4578 indicem
604 4539 676 4594 pone
696 4524 731 4578 ad
752 4524 875 4588 oculum,
919 4519 998 4587 uico,
1013 4519 1093 4589 quasi
1107 4520 1244 4573 lavantem
1256 4518 1382 4573 simules.
1398 4519 1452 4572 Pro
1465 4519 1547 4589 signo
1562 4516 1720 4588 boni,quid·

82 4611 150 4679 quod
163 4613 328 4682 estsignum
343 4613 464 4669 videndi.
489 4613 543 4666 Pro
558 4612 639 4683 signo
663 4612 790 4683 magistri
814 4615 878 4668 nori
919 4608 985 4680 quid
1000 4609 1038 4663 sit
1050 4614 1080 4662 et
1093 4609 1195 4664 bonum
1211 4613 1240 4663 et
1254 4608 1401 4679 pulchrum
1415 4607 1528 4672 dixeris,
1540 4605 1669 4678 pollicem
1688 4605 1718 4661 in

81 4697 119 4758 tii,
135 4702 215 4754 trahe
241 4717 355 4756 manum
380 4702 523 4773 obliquam
548 4717 598 4773 per
622 4701 737 4772 capillos
764 4710 878 4757 contra·
918 4699 1068 4762 maxillam,
1086 4705 1115 4752 et
1128 4705 1278 4768 sequentes
1292 4698 1363 4752 duos
1376 4697 1479 4767 digitos
1497 4696 1525 4750 in
1546 4696 1675 4760 alteram,
1691 4699 1720 4750 et

80 4785 207 4854 irontern,
224 4790 298 4860 quod
313 4796 356 4844 est
375 4790 473 4845 novitii
492 4789 603 4859 signum
619 4795 648 4844 et
662 4789 781 4860 alicujus
800 4807 877 4846 nouae
917 4789 958 4842 ita
972 4788 1015 4842 iac
1033 4805 1081 4843 eos
1096 4787 1124 4842 in
1136 4787 1314 4842 extremitate
1328 4786 1416 4841 urenti
1432 4785 1533 4840 blande
1546 4784 1646 4840 collabi
1664 4784 1718 4840 Pro

80 4875 126 4937 rei,
135 4881 165 4929 ut
177 4877 250 4931 adde
263 4877 375 4948 signum
392 4878 570 4933 ridendi.Pro
584 4877 664 4948 signo
680 4878 798 4948 alicujus
807 4878 876 4937 bene
918 4877 999 4948 signo
1014 4876 1090 4935 mali.
1101 4876 1197 4947 digitis
1212 4891 1340 4947 sparsum
1352 4875 1381 4929 in
1392 4875 1491 4930 taciem
1505 4873 1719 4946 positissimula

80 4961 203 5018 litterati.
231 4965 372 5021 ueletiam
389 4983 439 5038 pro
456 4967 661 5038 signnsciundi.
679 4982 743 5021 cum
758 4969 877 5023 summi·
918 4983 1043 5036 unguem
1073 4964 1132 5019 aris
1155 4964 1262 5036 aliquid
1287 4964 1435 5019 lacerando
1463 4963 1640 5018 attrahentis.
1663 4963 1718 5016 Pro

79 5053 242 5108 lateindicis
251 5054 278 5108 in
294 5063 405 5126 pectore
414 5056 620 5127 aliquantulum
637 5055 716 5109 frica.
734 5056 787 5114 Pro
796 5058 876 5129 igno
917 5055 998 5127 signo
1021 5054 1164 5112 innuendi.
1190 5054 1247 5108 sive
1273 5053 1441 5124 apportandi
1464 5051 1581 5123 aliquid,
1598 5056 1719 5122 quatuor

78 5139 231 5211 preposui,
253 5144 379 5212 generali
402 5145 554 5216 premisso,
573 5145 617 5198 iac
636 5143 755 5198 indicem
772 5148 877 5217 premi·
917 5145 1022 5216 digitos
1038 5160 1115 5198 more
1128 5143 1211 5198 solito
1225 5149 1325 5198 contra
1350 5142 1448 5197 faciem
1465 5157 1544 5196 move
1571 5141 1622 5194 Pro
1637 5139 1717 5210 signo

79 5243 141 5282 nare
151 5245 179 5284 ιη
198 5230 300 5296 ironte,
318 5233 392 5304 quod
403 5242 447 5288 est
462 5233 573 5305 signum
589 5232 800 5303 boris‚eoquod
819 5235 876 5307 ipss
918 5233 1086 5304 negationis.
1102 5232 1295 5288 summitatem
1312 5231 1397 5286 medii
1413 5231 1503 5301 digiti,
1524 5229 1617 5301 pollici
1632 5243 1715 5300 pone,

78 5318 112 5372 sit
125 5318 224 5374 talium
240 5322 376 5390 provisor.
390 5323 443 5378 Pro
454 5323 535 5395 signo
550 5322 677 5394 magistri
691 5327 877 5381 cementario-
918 5331 946 5378 et
959 5324 998 5376 ita
1020 5321 1064 5376 iac
1088 5321 1231 5394 prosilere.
1256 5321 1310 5375 l'ro
1325 5321 1407 5391 signo
1419 5317 1581 5385 celeritatis,
1598 5315 1716 5372 extende

79 5459 328 5604 “immores
339 5465 417 5534 dicti,
435 5465 470 5521 ad
489 5481 560 5540 quos
575 5465 779 5523 monasterium
793 5467 917 5530 obeundi
931 5481 1000 5524 cura
1012 5462 1167 5538 spectabat,
1182 5479 1280 5521 sorum
1295 5461 1471 5518 officiumhic
1484 5458 1533 5515 lib.
1551 5475 1573 5517 u
1590 5458 1717 5534 pluribus
