3872 6162
212 251 269 314 983
736 247 766 303 S.
787 243 985 303 GUILLELMI
1005 240 1158 302 taurus
1178 243 1348 302 ulusauu.
1487 193 1492 200 ·
1774 247 1818 308 tlt

219 381 287 436 dum
302 379 383 434 fratri
396 376 528 449 quaelibet
541 387 586 432 res
597 375 764 446 injungitur,
777 379 805 428 et
818 373 944 445 quamvis
953 389 1016 426 con·
1024 372 1139 438 Adinis,
1154 379 1187 427 ut
1200 375 1246 444 qui
1256 372 1393 441 judicium
1405 369 1514 441 accipit,
1526 369 1673 443 quidquam
1684 371 1750 426 aliud
1760 372 1820 429 dieat

215 469 357 525 tradicere
374 461 465 522 verbis
479 483 534 520 non
548 465 659 530 audent,
677 481 760 535 agere
774 469 870 518 tarrien
885 462 1018 532 dedigna·
1058 462 1111 516 nisi
1128 465 1290 531 liceretne,
1306 467 1401 516 tarnen
1422 459 1572 531 aliquando
1595 476 1656 515 eum
1682 477 1723 515 res
1748 463 1821 534 scopis

218 557 338 615 tunila
355 561 476 626 quatuor
491 569 581 609 ceusu
608 570 658 626 pro
686 552 839 608 rebellione
865 549 972 616 haberi,
989 555 1018 603 et
1058 552 1161 622 agitur,
1178 557 1206 606 et
1219 552 1290 606 forte
1305 567 1335 605 se
1350 549 1564 604 emendaturum
1575 548 1681 616 dixerit,
1690 551 1822 606 conscium

218 644 348 700 staminei
371 643 513 698 exuitione
537 644 630 697 solent
654 641 796 696 vindicari.
816 640 866 694 llic
879 655 955 710 ergo,
970 638 1018 709 qui
1058 657 1115 696 non
1129 645 1252 704 notatur,
1263 640 1313 694 sed
1327 645 1356 694 et
1368 637 1520 693 libentera
1545 637 1681 710 prioribus
1700 639 1823 711 accipitur,

218 733 268 789 tali
279 732 386 804 judicio
401 731 544 802 subjacere
554 731 679 804 jubetur,
692 730 802 784 cuculla
813 734 840 783 ct
852 728 943 783 frocco
955 742 1019 781 exu-
1060 736 1089 785 et
1103 729 1138 784 ab
1149 729 1189 784 eis
1202 728 1410 784 intercessionis
1423 727 1525 798 gutia,
1542 743 1605 798 quae
1628 727 1825 798 diligentioribus

218 823 266 890 tis,
283 821 361 877 etad
376 821 461 892 pedes
476 837 542 876 suos
555 819 654 892 positis
670 819 757 883 sedet,
769 817 959 888 accedensque
969 817 1020 870 Ga·
1059 817 1194 872 iratribus
1208 818 1294 872 etiarn
1315 816 1344 871 in
1367 815 1524 872 minoribus
1545 815 1657 886 judiciis
1669 815 1735 870 solet
1747 815 1826 872 adase

219 911 358 966 merarius
372 923 435 964 cum
450 911 552 974 cultro,
567 909 738 964 stamineum
751 903 1019 977 ejusdissutum‚ab
1060 913 1223 979 spontanea,
1240 907 1334 962 minus
1348 905 1437 961 cautis
1460 905 1491 960 in
1517 903 1670 975 majoribus
1690 904 1825 972 adhibetur,

219 1005 340 1071 utroque
353 1000 471 1054 humero
485 1015 587 1071 parum
612 997 702 1053 trahit
720 997 862 1051 deorsum.
879 993 957 1058 Quod
973 998 1017 1047 ta-
1060 995 1267 1051 emendationis
1289 999 1331 1066 int
1351 995 1457 1050 dictum
1475 995 1526 1065 est)
1546 992 1726 1065 promissione
1745 1009 1827 1066 proro-

220 1105 286 1144 men
296 1088 445 1160 predictus
459 1089 556 1154 irater,
573 1103 636 1142 curn
649 1087 773 1158 primum
785 1091 897 1156 tempus
910 1082 1018 1139 habue-
1059 1090 1132 1140 cata.

220 1179 269 1248 rit,
285 1178 421 1233 resarcire
436 1193 493 1232 non
508 1176 635 1247 negligit,
651 1191 686 1230 ne
700 1175 739 1229 ita
753 1174 787 1228 od
802 1172 953 1227 lavandum
972 1187 1018 1226 re·
1095 1175 1125 1231 Si
1143 1175 1238 1247 plures
1251 1173 1358 1229 scierint
1375 1174 1405 1229 in
1420 1190 1490 1246 quos
1502 1171 1679 1237 emendatur,
1693 1171 1759 1226 iacto
1770 1172 1795 1227 in
1805 1190 1828 1228 se

220 1267 350 1338 cipiatur.
367 1267 466 1321 Frater
479 1270 584 1330 autem,
601 1263 648 1336 qui
656 1263 794 1334 judicium
805 1262 880 1326 facit,
892 1265 955 1332 post
965 1265 1020 1314 ter·
1057 1264 1172 1336 judicio,
1193 1263 1311 1335 quisque
1324 1279 1342 1318 a
1355 1263 1449 1335 priore
1462 1265 1557 1334 jussus
1579 1277 1686 1316 sessum
1703 1260 1750 1326 ire,
1771 1262 1829 1332 Iudi·

220 1371 289 1426 gum
302 1355 382 1433 illius
394 1360 472 1409 stans
487 1354 514 1408 id
527 1353 647 1425 peragit.
661 1353 694 1407 ln
711 1367 823 1422 unoque
836 1349 1019 1420 capituloduo
1060 1354 1134 1408 cium
1149 1353 1285 1408 intereos
1299 1352 1412 1407 facienti
1427 1351 1476 1406 dat
1492 1351 1604 1406 locum:
1621 1349 1721 1420 dequo
1738 1349 1758 1403 si
1781 1351 1829 1420 quis

218 1443 408 1514 judicianulli
422 1443 591 1508 inseruntur,
617 1440 671 1494 nisi
696 1455 748 1510 pro
775 1438 1017 1505 contradictione;
1061 1441 1182 1513 amplius
1196 1440 1272 1512 loqui
1295 1440 1390 1506 habet,
1415 1456 1472 1495 non
1492 1439 1521 1494 id
1542 1445 1612 1494 tunc
1626 1438 1694 1510 agit,
1716 1437 1760 1493 sed
1781 1455 1830 1492 curn

222 1531 271 1586 sed
286 1532 310 1586 si
322 1538 386 1604 post
394 1532 538 1602 flagellum
550 1530 607 1584 tale
622 1529 696 1583 alind
714 1529 743 1582 in
759 1544 822 1582 eum
838 1527 1017 1592 reclamatur,
1060 1529 1153 1585 aeteri
1164 1545 1263 1594 qmnes
1273 1545 1379 1584 sessum
1392 1528 1529 1592 venerint,
1542 1528 1609 1598 quia
1622 1532 1725 1582 nonest
1735 1541 1830 1580 consue

222 1619 296 1690 quod
311 1619 398 1691 priori
413 1619 536 1674 inultum
548 1634 604 1672 non
619 1616 720 1671 debere
733 1615 837 1670 dimitti
847 1615 966 1682 videtur,
976 1614 1021 1683 ju·
1060 1619 1139 1686 tudo,
1164 1623 1197 1674 ut
1224 1634 1335 1690 quoque
1348 1617 1531 1688 adjudicium
1547 1621 1687 1688 prostrato
1699 1615 1791 1686 aliquis
1802 1615 1831 1668 ibi

221 1707 269 1764 bet
282 1724 347 1762 eum
362 1724 413 1779 pro
427 1709 480 1762 troc
492 1707 602 1761 veniam
612 1711 708 1776 petere
723 1705 758 1758 ad
778 1703 932 1758 crastinum
947 1689 1050 1774 capi-B
1060 1707 1260 1781 loquatur,nisi
1273 1707 1405 1778 praelatus
1421 1706 1488 1778 quid
1502 1705 1625 1760 breviter
1639 1705 1713 1777 loqui
1725 1703 1830 1758 voluerit

221 1797 323 1852 tulum.
339 1795 420 1860 Quod
435 1795 459 1850 si
471 1794 573 1865 aliquis
582 1799 644 1865 post
657 1799 801 1864 acceptum
810 1790 947 1862 judicium
961 1806 1021 1844 ver·
1060 1798 1141 1852 Unde
1156 1797 1208 1852 hoc
1223 1796 1379 1851 curandum
1391 1799 1443 1862 est,
1474 1800 1506 1851 ut
1530 1811 1594 1850 eum
1611 1793 1687 1866 prior
1698 1793 1831 1866 quospiam

220 1884 268 1951 bo,
283 1885 326 1939 vel
343 1884 429 1939 etiam
457 1884 518 1955 ipso
545 1882 644 1938 habitu
672 1881 787 1952 aliquod
814 1878 1021 1950 dedignationis
1063 1901 1164 1940 exuere
1174 1884 1301 1956 jusserit,
1314 1883 1369 1938 nisi
1393 1883 1456 1955 quis
1479 1883 1556 1938 sede
1571 1899 1605 1938 eo
1621 1883 1833 1952 redeloquiinti·

222 1974 335 2044 signum
348 1974 546 2028 demonstrare
559 1970 777 2043 praesumpserit,
794 1969 903 2024 noverit
913 1985 944 2022 se
956 1967 1022 2022 inde
1065 1974 1192 2040 mouerit,
1205 1973 1284 2044 prior
1296 1971 1409 2028 inierim
1425 1973 1478 2027 hoc
1489 1971 1611 2037 diiierat,
1630 1971 1716 2026 donec
1728 1970 1783 2036 isle,
1797 1969 1833 2040 qui

223 2079 280 2118 non
291 2079 478 2128 recessurum,
495 2061 585 2117 donec
603 2061 645 2114 vel
661 2066 833 2131 spontaneus
854 2059 900 2114 rel
922 2058 1021 2112 saltem
1062 2062 1303 2133 habet,proierat.
1320 2060 1401 2125 Quod
1420 2065 1525 2126 tamen,
1554 2059 1578 2114 si
1598 2063 1666 2113 tuuc
1694 2058 1832 2129 neglexerit,

224 2151 283 2204 acri
296 2151 472 2222 correptione
484 2155 598 2204 coactus
613 2149 727 2218 dignam
745 2163 795 2218 pro
810 2163 892 2218 prosse
906 2163 957 2201 suo
976 2161 1022 2200 su-
1062 2157 1178 2224 propter
1192 2150 1296 2205 iactum
1305 2149 1443 2220 judicium
1453 2147 1501 2202 ille
1514 2163 1571 2202 non
1582 2146 1716 2203 reticebit.
1726 2145 1834 2216 Deculpa

224 2237 411 2294 tisiactionem
422 2255 486 2293 cum
501 2237 577 2292 omni
588 2237 748 2292 humilitate
762 2235 932 2306 promiserit.
1063 2245 1158 2297 autem
1172 2241 1232 2310 jani
1248 2239 1407 2304 emendata,
1429 2237 1600 2292 defensionis
1614 2235 1725 2292 verbum
1736 2237 1788 2306 jam
1799 2249 1834 2288 ca-

528 2327 645 2381 CAPUT
657 2324 717 2380 LII·
1064 2336 1153 2396 vetur,
1172 2345 1207 2383 ne
1222 2328 1270 2400 qui
1286 2327 1424 2398 judicium
1439 2327 1500 2381 lieri
1517 2326 1615 2397 jussit,
1639 2324 1740 2398 culpari
1761 2322 1834 2377 ridea-

342 2418 378 2471 De
396 2417 558 2470 discretione
566 2415 710 2484 judiciam
724 2415 899 2482 facientium.
1062 2424 1118 2473 tur.

259 2505 433 2561 *Talesrero
443 2504 550 2575 judicia
565 2502 854 2574 iacereJ'nbenturqui
864 2505 1024 2556 tanttesunt
1358 2505 1480 2562 CAPUT
1498 2503 1576 2561 LIII.

227 2593 414 2659 discretionis,
429 2599 462 2648 ut
473 2592 572 2660 sciant,
588 2591 728 2664 quomodo
743 2590 898 2662 quamlibet
911 2591 1021 2662 culpam
1065 2598 1296 2665 Ouidcovendom
1307 2599 1343 2650 sit
1355 2601 1412 2650 torn
1422 2596 1593 2650 inclamanti
1602 2594 1686 2665 mrem
1699 2595 1834 2648 inclamato.

228 2683 380 2738 emendare
394 2681 525 2747 debeant,
542 2682 590 2754 qui
604 2686 633 2736 et
646 2681 795 2751 diligenter
804 2680 951 2734 attendant
957 2679 1025 2750 quid
1102 2687 1111 2711 *
1125 2683 1297 2739 Inclamatus
1311 2685 1396 2738 etiam
1412 2699 1469 2739 suae
1483 2682 1691 2738 inclamationis
1711 2687 1763 2736 tam
1775 2685 1838 2734 exta

225 2771 255 2826 in
266 2770 420 2844 quemlibet
433 2772 612 2838 reclametur,
625 2771 736 2841 culpam
746 2769 831 2824 simul
841 2775 869 2824 et
882 2768 1026 2823 inclamati
1066 2791 1150 2846 qnam
1167 2774 1240 2828 intra
1254 2773 1406 2845 capitulum
1422 2772 1755 2828 cavelmurmurationem
1765 2769 1838 2824 iacere

226 2860 402 2931 diligentiam
414 2876 464 2915 seu
480 2859 680 2930 negligentiam
702 2875 798 2914 secum
820 2858 1022 2924 examinantes,
1065 2863 1101 2917 nd
1129 2878 1309 2934 quemquam.
1330 2863 1403 2916 Nam
1426 2877 1478 2916 nec
1492 2861 1542 2916 ulli
1557 2861 1594 2916 de
1607 2861 1661 2927 his,
1676 2875 1736 2930 qum
1747 2858 1806 2914 talia
1816 2857 1838 2910 in

224 2964 282 3004 non
297 2947 418 3019 propriae
428 2947 565 3002 voluntati
577 2947 789 3002 satislacientee.
800 2947 1024 3018 Smpeenimeve-
1065 2952 1188 3023 capitulo
1205 2955 1339 3023 aguntur,
1355 2955 1436 3005 extra
1456 2949 1614 3022 capitulum
1633 2951 1697 3004 ltcet
1710 2947 1839 3020 quidquam

224 3037 277 3105 nit,
293 3042 326 3092 ut
338 3037 440 3108 aliquis
453 3035 661 3107 diligentiorum
674 3037 792 3092 fratrum
805 3036 834 3089 in
842 3036 953 3106 culpam
966 3051 1024 3089 ma·
1034 3007 1056 3068 C
1065 3040 1152 3112 loqui,
1163 3040 1218 3095 nisi
1233 3041 1273 3094 sic
1288 3039 1377 3111 possit
1399 3039 1470 3106 lieri,
1488 3045 1594 3094 utnon
1613 3039 1777 3102 scandalum,
1801 3034 1838 3088 sod

223 3126 316 3196 jerem
331 3125 573 3197 incidat‚quren0n
585 3125 625 3179 ita
636 3125 664 3178 in
673 3141 716 3192 eo,
726 3129 758 3180 ut
767 3125 798 3180 in
808 3125 967 3196 negligente
975 3124 1025 3178 ali·
1065 3130 1158 3202 potius
1171 3128 1317 3184 aedificatio
1330 3129 1369 3182 sit
1379 3128 1568 3184 audientium.
1595 3128 1651 3184 Sed
1671 3132 1699 3182 et
1709 3123 1840 3180 carendum

227 3231 283 3285 quo
297 3214 442 3269 emendari
455 3215 536 3268 solet.
550 3215 649 3268 iussus
663 3219 758 3268 autem
773 3214 808 3268 ad
831 3213 1024 3285 accipiendum
1066 3223 1157 3273 estne
1172 3219 1330 3290 quisquam,
1347 3233 1411 3272 cum
1421 3217 1536 3272 fratrem
1551 3217 1588 3272 ob
1600 3215 1840 3288 majoremaliquem

224 3304 361 3375 judicium
380 3319 410 3358 se
429 3319 485 3358 non
504 3308 653 3374 praeparat,
669 3303 723 3357 nisi
737 3303 922 3372 inclamatus3
944 3307 1026 3357 ante·
1067 3323 1209 3363 excessum
1223 3301 1298 3362 videt
1323 3307 1353 3361 in
1381 3307 1464 3361 anxio
1478 3307 1615 3378 positum,
1632 3306 1710 3379 quasi
1723 3310 1782 3359 tunc
1795 3299 1841 3372 pri·

227 3408 313 3463 quam
324 3397 452 3458 exuatur,
468 3407 520 3446 nec
533 3392 642 3445 veniam
657 3391 735 3463 petit,
752 3408 804 3447 uec
817 3391 924 3463 aliquid
937 3391 1025 3463 loqui·
1067 3413 1143 3452 mum
1157 3397 1271 3451 inventa
1285 3396 1439 3462 occasione,
1456 3411 1490 3450 ea
1505 3411 1567 3466 quae
1578 3397 1640 3466 jam
1654 3400 1719 3450 ante
1731 3393 1796 3448 ulna
1806 3405 1841 3443 re-

227 3485 291 3549 tur3
308 3480 357 3534 sed
373 3481 467 3534 statim
484 3485 593 3546 exutae,
605 3481 879 3536 vestimentasuaita
892 3480 980 3552 pontt,
994 3486 1026 3535 ut
1067 3485 1156 3550 licuit,
1172 3490 1223 3540 aut
1236 3483 1367 3556 quelibet
1378 3483 1497 3555 pristine
1514 3485 1577 3554 eJus
1605 3483 1679 3539 facta
1696 3493 1841 3538 commemo-

228 3569 258 3623 in
271 3569 387 3639 longum
402 3573 559 3639 prostratus
575 3568 620 3622 vix
639 3569 731 3640 capite
759 3570 795 3623 ad
819 3585 852 3623 ea
873 3569 1024 3640 pertingat.
1067 3574 1165 3641 cando,
1180 3574 1292 3644 culpam
1306 3571 1381 3627 illius
1393 3571 1507 3627 studeat
1529 3588 1709 3644 exaggerare.
1729 3568 1842 3626 Similiter

229 3657 317 3728 Cujus
329 3657 510 3724 stamineum,
525 3657 549 3711 si
560 3673 631 3728 opus
641 3663 693 3724 est,
704 3657 932 3730 priuscomponit
945 3658 969 3712 is
978 3657 1027 3728 qui
1067 3662 1219 3718 inclamato
1229 3661 1345 3717 cuilibet
1352 3660 1504 3716 cavendum
1514 3667 1557 3716 est
1567 3677 1604 3716 ne
1614 3675 1784 3733 quemquam,
1799 3653 1840 3710 nisi

227 3744 364 3815 judicium
376 3744 468 3799 saciet.
485 3745 539 3803 Sed
555 3745 621 3816 quia
634 3745 751 3801 diversa
766 3747 934 3818 quantitatis
943 3746 1027 3817 virgae
1068 3751 1194 3808 ordinem
1208 3749 1421 3818 tenentem,sed
1430 3749 1538 3805 ethunc
1549 3751 1672 3806 nonnisi
1683 3749 1732 3805 sibi
1746 3749 1842 3819 loqueu-

229 3849 282 3905 per
295 3833 495 3888 Granatarium
522 3833 725 3890 administrate
753 3851 899 3906 nunquam
925 3835 1027 3890 desunt
1067 3838 1514 3911 teminspiciet,etinclamantem
1529 3853 1559 3892 se
1583 3839 1613 3894 in
1629 3855 1662 3894 eo
1678 3836 1842 3910 capitulouon

229 3921 280 3991 ibi,
291 3923 398 3978 scilicet
408 3925 529 3994 majores
539 3924 574 3978 ad
583 3921 790 3995 corripiendum
806 3925 900 3980 minus
918 3935 1025 3994 cautos,
1067 3929 1209 3984 inclamet.
1226 3929 1307 3992 Quod
1321 3932 1350 3983 et
1367 3927 1397 3982 in
1407 3928 1534 4000 proximo
1550 3933 1602 3982 aut
1619 3928 1705 3983 etiam
1720 3924 1795 3982 tertio
1810 3919 1843 3975 ml

230 4011 354 4066 minores
368 4028 434 4066 vero
453 4012 489 4066 ad
498 4011 701 4082 diligentiores.
716 4013 776 4084 ipse
787 4014 823 4068 ad
835 4014 974 4085 iudicium
988 4015 1027 4069 ia·
1068 4025 1170 4090 quarto
1185 4029 1314 4086 caretum
1332 4018 1356 4072 si
1375 4023 1470 4072 tamen
1483 4016 1579 4088 gravis
1596 4017 1685 4089 culpae
1698 4017 1743 4070 ille
1755 4015 1781 4068 iu
1791 4025 1843 4066 eum

230 4100 359 4156 ciendum
369 4100 474 4171 eligere
482 4099 690 4172 debet,qualem
700 4101 760 4173 ipsa
769 4119 799 4156 re
815 4103 926 4174 exposci
941 4103 1026 4160 videt.
1068 4107 1167 4162 iecerit
1175 4106 1414 4161 reclamationem.
1427 4106 1482 4162 Sed
1496 4121 1590 4176 neque
1608 4107 1640 4162 in
1656 4121 1689 4160 eo
1703 4099 1844 4176 capituloin

230 4187 263 4242 In
277 4205 332 4260 qno
346 4194 410 4260 post
423 4189 544 4260 primam
558 4190 766 4261 percussionem
779 4206 831 4246 nec
844 4192 892 4246 ille
913 4207 1028 4247 manum
1070 4211 1240 4266 quemquam
1254 4195 1298 4250 sui
1324 4195 1534 4250 inclamatorem
1554 4195 1619 4266 quis
1642 4193 1754 4266 jubetur
1772 4190 1845 4244 iacere

229 4277 424 4348 percutientis,
440 4293 491 4332 nec
504 4279 658 4334 istevocem
665 4282 874 4351 exspectabiles
883 4284 974 4350 eulpa,
985 4297 1028 4336 re·
1067 4284 1216 4355 judicium,
1229 4283 1278 4356 qui
1287 4283 1395 4355 primus
1404 4283 1683 4356 inclamavitipsum.
1701 4281 1753 4337 Sed
1761 4285 1846 4334 eicon·

230 4365 410 4436 spondentis3
426 4366 475 4421 sed
485 4367 563 4422 nulla
575 4367 605 4423 in
616 4369 668 4423 hac
690 4385 721 4423 re
742 4375 851 4424 seruata
873 4363 1058 4441 parilitatem
1068 4374 1156 4428 versis
1171 4373 1200 4427 id
1215 4371 1489 4428 omninodebetesse
1500 4371 1625 4428 alienum
1638 4392 1645 4427 :
1660 4387 1725 4427 nam
1736 4365 1847 4423 sacerdos

231 4454 416 4509 continuatim
425 4455 617 4526 istepercutit,
629 4457 677 4512 ille
686 4459 745 4512 Meo
755 4461 837 4527 culpo
854 4458 930 4525 dicit,
942 4459 1029 4514 donee
1068 4465 1098 4520 In
1113 4462 1296 4528 sacerdotem,
1312 4467 1342 4516 et
1354 4461 1473 4532 quisque
1493 4461 1523 4516 in
1539 4476 1616 4528 eum,
1644 4460 1691 4532 qui
1711 4456 1751 4512 rel
1763 4455 1802 4510 sui
1812 4450 1846 4504 uel

231 4541 311 4614 prior
321 4544 525 4613 percutientem
540 4545 776 4617 cessarejubebit.
787 4547 924 4602 Nimietus
934 4553 1029 4602 tamen
1069 4549 1210 4606 inferioris
1224 4555 1267 4605 est
1290 4549 1406 4615 ordinis,
1423 4549 1491 4604 iacit
1501 4549 1653 4620 judicium,
1675 4553 1704 4603 et
1724 4541 1847 4601 interdum

231 4630 400 4686 festinantia
413 4637 527 4687 cavetur
541 4633 576 4686 ab
595 4640 728 4706 utroque.
755 4635 850 4707 Scapis
864 4641 959 4691 autem
974 4635 1027 4692 etsi
1067 4638 1183 4710 jubetur
1209 4639 1239 4694 id
1267 4639 1357 4693 iacere
1371 4637 1472 4710 aliquis
1486 4653 1585 4694 eorum
1599 4637 1649 4710 qui
1662 4627 1847 4700 suntinimi-

231 4719 353 4790 majores
366 4723 476 4775 tantum
487 4725 530 4782 (ut
545 4721 713 4794 dictumest)
726 4723 815 4795 culpae
830 4726 1025 4793 emendentur,
1068 4727 1122 4783 cio.

231 4807 340 4863 modice
352 4814 448 4863 tamen
461 4809 624 4882 hujusmodi
645 4813 783 4886 correptio
798 4813 956 4882 inchoatur,
978 4815 1028 4870 sed
1360 4813 1474 4871 CAPUT
1492 4814 1564 4870 LIV.

232 4897 256 4952 si
265 4898 382 4969 praelato
400 4897 490 4953 visum
504 4899 597 4963 luerit,
604 4901 687 4972 jussu
700 4902 761 4974 ejus
775 4903 879 4957 sensim
894 4910 1026 4974 augetur,
1069 4905 1146 4974 Quod
1163 4907 1196 4958 in
1220 4905 1399 4958 reclamando
1414 4919 1471 4958 non
1485 4906 1520 4958 cit
1536 4917 1723 4974 personarum
1736 4896 1844 4966 amentio·

232 4991 345 5041 servata
357 4992 453 5042 tamen
466 4987 703 5060 ubiquesraterna
712 4993 904 5064 compassione
916 4993 946 5047 in
954 4993 1029 5064 judi·
1104 4995 1157 5048 'In
1167 4991 1345 5048 reclamando
1357 4995 1452 5046 autem
1465 5008 1522 5046 non
1538 4996 1582 5047 est
1592 5003 1773 5062 personarum
1786 4997 1849 5039 actu

232 5075 286 5143 cio,
302 5079 361 5130 tam
375 5076 454 5147 uirga
464 5092 547 5147 quam
562 5080 653 5151 scopis
663 5079 798 5148 iaciendo,
813 5097 848 5136 ur
860 5099 894 5136 ar
905 5097 1030 5137 nrsctrct·
1070 5082 1138 5153 ptio,
1151 5081 1200 5136 sed
1221 5089 1281 5136 tam
1300 5080 1427 5135 seniores
1449 5097 1466 5135 a
1478 5080 1649 5152 junioribus,
1665 5094 1746 5152 quam
1759 5073 1807 5147 ipsi
1819 5067 1848 5124 ab

232 5181 276 5220 nm
310 5181 455 5221 nrsunrorro
484 5183 605 5223 manusc
636 5185 747 5233 salros,
775 5186 808 5224 ar
833 5185 1029 5226 arseniconnrm
1070 5170 1126 5225 illis
1135 5170 1334 5224 inclamantur.
1352 5169 1387 5223 Et
1408 5169 1432 5224 si
1456 5169 1485 5224 in
1499 5170 1597 5225 eadem
1607 5169 1690 5240 culpa
1701 5165 1787 5222 senior
1796 5159 1848 5231 quis

231 5269 367 5308 nnnrsrrro
386 5269 493 5309 rovum
511 5271 665 5312 succensos.
697 5257 874 5328 Quamquam
896 5274 1029 5314 nonnun·
1069 5275 1133 5313 cum
1152 5251 1265 5328 juniore
1289 5257 1419 5313 inventus
1433 5257 1528 5324 fuerit,
1543 5251 1793 5327 uoneujusaetatis,
1807 5245 1848 5302 sed

230 5355 315 5411 quam
330 5341 414 5396 etiam
424 5343 518 5398 minus
528 5352 618 5400 cautis
633 5345 820 5401 adhibeantur
833 5346 958 5401 tomenta
968 5349 1027 5419 pie·
1069 5349 1149 5418 cujus
1159 5347 1311 5417 diligentiae
1330 5346 1376 5406 sit,
1390 5347 1560 5408 attenditur;
1574 5363 1625 5401 nec
1634 5362 1653 5400 a
1666 5340 1785 5416 judiciali
1795 5351 1847 5390 sea·

227 5428 305 5496 tutis,
321 5436 433 5502 utquos
448 5448 506 5487 non
525 5431 589 5488 vicit
615 5434 694 5506 rigor
712 5435 906 5503 districtionis,
935 5436 1029 5491 vincat
1069 5436 1167 5504 tentia,
1181 5436 1236 5490 nisi
1248 5435 1332 5490 simul
1352 5451 1416 5490 cum
1436 5435 1549 5506 juniore
1568 5434 1721 5506 excipitur3
1736 5423 1847 5501 quamvis

226 5527 307 5572 amor
319 5521 532 5590 compassionis.
547 5521 628 5578 Unde
652 5523 719 5580 lieet
742 5539 800 5580 non
823 5524 861 5579 sit
878 5530 1029 5580 consuetu·
1069 5526 1129 5582 huc
1140 5524 1323 5595 diligentibus
1337 5524 1503 5596 plerumque
1516 5527 1703 5596 temperetur.
1716 5514 1845 5576 Interdum
