3934 6174
100 219 150 276 265
427 219 467 274 ΙΝ
484 218 518 274 D.
539 215 647 270 PAULI
666 214 779 270 EPIST.
799 213 984 270 acnuam.
1006 245 1038 259 -
1060 215 1176 284 salsa.
1196 219 1245 275 AD
1265 220 1393 278 GALA'l'.
1679 227 1733 286 266

98 343 266 399 ridebantur
279 359 340 398 esse
358 341 476 416 aliquid,
487 344 587 412 (quales
601 342 693 412 [servi
706 357 848 412 pauperes,
862 341 1026 420 peccatores]
1048 345 1199 417 aliquando
1214 347 1328 416 luerint,
1346 350 1417 406 nihil
1431 352 1520 406 elicere
1530 367 1594 407 mea
1616 351 1735 410 interest

103 439 192 499 123
211 430 252 488 ll.
264 433 338 486 Deus
357 431 434 486 enim
446 448 593 504 personam
608 429 730 485 hominis
743 447 800 486 non
809 431 927 503 accipit;
943 435 988 488 sed
1000 449 1031 488 ea
1042 438 1170 490 omnihus
1184 441 1282 507 accipit
1299 440 1447 509 credentes)
1463 440 1533 495 mihi
1544 441 1627 508 enim,
1639 442 1735 514 lhqui

98 519 265 575 ridebantur
275 536 336 574 esse
347 520 465 590 aliquid,
479 518 549 574 nihil
563 519 753 582 contulerunt,
765 521 946 588 prosuerunt.
961 518 1005 578 tt.
1023 521 1079 578 Sed
1089 529 1204 580 econtra
1223 541 1286 581 cum
1302 525 1436 583 vidissent
1451 527 1526 599 quod
1540 528 1677 585 creditum
1693 538 1736 586 est

97 609 165 664 mihi
177 609 360 680 Evangelium
377 606 518 680 praeputii,
531 610 667 676 pontium,
679 606 753 662 sicut
759 607 843 662 Petro
851 607 1080 675 circumcisionis,
1092 612 1150 683 (qui
1164 613 1239 668 enim
1254 619 1386 685 operatus
1401 616 1535 672 cstPetro
1550 616 1580 672 in
1594 619 1736 688 apostola·

97 707 157 753 tum
168 698 576 764 circumcisionisiudaorum,
587 703 719 766 operatus
729 697 970 752 estetmihiinter
980 699 1086 771 gentes)
1104 705 1132 756 et
1144 717 1209 757 cum
1223 702 1420 772 cognovissent
1440 705 1572 774 gratiam,
1590 723 1651 777 qua
1671 706 1738 762 data

96 795 137 842 est
148 787 369 853 mihi,lacobus,
380 792 409 842 et
418 787 536 858 Gephas,
546 785 712 850 etioannes,
725 786 773 856 qui
786 783 953 840 videbantur
965 787 1102 842 columnae
1114 805 1175 844 esse
1190 790 1234 845 l'l.
1256 791 1367 848 derhas
1379 792 1517 848 dederunt
1529 793 1608 861 mihi,
1627 800 1657 850 et
1671 795 1738 850 Bar·

96 876 175 930 nabe
188 875 235 932 l8.
249 874 401 941 societatis,
412 877 525 942 sipaum
534 863 678 938 sauciatis,
693 876 733 926 uel
748 873 897 928 concordie
910 878 1088 942 ecaapelica:
1103 882 1136 932 ut
1149 893 1201 932 nos
1224 878 1253 934 in
1272 885 1371 949 gentes
1385 883 1500 948 tremus,
1517 882 1570 954 ipsi
1592 888 1688 939 autem
1706 885 1738 940 in

97 963 350 1030 circumcisionem,
363 964 504 1026 amcam
520 966 631 1016 mutum
646 962 696 1014 hoc
709 962 878 1016 adeliderunt
893 967 924 1018 ut
938 979 1090 1034 pauperem
1105 969 1234 1028 euntium
1251 968 1425 1022 Hierusalem
1440 985 1578 1025 memores
1597 987 1736 1038 essemus,

97 1053 170 1124 quod
185 1053 275 1108 etiam
289 1051 426 1108 sollicitus
435 1050 485 1116 fui,
501 1067 564 1104 cum
577 1053 659 1120 prius
673 1050 787 1117 fuissem
800 1053 944 1115 sollicitus,
960 1051 1013 1105 hoc
1028 1051 1119 1122 ipsum
1134 1051 1235 1108 iecere.
1245 1052 1313 1108 Alia
1328 1057 1538 1110 commendatio.
1556 1056 1598 1124 19,
1609 1057 1655 1116 20.
1666 1061 1738 1116 (lum

98 1146 193 1196 summ
203 1141 328 1194 venisset
335 1139 445 1210 cephas
454 1139 642 1201 Antiochiam,
656 1137 700 1193 ul.
718 1137 867 1202 infaciem,
882 1140 987 1205 palam,
999 1137 1025 1191 ei
1040 1138 1140 1210 restiti,
1154 1138 1220 1209 quia
1230 1139 1459 1211 reprehensibilis
1468 1144 1671 1200 erat.0sleadit
1680 1163 1738 1202 aare

98 1247 147 1284 esse
160 1231 218 1284 sibi
231 1231 412 1296 mapistrum,
428 1244 492 1282 curn
504 1229 615 1282 restitit.
632 1225 714 1298 Rrius
728 1226 804 1280 enim
816 1226 933 1294 (ecpoait
947 1227 1019 1280 unde
1029 1223 1260 1296 reprehensibilis,
1275 1230 1343 1296 quia
1354 1229 1462 1297 cogebat
1475 1235 1565 1297 pentes
1575 1233 1736 1301 judaizare,

98 1323 165 1374 laec
180 1319 257 1386 quod
272 1319 361 1386 napis
374 1316 642 1384 inherebatiudeis)
658 1330 742 1386 quam
757 1314 887 1369 venirent
898 1313 1013 1384 quidam
1033 1331 1065 1368 ea
1084 1317 1186 1370 iudeis
1208 1320 1344 1386 conuersis
1368 1316 1513 1382 aiacobo,
1531 1335 1594 1374 cum
1608 1320 1739 1390 gentibus

98 1410 235 1461 carromis
247 1406 464 1460 edehatPetrus.
476 1402 546 1460 Cum
554 1409 648 1458 autem
659 1405 781 1457 conuersi
795 1405 919 1468 aJuccbo
928 1402 1072 1456 venissent
1083 1405 1270 1471 Antiochiam,
1287 1404 1481 1472 subtrahebat,
1491 1412 1518 1461 et
1528 1407 1696 1478 segregabat
1709 1423 1741 1462 se

97 1499 195 1550 Pete-ers
206 1511 224 1548 a
233 1496 372 1564 pentibus,
384 1493 488 1548 timeus
497 1509 553 1548 eos.
563 1492 650 1563 quiex
657 1490 867 1546 circumcisione
876 1495 958 1542 erant
974 1492 1132 1550 (Nonacrim
1147 1495 1188 1545 ita
1197 1493 1322 1547 credebat
1331 1496 1501 1561 faciendum,
1514 1497 1602 1561 idest,
1617 1499 1739 1551 circum·

99 1586 161 1648 cidi,
176 1585 224 1638 sed
235 1600 269 1636 ae
279 1587 355 1650 fieret
368 1586 399 1635 iu
414 1583 532 1636 Ecclesia
541 1581 702 1648 discordia.)
714 1580 749 1632 Et
758 1576 929 1632 simulationi
938 1578 999 1646 ejus
1017 1577 1176 1650 {simretabat
1190 1582 1265 1634 caim
1286 1584 1383 1636 Petrus
1405 1599 1461 1636 aon
1481 1599 1533 1637 esse
1545 1587 1740 1640 comedendum

99 1689 158 1728 eum
175 1673 317 1738 pentibus)
330 1674 533 1725 consenserunt
546 1667 639 1722 caeteri
653 1667 751 1730 ludaei,
762 1667 801 1720 ita
816 1673 848 1720 ut
859 1671 888 1720 et
902 1665 1044 1722 Barnabas
1058 1665 1219 1731 duceretur,
1234 1671 1409 1732 conseatiret,
1423 1669 1458 1723 ab
1468 1670 1509 1724 eis
1522 1670 1552 1724 in
1564 1670 1642 1726 illam
1651 1672 1739 1728 simu-

99 1761 247 1822 lationem,
263 1766 293 1814 ut
305 1761 413 1813 nollent
423 1759 628 1813 courumuicare
643 1773 706 1810 cam
719 1757 856 1823 pentibus.
869 1754 923 1808 Sed
933 1771 996 1808 cum
1013 1753 1143 1808 vidissem
1161 1755 1234 1825 quod
1243 1771 1298 1809 non
1310 1762 1385 1810 recte
1396 1757 1574 1813 ambularent
1588 1757 1624 1813 ad
1637 1759 1741 1814 everiu-

100 1855 155 1902 tem
170 1847 329 1918 Evangelii,
342 1846 399 1901 dixi
415 1845 515 1916 Cephae
537 1849 625 1910 124
638 1860 732 1898 coram
747 1842 888 1899 omnibus.
907 1841 952 1898 ⁸22.
969 1842 998 1897 Si
1023 1848 1064 1908 tu,
1085 1858 1148 1895 cum
1174 1843 1287 1898 ludeeus
1302 1843 1352 1908 sis,
1375 1845 1519 1914 gentiliter
1536 1846 1615 1923 vivis,
1637 1852 1666 1902 et
1685 1863 1741 1903 nou

101 1939 226 2002 iudaice,
241 1935 383 2008 quomodo
395 1942 494 2006 gentes
506 1933 550 1990 ⁸23.
567 1933 642 2004 cogis
652 1932 819 2005 judaizare?
833 1931 1060 2000 assumptioNos
1070 1935 1173 1984 natura
1183 1929 1282 1997 ludaei,
1296 1936 1336 1998 tu,
1353 1938 1377 1986 et
1390 1949 1445 2000 epo,
1461 1933 1506 1990 ⁸24.
1523 1940 1552 1989 et
1565 1950 1741 2007 nonexgen·

101 2025 176 2080 tibus
194 2028 309 2093 (scilieet
322 2039 428 2092 sarnus,
443 2028 467 2076 et
480 2023 622 2090 perutiliter
635 2023 755 2075 uiolatus
763 2036 774 2088 ;
787 2021 859 2089 quod
872 2025 918 2085 est,
937 2025 960 2072 et
975 2035 1023 2072 aas
1033 2021 1065 2073 in
1077 2019 1183 2074 Christo
1195 2017 1347 2090 credimus)
1366 2018 1411 2076 25.
1427 2027 1598 2094 peccatores,
1616 2025 1668 2092 qui
1679 2040 1742 2094 pec-

777 2105 1068 2162 COllMENTARlUS.

101 2203 140 2258 hd
155 2203 216 2257 hcc
224 2200 385 2272 respondet,
397 2215 454 2254 nun
479 2214 514 2253 ex
536 2196 651 2266 invidia,
666 2195 715 2251 sed
740 2201 772 2250 ut
786 2212 816 2250 se
830 2212 903 2250 com·
911 2194 1095 2266 Agebantur,
1109 2196 1254 2267 arguebat.
1262 2197 1366 2253 Nonub
1374 2197 1510 2254 aliudnisi
1524 2199 1745 2272 quiaillaomnia

102 2291 230 2354 mandet,
248 2289 277 2344 id
294 2295 346 2354 est,
361 2305 441 2342 suam
457 2285 693 2358 praedicationem,
711 2284 834 2354 dicitque
851 2301 856 2336 :
871 2285 905 2338 ab
946 2284 986 2337 sic
1000 2284 1176 2339 simulatoria
1198 2284 1379 2356 gerebantur,
1398 2293 1533 2359 tanquam
1554 2305 1652 2344 verum
1672 2295 1746 2346 esset

102 2383 142 2434 lis
157 2385 260 2434 autem
276 2381 325 2447 qui
334 2374 691 2444 uidebantaressealr'qaid,
707 2373 734 2426 id
750 2377 802 2440 est,
815 2373 843 2426 hi
859 2371 906 2444 qui
948 2371 1021 2442 quod
1037 2371 1167 2425 dicebant
1179 2371 1219 2426 illi
1233 2372 1281 2443 qui
1304 2372 1365 2428 siue
1385 2374 1596 2432 circumcisione
1605 2377 1745 2449 praeputii,

101 2469 278 2523 ridebantur
290 2483 350 2522 esse
360 2464 476 2536 aliquid,
492 2464 558 2518 licet
569 2479 679 2534 possem
693 2462 786 2517 dicere
800 2461 905 2533 quales,
948 2465 1033 2530 atque
1044 2459 1106 2514 aliis
1116 2457 1357 2516 observationibus
1372 2462 1477 2518 umbrae
1491 2462 1748 2538 futurorumputa·

101 2559 216 2613 seilicet
225 2557 305 2620 siles,
320 2561 357 2622 et,
374 2561 404 2608 ut
421 2570 482 2624 ego,
493 2557 653 2625 peccatores
667 2555 770 2618 essent,
787 2550 858 2605 nihil
868 2554 909 2604 ta-
948 2547 1017 2602 hant
1030 2549 1175 2603 credentes
1189 2550 1284 2604 saluos
1298 2566 1358 2605 esse
1371 2567 1428 2605 non
1439 2539 1531 2623 posse.

100 2664 168 2702 men
188 2645 262 2700 mihi
277 2643 464 2698 contulerunt.
979 2633 1028 2700 20.
1042 2637 1145 2693 Linea.
1161 2638 1228 2693 ilum
1242 2644 1335 2693 autem
1349 2642 1472 2707 uenisset,
1489 2646 1541 2697 ete.
1564 2642 1635 2698 Item
1648 2642 1749 2716 prohat

138 2737 186 2792 ll.
201 2736 275 2788 Deus
288 2748 434 2800 personam
451 2731 571 2784 hominis
586 2745 641 2783 non
654 2731 765 2796 accipit.
776 2727 835 2781 lloc
846 2725 909 2780 ideo
952 2726 1017 2797 quie
1031 2741 1081 2780 nec
1091 2725 1244 2782 Antiochia
1254 2727 1551 2800 aPetroEsangelium
1561 2732 1749 2803 accepit,quia

99 2825 183 2890 dicit,
204 2821 274 2893 quia
292 2818 551 2892 reprehendebatur
577 2817 650 2889 quod
666 2817 733 2888 quid
748 2819 910 2888 persecutus
951 2813 1056 2868 restitit
1064 2813 1105 2882 ei;
1123 2814 1273 2869 eratenim
1287 2816 1525 2887 reprehensibilis.

101 2914 206 2968 luerat
223 2909 389 2973 Ecclesiam,
406 2909 485 2978 quasi
500 2907 529 2960 hi
544 2907 590 2978 qui
610 2906 692 2960 modo
701 2911 768 2960 sunt
782 2903 862 2975 justi,
884 2907 912 2957 et
987 2900 1031 2959 ut.
1047 2905 1078 2958 la
1094 2904 1193 2969 faciem
1202 2905 1229 2957 ei
1239 2907 1336 2958 restiti.
1347 2903 1421 2959 Utile
1429 2921 1485 2960 non
1495 2909 1648 2979 essetquod
1655 2907 1750 2980 palam

98 3003 200 3058 saneti
215 3003 245 3054 et
257 2999 351 3069 magni
361 2997 435 3068 apud
453 3012 624 3062 omnes,nou
640 2994 754 3058 braant,
766 2993 909 3064 sicutego,
952 2987 1071 3044 nocebat
1080 2989 1182 3061 corrigi
1192 2990 1220 3045 in
1235 2991 1364 3060 occulto,
1381 2994 1608 3064 presumendum
1627 3013 1750 3072 namque

99 3097 284 3164 peccatores,
301 3087 398 3141 Ethoc
412 3085 557 3155 inde,quia
572 3084 646 3138 Deus
660 3087 770 3138 nonest
783 3087 914 3152 acceptor
954 3083 1015 3132 erat
1028 3077 1063 3132 de
1085 3079 1231 3133 charitatis
1258 3079 1423 3136 infirmitate
1448 3083 1493 3152 [s.,
1511 3084 1655 3157 firmitate]
1678 3089 1751 3144 tanti

98 3194 309 3254 personarum.
325 3175 461 3230 Similiter
473 3189 534 3244 ego,
549 3172 676 3243 quumvis
686 3169 914 3243 persecutorfue-
954 3167 1082 3237 apostoli.
1100 3167 1149 3221 Vel
1164 3167 1227 3222 ideo
1237 3168 1312 3239 quod
1325 3169 1439 3241 quidum
1454 3170 1614 3228 subinducti
1635 3173 1751 3230 insidia·

98 3271 169 3328 nm,
187 3284 249 3323 non
263 3265 350 3320 debeo
365 3280 382 3318 a
395 3263 473 3317 vobis
487 3261 629 3334 vilipendi.
953 3253 1065 3312 bantur.
1079 3257 1127 3326 qui
1142 3257 1280 3311 referrent
1294 3258 1412 3313 Paulum
1428 3276 1483 3314 non
1505 3277 1566 3316 esse
1589 3278 1689 3319 ausum
1705 3281 1752 3321 ar·

135 3359 189 3413 15.
202 3353 445 3422 hausenilirpoe.
462 3354 498 3405 aa
516 3352 585 3416 Gal.)
603 3351 655 3416 Oui
667 3351 844 3405 uidebantur.
864 3348 913 3402 Pe·
953 3361 1040 3415 guere
1055 3345 1185 3412 Petrum;
1204 3350 1233 3400 et
1247 3346 1521 3404 circumciderentur.

98 3453 165 3501 irus
174 3451 209 3500 et
216 3442 500 3499 lacobusetloannes
507 3438 702 3494 honoratiores
710 3437 913 3500 cateriserant,
990 3431 1034 3486 22.
1051 3433 1083 3488 Si
1097 3437 1125 3486 tu
1140 3450 1202 3488 eum
1231 3436 1351 3488 iudeus.
1377 3436 1527 3492 Gentiliter
1539 3438 1667 3510 virebat3
1688 3443 1754 3515 quia

102 3537 172 3606 quia
188 3535 265 3606 ipsis
275 3549 305 3586 se
319 3531 347 3585 in
359 3536 453 3585 monte
465 3529 601 3584 Dominus
616 3527 748 3590 extendit,
764 3525 794 3604 in
812 3505 947 3595 signiti·B
958 3520 1177 3576 indiscretecum
1188 3521 1432 3592 omnibusedebat,
1445 3530 1474 3580 et
1483 3528 1624 3584 neminem
1634 3530 1755 3588 immuu-

100 3625 220 3678 catione
231 3621 315 3691 regni
331 3619 374 3674 sui
387 3635 450 3672 cum
474 3623 539 3672 ante
553 3633 602 3671 sex
615 3615 674 3670 dies
694 3615 811 3668 dixisset
826 3613 918 3667 :Sunt
958 3609 1024 3663 dum
1037 3610 1162 3680 putabat.
1178 3609 1282 3666 Probat
1296 3620 1389 3666 sutem
1404 3611 1469 3685 quia
1493 3632 1556 3670 cum
1572 3617 1609 3672 sit
1630 3617 1754 3692 Judaeus,

100 3713 224 3784 quadam
245 3711 284 3764 de
297 3709 341 3763 his
355 3705 495 3760 stantibus
508 3706 556 3776 qui
569 3721 625 3759 nou
636 3701 917 3773 gustabuntmortem
958 3702 1095 3753 ettamen
1109 3699 1252 3770 gentiliter
1274 3701 1356 3767 vivat,
1380 3718 1436 3756 non
1451 3703 1534 3760 debet
1546 3713 1645 3776 gentes
1661 3707 1697 3763 ad
1708 3710 1755 3781 ju·

98 3800 200 3855 donec
213 3798 334 3853 videant
354 3795 459 3850 Filium
476 3794 600 3848 hominis
616 3792 645 3846 in
666 3808 752 3863 regno
767 3789 858 3846 Patris
873 3790 916 3844 sui
958 3787 1096 3841 dalsmum
1111 3804 1220 3858 cogere.
1235 3789 1284 3843 list
1297 3797 1393 3845 autem
1407 3790 1436 3846 in
1450 3791 1520 3846 libro
1535 3799 1611 3851 totus
1625 3797 1756 3870 syllogis-

99 3891 220 3955 (ltatth.
236 3891 308 3954 xm).
958 3891 1020 3931 mus
1031 3881 1132 3947 praetsr
1142 3877 1358 3934 conclusionem.

134 3975 189 4034 16.
201 3975 295 4048 (ibid.)
305 3973 358 4030 Sal
368 3978 479 4027 econtra
494 3987 557 4025 mem
567 3971 706 4033 uidissent,
723 3968 815 4030 idest,
833 3983 916 4022 econ·
992 3961 1037 4021 23.
1051 3965 1498 4041 toprsjauoaare.axemplosuo
1508 3973 1755 4045 gentesjudaicare

95 4067 198 4122 uado
207 4081 264 4138 pro
271 4058 520 4134 reprehensoribus
530 4057 730 4130 approbatores
739 4054 917 4127 perfectionis
957 4053 1197 4123 engeramnus,
1215 4058 1244 4108 et
1256 4053 1342 4110 ritum
1356 4056 1516 4114 ludaeorum
1535 4062 1625 4130 sequi,
1641 4063 1755 4132 quando

94 4152 237 4206 fuerunt.
252 4149 353 4203 Potest
365 4150 394 4200 et
406 4145 445 4200 sie
460 4160 520 4199 esse
534 4143 611 4208 ordo,
624 4140 673 4196 sed
687 4146 801 4194 econtra
820 4146 852 4194 ut
865 4156 917 4194 nos
957 4139 1017 4213 ipse
1035 4141 1065 4196 in
1084 4143 1263 4214 presentiam
1288 4160 1385 4198 eorum
1405 4146 1454 4216 qui
1469 4162 1501 4200 ex
1516 4147 1620 4203 Judaeis
1632 4151 1756 4204 credide·

95 4241 225 4312 quidem
240 4239 386 4307 ingentes
401 4233 517 4299 iremus,
529 4247 590 4302 quae
611 4235 677 4285 sunt
701 4228 848 4284 contrariae
866 4228 918 4284 cir·
957 4235 1031 4296 rant,
1043 4246 1060 4284 a
1074 4230 1214 4285 consortio
1222 4231 1371 4302 gentilium
1379 4249 1457 4289 more
1471 4235 1588 4291 ludaico
1602 4253 1632 4292 se
1642 4237 1754 4296 subtra-

95 4325 289 4384 eumcisioni.
957 4318 1051 4374 hebet.

136 4419 187 4475 17.
209 4416 298 4485 (apud
309 4412 386 4482 aee.)
397 4413 514 4467 Dextrae
529 4411 664 4464 dederam
677 4409 760 4466 mili.
779 4406 853 4462 Dicit
876 4421 917 4460 ve
995 4405 1038 4463 ll.
1052 4407 1177 4462 Auuusr.
1199 4407 1330 4476 (Ecpcsit.
1346 4411 1377 4463 in
1395 4409 1482 4479 Epist.
1496 4413 1533 4467 ad
1549 4414 1653 4480 Galat..
1669 4433 1693 4472 e.
1709 4423 1753 4492 ιι.)

91 4510 181 4563 nisse
199 4502 483 4574 sellierosolymam,
499 4505 528 4554 et
542 4497 918 4569 Evangeliumcumaposto·
958 4495 991 4549 Et
1013 4511 1070 4568 aare
1095 4499 1276 4564 repentibus.
1294 4497 1474 4554 peecatorum
1496 4517 1599 4558 nomen
1622 4506 1754 4576 genubus

89 4597 128 4654 lis
140 4593 325 4658 contulisse,
338 4591 450 4646 dexhas
462 4587 516 4643 sibi
530 4589 611 4642 datas
623 4587 719 4653 luisse,
733 4586 760 4640 id
781 4589 832 4650 est,
849 4600 917 4639 con·
957 4583 1150 4655 imposuerant
1163 4584 1260 4650 Judaei,
1275 4585 1332 4656 jam
1345 4592 1453 4643 vetusta
1475 4591 1596 4660 quadam
1611 4577 1752 4668 superbia,

91 4687 212 4742 cordiae
229 4683 344 4753 siguum
358 4677 556 4741 consonantia,
570 4677 644 4748 quod
672 4675 765 4731 abeis
784 4673 916 4747 quaesibi
956 4677 1091 4744 tanquam
1100 4673 1230 4746 ipsijusti
1245 4680 1347 4740 esseut,
1357 4676 1657 4751 videntesstipulamin
1672 4685 1753 4744 uculo

89 4777 283 4836 mdioemt,
295 4769 324 4824 in
334 4769 421 4824 nihilo
435 4765 621 4838 discrepabat.
922 4735 1058 4829 Calieno,
1073 4769 1101 4817 et
1117 4779 1173 4818 non
1191 4762 1300 4818 trabem
1322 4763 1352 4818 in
1373 4780 1439 4828 suo:
1458 4765 1532 4821 sicut
1545 4753 1664 4826 interest
1679 4773 1754 4830 inter

131 4863 183 4922 l8.
195 4864 310 4918 Lanae.
324 4861 457 4914 Bernaba
467 4857 610 4912 coartatis.
628 4853 681 4908 Per
694 4853 747 4907 hoc
756 4851 878 4908 ostendit
887 4868 916 4905 se
956 4851 1106 4908 irridentes
1120 4859 1148 4906 et
1161 4852 1300 4915 irrisores,
1315 4852 1390 4907 inter
1401 4864 1619 4922 murmurantes,
1636 4865 1664 4914 et
1675 4877 1753 4918 mur-

89 4951 321 5026 discipulorum
343 4945 447 5002 Christi
473 4960 530 4999 non
544 4943 631 4998 fuisse
645 4941 831 5014 discipulum;
846 4939 917 4994 alio-
957 4946 1124 5006 muratores,
1139 4939 1212 4994 inter
1225 4941 1379 4996 scribentes
1393 4948 1421 4996 et
1432 4943 1590 5015 scriptores.
1608 4955 1637 5004 et
1652 4957 1754 5008 catera

89 5045 167 5115 quin
186 5037 547 5096 nonsesaciumuocaret.
957 5029 1077 5097 similia;
1109 5030 1149 5084 ita
1174 5030 1319 5100 Scriptura
1333 5037 1492 5102 peccatores
1520 5037 1661 5106 appellare
1684 5055 1752 5094 eou-

132 5131 183 5190 19.
202 5131 341 5184 Aueusr.
355 5124 448 5195 (epist.
464 5120 545 5178 roae
557 5123 658 5176 Hieron
673 5159 680 5186 ,
697 5123 764 5173 tom.
785 5116 834 5187 ΙΙ).
848 5119 916 5172 dum
956 5117 1136 5172 suevitvalde
1151 5117 1273 5189 iniquos,
1288 5124 1316 5172 et
1329 5128 1508 5190 peccatorum
1521 5123 1638 5180 sarcinis
1650 5142 1751 5184 onera·

89 5225 228 5278 tersisset
248 5215 358 5283 cephas.
370 5215 468 5283 Neque
476 5212 692 5281 enimnegamus
707 5208 792 5262 iuhec
805 5211 916 5262 senten·
956 5210 1009 5260 tos.

90 5313 133 5370 tia
143 5310 257 5368 tuisse
269 5301 327 5372 jam
343 5302 471 5366 Petrum,
485 5299 513 5354 in
530 5316 586 5371 qua
601 5302 631 5352 et
654 5297 757 5353 Paulus
771 5296 838 5364 luit;
859 5312 915 5350 non
990 5293 1034 5352 ib.
1049 5295 1147 5352 Laura
1173 5297 1333 5351 Peccatores.
1351 5298 1479 5357 Generali
1502 5301 1634 5358 vocabulo
1650 5323 1748 5379 pecca.

91 5405 202 5474 Μαι
211 5401 359 5452 tuneeum
373 5390 440 5462 quid
447 5391 478 5445 in
492 5405 566 5442 aare
581 5403 677 5442 verum
694 5391 776 5452 esset,
786 5383 913 5449 docebat,
956 5387 1031 5439 tores
1041 5388 1121 5439 vocat
1137 5383 1308 5442 idololatras.

91 5493 144 5551 aed
162 5490 249 5563 ejus
260 5479 523 5546 dissimulationem,
538 5493 596 5550 qua
608 5480 707 5549 gentes
718 5474 862 5549 judaizare
872 5487 916 5528 co·
1592 5549 1594 5552 Ι

264 5575 468 5674 Personch,
1617 5584 1637 5676 ν
