3900 6168
273 311 325 371 lbl
749 309 798 364 AD
817 308 937 365 OPERA
955 309 988 366 B.
1009 305 1219 364 LANFRANCI
1237 307 1430 363 APPENDIX.
1655 315 1658 324 '
1832 317 1874 374 qqq

275 440 318 494 sia
332 434 538 494 sacratissimus
552 432 1072 506 pontiscxbetarduschristianissima
1082 435 1104 492 A
1114 433 1389 503 persecutoremllle
1402 431 1486 486 etiam
1499 430 1633 501 subjectos
1645 433 1771 506 sibiragcs
1780 443 1871 510 etopti-

276 527 381 598 reginae
408 525 517 580 Berthae
543 541 636 578 sacras
662 524 761 578 missas
786 521 852 589 (86¹,
877 528 906 575 et
926 518 1072 577 Dominica
1117 527 1216 584 matos,
1233 538 1296 574 cum
1311 521 1421 592 populis
1436 520 1609 575 suisChristo
1625 525 1744 594 acquirit,
1759 544 1873 598 suumque

274 616 366 670 officia
379 613 542 669 assiduabat
554 631 561 680 3
576 615 624 685 qui
635 613 675 667 illi
689 630 704 666 a
721 613 797 683 regia
807 611 924 666 Francia
938 611 1020 666 datus
1031 618 1074 665 cst
1116 610 1192 679 prius
1202 609 1674 680 imperiummavultessedilatando
1687 619 1713 666 ct
1722 619 1873 686 propagando

272 720 375 768 comes,
392 707 421 757 et
431 708 525 758 custos
546 701 760 774 probatissimus
774 701 803 755 in
818 701 894 755 caini
909 706 1007 755 sancta
1021 700 1071 754 ob·
1114 697 1219 751 Christi
1234 714 1363 768 regnum.

273 792 423 858 servantia,
439 809 475 846 ne
488 809 542 863 qua
559 791 696 846 Dominici
712 790 836 862 prestigii
852 790 935 854 furia,
950 790 1071 860 splendi-
1150 786 1274 840 Primum
1284 788 1379 859 itaque
1390 787 1588 858 Augustinum,
1599 789 1784 860 promptiorem
1792 793 1821 846 ad
1829 811 1874 847 oni-

273 881 463 936 dissimafidei
472 881 577 936 Christi
592 881 620 934 in
636 897 669 934 ea
683 881 831 934 offuscaret
848 879 1070 950 moniliathue
1111 875 1189 929 aiurn
1206 876 1325 930 salutem
1341 894 1425 948 quam
1442 879 1475 932 ad
1490 879 1534 932 sui
1545 879 1737 950 praelationem,
1752 883 1783 935 ad
1797 881 1875 936 rEthc-

272 971 402 1026 maximis
417 969 606 1025 assimilemus
622 969 741 1033 minora,
758 975 931 1040 prevenerat
946 969 991 1021 hic
1006 985 1071 1040 apo·
1114 963 1186 1018 rium
1213 966 1335 1020 Arelatis
1359 968 1606 1038 arciriepiscopum,
1628 968 1678 1022 sibi
1694 985 1795 1040 suaeque
1811 974 1873 1041 genti

271 1059 362 1114 stolici
375 1059 525 1130 Augustini
541 1059 766 1130 predicamenta,
780 1063 812 1112 ut
823 1058 1069 1120 luciferauroram,
1112 1055 1332 1107 consecrandum
1348 1056 1505 1125 apostolum
1533 1056 1628 1119 mittit,
1644 1057 1762 1110 rislelicet
1775 1066 1802 1113 ut
1816 1061 1873 1114 Deus

273 1153 302 1202 et
314 1165 416 1203 aurora
425 1149 524 1214 solem,
534 1147 612 1202 illum
622 1147 751 1201 videlicet
761 1147 864 1212 Solem,
875 1163 957 1218 quem
968 1147 1071 1200 clarius
1112 1142 1209 1207 voluit,
1225 1149 1254 1197 et
1268 1142 1366 1200 licatus
1379 1161 1450 1215 papa
1460 1145 1614 1215 Gregorius
1628 1145 1726 1216 Spiritu
1736 1147 1780 1200 Dei
1792 1165 1873 1218 praro-

272 1238 371 1292 cutulit
386 1237 560 1308 Augustinus
572 1237 692 1301 Oceano,
705 1242 839 1307 tanquam
855 1252 988 1306 sponsum
1004 1252 1069 1308 pro·
1109 1231 1195 1298 gavit.
1206 1231 1459 1298 Qui,transfrctato
1469 1251 1591 1304 aequore,
1604 1237 1872 1306 aceeptoapostolatua

272 1326 417 1380 cedentem
428 1326 592 1380 dethalamo
602 1342 652 1379 suo
664 1327 746 1393 (Ami.
762 1340 837 1390 xrru,
853 1324 890 1392 ti).
904 1326 930 1378 Is
945 1341 1065 1396 quoque,
1110 1320 1592 1377 domino.etbenedictioncomnium
1602 1325 1724 1394 gentium
1734 1325 1871 1394 primarium

271 1419 304 1469 ut
318 1431 474 1487 praecursor
489 1421 517 1469 et
522 1414 637 1484 janitor,
654 1414 795 1468 Christum
811 1413 1068 1484 ferentibuslegatis
1110 1409 1233 1478 anglice
1242 1411 1320 1480 genti
1332 1410 1427 1465 retulit
1437 1411 1667 1482 patriarchatum.
1679 1413 1871 1484 etpatiiarchate

271 1504 552 1575 ultroaperuit.Cum
567 1504 619 1558 hoc
631 1519 698 1558 sane
712 1501 795 1556 beato
811 1501 1067 1573 praesulehatarrlo,
1109 1499 1307 1567 patrocinium.
1325 1501 1413 1564 Quem
1429 1502 1486 1555 Deo
1501 1503 1629 1556 natabilis
1652 1519 1707 1560 rex.
1724 1509 1753 1556 ut
1765 1505 1870 1573 angelon

271 1592 323 1647 Dei
338 1591 756 1663 famulusAugustinus,suique
772 1589 848 1650 socii,
863 1589 1068 1659 additoniagno
1108 1589 1271 1641 testamenti
1284 1589 1342 1654 Dei,
1360 1590 1524 1662 triumphali
1535 1592 1639 1662 gaudio
1655 1591 1870 1662 excipiens,utque

271 1680 371 1735 salutis
384 1681 497 1752 gaudio,
514 1681 543 1735 in
554 1681 684 1735 amnibus
697 1679 851 1735 Dominicis
862 1678 1002 1749 mysteriis
1011 1695 1068 1731 una
1108 1675 1363 1745 pusillusZachaaus
1373 1678 1533 1744 Dominum,
1546 1681 1644 1735 statuit
1653 1698 1715 1735 eum
1729 1697 1780 1735 suae
1792 1689 1873 1734 metui-

271 1774 352 1825 erant
368 1769 490 1824 Ecclesia
513 1775 542 1824 et
561 1770 684 1834 collatio,
704 1786 777 1823 unus
800 1768 916 1840 spiritus
936 1768 964 1821 in
985 1747 1180 1835 unicaBpolis
1204 1766 1422 1821 ecclesiasticum
1452 1769 1616 1839 prasidcm;
1643 1770 1670 1824 iu
1695 1787 1747 1841 qua
1766 1769 1873 1842 primitus

269 1858 390 1914 Domino
410 1875 471 1914 suo.
494 1859 529 1913 Hi
549 1859 634 1913 etiam
661 1859 735 1925 nori,
757 1859 832 1913 uelut
850 1874 925 1921 suaa,
951 1857 1068 1929 praevios
1109 1859 1270 1924 susceperat
1281 1856 1421 1926 hospitem
1440 1875 1491 1912 aec
1499 1864 1609 1913 matum
1626 1858 1764 1919 urbis.scd
1774 1866 1798 1913 et
1806 1859 1873 1912 totins

269 1948 420 2019 prosecuti,
428 1951 599 2018 ettanquam
612 1964 712 2001 aurum
727 1947 926 2018 superductum
940 1951 1066 2016 argento,
1110 1941 1184 1996 orbis
1197 1944 1240 1996 sui
1252 1946 1452 2015 speculativum
1468 1948 1618 2018 praetendit
1631 1947 1874 2002 eistetensium

271 2035 441 2090 decorabant
458 2035 533 2107 ipsos
555 2053 737 2108 precessores
751 2035 983 2106 superveniendo.
999 2035 1068 2088 San·
1108 2032 1189 2101 regni
1205 2032 1234 2086 in
1258 2033 1447 2104 pontificalem
1473 2037 1647 2101 cathedram,
1668 2037 1757 2091 aulam
1778 2036 1873 2106 regiani,

269 2124 886 2195 ctusveroAugustinus,suiqueinomnibus
901 2127 1065 2186 sectatores,
1108 2120 1265 2189 Augustino
1280 2124 1449 2176 reformante
1472 2141 1503 2177 ac
1528 2124 1684 2189 dedicante,
1708 2125 1735 2178 in
1758 2125 1874 2194 regificam

270 2229 372 2284 magna
396 2212 540 2284 signorum
556 2213 650 2284 gratia
666 2213 785 2284 praediti,
802 2229 898 2267 ornnes
918 2211 1063 2274 curabant,
1109 2207 1213 2263 Christi
1227 2211 1309 2264 vertit
1324 2212 1530 2269 ecclesiamAd
1543 2213 1874 2269 orientemreromsubur-

270 2301 314 2355 uel
330 2301 384 2356 sibi
405 2307 599 2372 praesentatos,
620 2303 663 2356 vel
682 2319 699 2356 a
723 2318 753 2356 se
776 2301 903 2356 visitatos
918 2301 1023 2354 flebiles
1038 2305 1067 2354 et
1107 2295 1180 2352 bano
1195 2300 1264 2353 colle
1276 2301 1371 2370 regale
1386 2305 1414 2354 et
1430 2302 1616 2372 apostolicum
1632 2303 1705 2358 Petri
1726 2309 1752 2357 et
1764 2297 1832 2356 Pauli
1844 2305 1875 2354 at·

269 2395 397 2460 aegrotos.
406 2389 563 2462 Stupebant
572 2395 792 2461 gentes,atanto
802 2390 936 2444 uirtutum
949 2389 1066 2443 fulmine
1107 2384 1181 2440 tollit
1203 2389 1416 2452 monasterium,
1440 2397 1575 2462 tanquam
1596 2391 1674 2446 urbis
1693 2391 1835 2464 presidium
1854 2395 1875 2441 et

270 2479 418 2546 exterritae,
439 2479 613 2550 ambigentes
637 2479 705 2551 quid
729 2479 922 2534 vehementius
942 2479 1064 2532 admira·
1107 2475 1326 2538 munimentum,
1348 2479 1422 2549 quod
1438 2479 1466 2533 in
1482 2497 1586 2547 arcem,
1606 2487 1635 2535 et
1652 2481 1785 2552 speculam
1802 2478 1875 2548 regni,

268 2575 376 2634 rentur,
401 2585 437 2624 aa
458 2569 618 2638 terrigenas
642 2575 821 2624 transeuntes
842 2569 871 2622 in
888 2568 1003 2633 caelites,
1029 2585 1064 2622 an
1107 2565 1211 2618 exaltat
1226 2565 1363 2633 brasium,
1380 2568 1453 2637 quod
1476 2570 1681 2639 pretiosissima
1690 2571 1746 2641 jam
1759 2569 1813 2623 celi
1829 2569 1876 2620 the-

269 2659 402 2712 mortales
416 2658 658 2712 immortalitatem
678 2658 837 2712 animarum
860 2665 889 2712 et
905 2675 1065 2730 corporum,
1108 2653 1414 2718 suutizalornumeutu
1427 2657 1553 2712 videlicet
1565 2659 1653 2730 ipsius
1667 2659 1814 2730 Augustini,
1828 2673 1877 2710 ⁸³¹¹·

271 2746 328 2800 vita
350 2751 378 2800 et
403 2745 599 2818 praedicatione
627 2746 783 2800 certissima
809 2746 1003 2817 astipulantes,
1029 2763 1065 2798 an
1106 2745 1271 2812 uterumque
1298 2761 1491 2799 successorum
1521 2748 1584 2817 ejus
1614 2748 1780 2818 pontificum,
1808 2751 1876 2815 atque

272 2834 462 2900 dilectionem,
478 2853 539 2906 quae
549 2837 630 2890 fortis
645 2842 688 2890 est
707 2842 739 2890 ut
752 2853 827 2889 mors
842 2837 931 2890 {ferit
952 2849 1010 2901 riri,
1025 2835 1062 2900 a,
1107 2847 1205 2902 regum
1219 2831 1442 2902 splendidissima
1457 2851 1585 2906 corpora,
1597 2854 1659 2908 qua
1682 2835 1710 2890 in
1733 2835 1877 2890 revelation

267 2940 323 2996 qua
344 2941 439 2979 secum
463 2941 560 2980 omnes
582 2925 694 2979 trahere
719 2925 755 2978 ad
779 2941 901 2996 superna
924 2923 1065 2978 consortia
1104 2920 1201 2988 gloriae
1215 2922 1424 2990 magnichristi
1439 2925 1717 2996 resilientingloria.
1733 2927 1772 2980 'fu
1786 2939 1877 2994 qunque

267 3019 429 3079 aestusrent,
445 3030 501 3085 qua
515 3031 565 3086 pro
581 3014 703 3068 hostium
718 3014 813 3079 etiam,
832 3014 912 3086 qnasi
936 3031 986 3084 pro
1010 3014 1064 3067 fra·
1105 3007 1253 3064 Rbofensis
1273 3010 1441 3076 hierarchia,
1466 3013 1587 3070 Andreas
1609 3015 1727 3086 apostoli
1747 3019 1791 3068 tuo
1812 3011 1878 3065 titolo

266 3105 341 3157 trum
356 3103 457 3168 salute,
474 3120 504 3157 se
517 3104 662 3158 traderent
679 3123 684 3158 :
707 3119 741 3158 an
765 3103 878 3158 tandem
904 3103 978 3175 quod
1002 3103 1062 3173 ipse
1104 3095 1218 3168 inclyta,
1239 3104 1268 3152 et
1280 3099 1500 3158 Dorobernensis
1515 3104 1645 3159 Ecclesia
1659 3105 1752 3158 dextra
1765 3102 1878 3168 suifraga-

267 3196 429 3246 sunctorum
453 3192 591 3262 promissa
608 3198 666 3246 tum
687 3191 842 3265 perspicuis
862 3192 1062 3246 miraculorum
1105 3201 1171 3252 netu
1188 3191 1275 3257 luqtle
1289 3189 1440 3244 Lundonlae
1458 3192 1878 3265 pontificalispraerogalltti,nia·
1933 3261 1934 3266 Ἰ

264 3280 505 3336 coruscationibus
517 3297 549 3335 ac
562 3280 732 3336 testimoniis
752 3281 897 3336 credibilia
911 3281 1063 3336 factasunt
1102 3274 1341 3346 gniuauugioria,
1360 3287 1493 3334 coronata
1503 3281 1594 3337 beate
1604 3281 1875 3338 mismoriaetidelberto

264 3368 358 3424 nimis.
375 3368 632 3434 Dicebantdiversi,
648 3375 698 3424 aut
711 3369 839 3424 homines
849 3371 878 3424 in
888 3371 959 3424 Deos
973 3375 1063 3424 niuta-
1103 3364 1161 3434 regi
1176 3373 1273 3419 UGSU'O
1292 3367 1439 3434 ⁰⁰¹¹dll⁰fb
1456 3377 1541 3440 alque
1557 3373 1715 3443 bugsssllfffl
1735 3367 1876 3429 insllffllfflb

262 3461 317 3522 toa,
332 3457 470 3512 autintei·
488 3457 616 3512 homines
639 3458 764 3512 humana
787 3459 878 3529 specie
903 3459 1061 3514 conuersari
1103 3451 1210 3508 debetis
1221 3454 1249 3509 in
1265 3455 1384 3511 Domino
1397 3464 1503 3512 aeterna
1513 3459 1738 3518 benedictionum
1749 3459 1875 3533 praeconia.

262 3544 345 3602 Deos.
360 3545 427 3600 Ilaec
441 3561 473 3598 ex
483 3550 542 3598 toto
552 3545 666 3599 fallebat
676 3545 949 3618 rudisvulgiopiai03
961 3549 1063 3602 ‹lesuis
1139 3545 1176 3597 At
1191 3560 1278 3598 riorus
1294 3545 1405 3600 Domini
1421 3549 1552 3604 sacerdos
1574 3552 1677 3606 ardens
1700 3557 1774 3605 tanta
1792 3546 1877 3620 gandia

263 3631 401 3703 adoptivis
415 3633 524 3687 dicente
539 3633 658 3688 Domino
677 3652 682 3688 :
701 3635 755 3702 qu
773 3637 837 3688 disi
854 3653 860 3689 :
884 3638 930 3690 liii
943 3639 1016 3698 estis,
1036 3643 1060 3691 ct
1101 3633 1289 3689 attentissimo
1311 3635 1447 3705 Gregorio
1467 3639 1610 3706 nuntiare,
1626 3639 1654 3694 in
1670 3641 1730 3712 ipso
1744 3641 1876 3694 reditusua

261 3723 317 3790 atii
328 3721 432 3777 Eaccfsi
444 3737 537 3775 ornnes
550 3724 633 3783 (Prot.
650 3737 741 3788 raxxr,
757 3722 795 3794 6).
809 3723 996 3780 erediderunt
1009 3725 1061 3779 ita·
1101 3721 1188 3775 mittit
1203 3723 1319 3776 Romam
1332 3724 1441 3780 eximiae
1456 3727 1615 3783 sanctitatis
1623 3730 1705 3796 uiros,
1717 3727 1876 3784 Laurentium

261 3825 317 3880 quo
330 3809 442 3865 Christo
455 3810 582 3882 plerique
596 3811 667 3865 uicta
683 3811 797 3880 duritia,
819 3817 905 3868 tantm
927 3815 1059 3869 nouitatis
1101 3815 1167 3864 tunc
1179 3811 1384 3882 presbyterum,
1397 3815 1510 3885 pastsui
1525 3818 1599 3872 sacri
1611 3819 1748 3890 primatus
1761 3831 1878 3872 successo·

260 3899 460 3954 admiratione.
1101 3915 1160 3952 reni
1168 3900 1301 3970 primum,
1314 3902 1414 3973 suique
1423 3902 1580 3960 suburbani
1590 3907 1752 3963 monasterii
1763 3906 1875 3978 primum,

295 3987 393 4043 Tantis
409 3987 495 4044 etiam
510 4004 604 4043 rerum
626 3987 790 4060 fauoribus,
811 4007 859 4045 rex
877 3991 937 4062 ipsc
956 4007 1058 4062 qiarore
1100 3985 1229 4042 abbatem
1244 3989 1369 4046 Petrum.
1383 3992 1429 4057 Hi,
1447 3992 1550 4049 volucri
1567 3997 1663 4053 animo
1678 4015 1711 4053 ac
1724 3995 1810 4052 studio
1823 4009 1876 4048 san·

259 4081 289 4131 ct
318 4076 505 4133 oblectatione
524 4078 621 4133 diuina
644 4077 791 4147 attonitus,
815 4081 974 4150 Augustino
996 4081 1057 4152 jugi
1099 4081 1143 4130 cto
1157 4093 1237 4148 papae
1252 4079 1379 4144 admissi,
1395 4081 1522 4137 referunt
1533 4091 1650 4154 gentem
1662 4086 1812 4157 Anglorum
1825 4096 1876 4136 cum

164 4179 168 4186 ·
258 4166 396 4222 instantia
421 4169 619 4240 persuadente,
636 4168 759 4222 Ecclesia
772 4174 883 4236 orante,
901 4170 1009 4240 regina,
1025 4177 1058 4225 ut
1099 4179 1164 4233 rege
1181 4181 1241 4232 suo,
1258 4165 1287 4220 in
1302 4166 1408 4221 Christi
1419 4168 1556 4239 populum
1570 4172 1709 4228 transisse
1723 4179 1751 4227 et
1765 4184 1875 4242 mum·

257 4257 345 4312 sacris
365 4257 468 4312 litteris
483 4257 604 4322 erudita,
620 4257 822 4328 permulcente,
842 4259 947 4313 sanctis
966 4259 1057 4313 Patri·
1098 4253 1287 4322 Augustinum
1298 4255 1354 4309 illis
1368 4257 1528 4327 pontificem
1539 4267 1744 4328 consecratum,
1754 4275 1839 4315 uerum
1849 4254 1875 4308 ad

259 4345 309 4400 bus
322 4345 547 4416 gratificantibus
565 4351 721 4418 opportune
736 4346 779 4400 rel
794 4346 963 4418 importune,
981 4349 1056 4403 ultro
1098 4347 1156 4396 tam
1169 4343 1286 4398 multam
1294 4361 1414 4400 messem
1425 4347 1722 4424 credentiumpaucas
1732 4359 1877 4405 manusnon

257 4433 393 4489 abdicatis
412 4434 544 4489 feralibus
566 4434 720 4488 inferorum
741 4435 913 4498 numinibus,
935 4437 1056 4492 eflicitur
1097 4433 1225 4486 sulficere
1250 4433 1453 4504 operariorum·
1474 4436 1628 4495 Proferunt
1643 4445 1673 4495 et
1692 4440 1809 4495 diversas
1825 4432 1877 4489 nori

256 4519 404 4576 inChristo
418 4521 518 4576 diuinae
533 4521 691 4594 adoptionis
707 4522 790 4576 filius.
813 4523 931 4596 Jamque
947 4526 1054 4580 cunctis
1096 4521 1231 4592 preconis
1253 4523 1403 4592 Augustini
1423 4524 1673 4598 interrogationes,
1694 4528 1790 4602 quibus
1814 4523 1878 4580 rudis
1928 4527 1929 4538 ¹

256 4607 391 4662 coelurum
405 4607 555 4663 virtutibus
570 4607 728 4664 sublimiter
740 4613 1011 4682 congratulantibus,
1026 4618 1055 4668 et
1095 4611 1215 4682 populus
1229 4611 1333 4666 certius
1347 4613 1507 4673 erudiatur.
1526 4616 1606 4672 Tune
1625 4615 1878 4690 praecellentissimus

255 4694 423 4766 populorum
433 4695 535 4750 turmis
551 4695 586 4750 ad
600 4698 1050 4768 tantasolemniaoccurrentibus,
1095 4699 1274 4770 apostolicus,
1289 4700 1467 4758 ineffabiliter
1478 4703 1664 4775 exhilaratus,
1680 4707 1749 4762 fusis
1762 4705 1815 4761 Deo
1827 4702 1878 4756 infi-
1927 4771 1928 4778 ἵ

254 4782 379 4854 baptizat
393 4799 496 4839 novum
509 4785 724 4840 Constantinum
737 4787 870 4842 Silvester
889 4803 985 4844 nouus.
1001 4791 1056 4846 Un-
1096 4775 1555 4860 nitisuegratiarumsacriuciis,
1564 4802 1594 4850 et
1605 4803 1686 4852 orato
1692 4796 1805 4851 Domino
1815 4809 1877 4847 mes·

253 4872 331 4942 gitur
345 4873 521 4944 evangelicus
535 4875 623 4929 Dauid
637 4875 698 4930 oleo
709 4876 823 4939 laetitiae,
832 4883 860 4932 et
868 4879 1055 4936 intronizatur
1095 4876 1134 4930 sis
1149 4887 1180 4931 ut
1194 4878 1289 4932 mittat
1303 4879 1447 4949 operarios
1461 4881 1490 4936 in
1507 4899 1629 4940 messem
1652 4903 1742 4952 suam,
1755 4879 1878 4954 ,exhaurit

253 4966 418 5016 mansuetus
432 4961 502 5017 solio
517 4963 722 5020 misericordiae.
742 4966 900 5022 Coronatur
922 4970 1051 5025 aecclesia·
1095 4967 1267 5021 monasteria
1281 4970 1520 5040 suaetecclesias,
1537 4978 1565 5028 et
1575 4975 1715 5046 quidquid
1723 4979 1811 5047 potest
1822 4987 1878 5026 eru·
1926 5015 1927 5024 ,

253 5048 341 5104 sticus
356 5050 487 5106 Salomon
506 5067 609 5105 corona
632 5052 756 5122 pacifica,
773 5052 801 5107 in
816 5057 948 5122 aequitate
965 5063 994 5111 et
1004 5074 1049 5112 sa·
1091 5052 1214 5109 diturum
1224 5072 1257 5110 ac
1269 5058 1465 5131 religiosorum
1480 5061 1605 5117 virorum
1620 5064 1651 5118 ia
1665 5081 1735 5136 opus
1749 5057 1876 5132 Evangelii

251 5137 367 5208 pientia.
384 5138 496 5193 Praebet
509 5155 539 5193 sc
550 5139 584 5193 de
598 5139 717 5211 imperio
740 5158 884 5198 serrorum
899 5145 949 5200 Dei
961 5147 1049 5202 famu·
1090 5145 1254 5215 cllltigitare,
1272 5153 1332 5202 toto
1345 5151 1447 5205 mentis
1460 5153 1569 5218 aflectu,
1588 5157 1671 5212 unico
1686 5153 1843 5227 Augustino,
1853 5153 1877 5200 et

226 5225 320 5293 .lnm,
345 5227 518 5282 convertitur
535 5227 665 5298 princeps
684 5229 787 5283 ducum
808 5230 837 5284 in
855 5234 1047 5302 euangelicum
1090 5233 1178 5288 unice
1203 5241 1304 5290 amatre
1324 5238 1402 5307 genti
1426 5246 1514 5296 certat
1534 5243 1678 5316 delegare.
1705 5244 1773 5299 Huic
1792 5243 1875 5295 macto

249 5311 408 5380 parvulum,
427 5317 455 5366 et
475 5311 637 5366 dominator
651 5315 818 5384 populorum
838 5317 1001 5389 sociumque
1018 5336 1048 5373 se
1089 5321 1272 5378 contubcmio
1284 5327 1622 5402 praepollebantquatuor
1634 5330 1809 5390 ecclesiastici
1822 5341 1875 5399 pre

249 5401 690 5472 profiteturpauperum.Gaudet
704 5405 878 5474 Augustinus
887 5413 914 5461 et
927 5407 1048 5462 Ecclesia
1088 5425 1175 5475 ceres,
1201 5429 1250 5466 seu
1275 5423 1397 5485 quatuor
1418 5421 1605 5490 evangelistar,
1627 5423 1759 5480 llellitus.
1779 5421 1874 5476 tostus.

249 5488 411 5559 ampliasse
426 5489 529 5544 habere
542 5489 700 5559 ailjutorem
715 5509 799 5562 quam
810 5501 875 5547 ante
885 5495 1048 5552 timuissent
1089 5498 1236 5562 Paulinus,
1257 5503 1403 5560 Rutianus.
1424 5505 1548 5564 blellitus
1560 5509 1649 5566 abbas
1657 5511 1805 5567 mellifluus
1816 5513 1874 5562 tunc
1924 5495 1925 5508 ¹

281 5590 339 5666 (86)
352 5596 479 5652 Pontifex
494 5597 631 5654 umidus
644 5599 754 5656 Berthae
765 5599 872 5670 reginae
886 5602 1046 5659 Cluistiana
1059 5605 1149 5661 oflicia
1163 5607 1368 5667 subministrat.
1381 5612 1560 5671 Malmesbur.
1576 5614 1626 5672 ubi
1640 5633 1750 5692 supraq-
