<?xml version="1.0" encoding="UTF-8"?>
<!DOCTYPE html PUBLIC "-//W3C//DTD XHTML 1.0 Transitional//EN"
    "http://www.w3.org/TR/xhtml1/DTD/xhtml1-transitional.dtd">
<html xmlns="http://www.w3.org/1999/xhtml" xml:lang="en" lang="en">
 <head>
  <title>
</title>
<meta http-equiv="Content-Type" content="text/html;charset=utf-8" />
  <meta name='ocr-system' content='tesseract 3.04.00' />
  <meta name='ocr-capabilities' content='ocr_page ocr_carea ocr_par ocr_line ocrx_word'/>
</head>
<body>
  <div class='ocr_page' id='page_1' title='image "./patrologiaecurs92unkngoog_0449.png"; bbox 0 0 3900 6168; ppageno 0'>
   <div class='ocr_carea' id='block_1_1' title="bbox 724 319 1331 382">
    <p class='ocr_par' dir='ltr' id='par_1_1' title="bbox 724 319 1331 382">
     <span class='ocr_line' id='line_1_1' title="bbox 724 319 1331 382; baseline -0.003 -4"><span class='ocrx_word' id='word_1_1' title='bbox 724 323 752 378; x_wconf 87' lang='lat' dir='ltr'><em>S.</em></span> <span class='ocrx_word' id='word_1_2' title='bbox 774 321 971 382; x_wconf 76' lang='lat' dir='ltr'><em>enimenin</em></span> <span class='ocrx_word' id='word_1_3' title='bbox 990 319 1142 379; x_wconf 80' lang='lat' dir='ltr'><em>neennls</em></span> <span class='ocrx_word' id='word_1_4' title='bbox 1162 319 1331 379; x_wconf 76' lang='lat' dir='ltr'><em>masten.</em></span> 
     </span>
    </p>
   </div>
   <div class='ocr_carea' id='block_1_2' title="bbox 552 579 1509 679">
    <p class='ocr_par' dir='ltr' id='par_1_2' title="bbox 552 579 1509 679">
     <span class='ocr_line' id='line_1_2' title="bbox 552 579 1509 679; baseline 0.002 -2"><span class='ocrx_word' id='word_1_5' title='bbox 552 579 812 677; x_wconf 83' lang='lat' dir='ltr'><strong>ORATIO</strong></span> <span class='ocrx_word' id='word_1_6' title='bbox 860 581 1085 677; x_wconf 89' lang='lat' dir='ltr'><em>DOMNI</em></span> <span class='ocrx_word' id='word_1_7' title='bbox 1132 579 1509 679; x_wconf 84' lang='lat' dir='ltr'>GUILLELMI</span> 
     </span>
    </p>
   </div>
   <div class='ocr_carea' id='block_1_3' title="bbox 403 781 1650 864">
    <p class='ocr_par' dir='ltr' id='par_1_3' title="bbox 403 781 1650 864">
     <span class='ocr_line' id='line_1_3' title="bbox 403 781 1650 864; baseline -0.002 -20"><span class='ocrx_word' id='word_1_8' title='bbox 403 781 441 844; x_wconf 92' lang='lat' dir='ltr'><em>In</em></span> <span class='ocrx_word' id='word_1_9' title='bbox 467 783 741 846; x_wconf 76' lang='lat' dir='ltr'><em>commemoratione</em></span> <span class='ocrx_word' id='word_1_10' title='bbox 768 783 803 846; x_wconf 81' lang='lat' dir='ltr'><em>S.</em></span> <span class='ocrx_word' id='word_1_11' title='bbox 829 784 999 864; x_wconf 74' lang='lat' dir='ltr'><em>Augustini</em></span> <span class='ocrx_word' id='word_1_12' title='bbox 1024 792 1094 845; x_wconf 91' lang='lat' dir='ltr'><em>onte</em></span> <span class='ocrx_word' id='word_1_13' title='bbox 1120 783 1368 845; x_wconf 68' lang='lat' dir='ltr'><em>commotionem</em></span> <span class='ocrx_word' id='word_1_14' title='bbox 1396 783 1490 846; x_wconf 64' lang='lat' dir='ltr'><em>maeste</em></span> <span class='ocrx_word' id='word_1_15' title='bbox 1513 781 1650 846; x_wconf 83' lang='lat' dir='ltr'><em>dicendo.</em></span> 
     </span>
    </p>
   </div>
   <div class='ocr_carea' id='block_1_4' title="bbox 835 962 1235 1038">
    <p class='ocr_par' dir='ltr' id='par_1_4' title="bbox 835 962 1235 1038">
     <span class='ocr_line' id='line_1_4' title="bbox 835 962 1235 1038; baseline 0.013 -21"><span class='ocrx_word' id='word_1_16' title='bbox 835 963 965 1036; x_wconf 69' lang='lat' dir='ltr'><em>menius.</em></span> <span class='ocrx_word' id='word_1_17' title='bbox 981 965 1104 1020; x_wconf 80' lang='lat' dir='ltr'><em>Analect.</em></span> <span class='ocrx_word' id='word_1_18' title='bbox 1119 981 1150 1038; x_wconf 86' lang='lat' dir='ltr'><em>p.</em></span> <span class='ocrx_word' id='word_1_19' title='bbox 1161 962 1235 1036; x_wconf 81' lang='lat' dir='ltr'><em>ten.)</em></span> 
     </span>
    </p>
   </div>
   <div class='ocr_carea' id='block_1_5' title="bbox 211 1239 1916 4516">
    <p class='ocr_par' dir='ltr' id='par_1_5' title="bbox 211 1239 1916 4516">
     <span class='ocr_line' id='line_1_5' title="bbox 248 1239 1827 1312; baseline 0 -13"><span class='ocrx_word' id='word_1_20' title='bbox 248 1243 400 1309; x_wconf 76' lang='lat' dir='ltr'><em>Memento,</em></span> <span class='ocrx_word' id='word_1_21' title='bbox 424 1239 560 1307; x_wconf 89' lang='lat' dir='ltr'><em>Domine,</em></span> <span class='ocrx_word' id='word_1_22' title='bbox 584 1241 685 1297; x_wconf 78' lang='lat' dir='ltr'><em>anima</em></span> <span class='ocrx_word' id='word_1_23' title='bbox 710 1242 808 1298; x_wconf 81' lang='lat' dir='ltr'><em>famuli</em></span> <span class='ocrx_word' id='word_1_24' title='bbox 827 1245 869 1299; x_wconf 91' lang='lat' dir='ltr'><em>tui</em></span> <span class='ocrx_word' id='word_1_25' title='bbox 889 1241 1265 1308; x_wconf 80' lang='lat' dir='ltr'><em>Patrieii,Aeontnmeliam,</em></span> <span class='ocrx_word' id='word_1_26' title='bbox 1284 1241 1417 1312; x_wconf 77' lang='lat' dir='ltr'><em>potestati</em></span> <span class='ocrx_word' id='word_1_27' title='bbox 1434 1244 1491 1296; x_wconf 73' lang='lat' dir='ltr'><em>tua</em></span> <span class='ocrx_word' id='word_1_28' title='bbox 1506 1240 1620 1296; x_wconf 91' lang='lat' dir='ltr'><em>nemine</em></span> <span class='ocrx_word' id='word_1_29' title='bbox 1632 1241 1827 1309; x_wconf 69' lang='lat' dir='ltr'><em>resistentem</em></span> 
     </span>
     <span class='ocr_line' id='line_1_6' title="bbox 215 1328 1827 1405; baseline -0.001 -19"><span class='ocrx_word' id='word_1_30' title='bbox 215 1336 245 1386; x_wconf 85' lang='lat' dir='ltr'><em>et</em></span> <span class='ocrx_word' id='word_1_31' title='bbox 258 1333 371 1388; x_wconf 75' lang='lat' dir='ltr'><em>famula</em></span> <span class='ocrx_word' id='word_1_32' title='bbox 385 1337 441 1386; x_wconf 81' lang='lat' dir='ltr'><em>tuae</em></span> <span class='ocrx_word' id='word_1_33' title='bbox 451 1330 567 1387; x_wconf 80' lang='lat' dir='ltr'><em>Monicre</em></span> <span class='ocrx_word' id='word_1_34' title='bbox 590 1349 595 1384; x_wconf 95' lang='lat'><strong>:</strong></span> <span class='ocrx_word' id='word_1_35' title='bbox 612 1336 641 1385; x_wconf 90' lang='lat' dir='ltr'><em>et</em></span> <span class='ocrx_word' id='word_1_36' title='bbox 655 1332 756 1402; x_wconf 88' lang='lat' dir='ltr'><em>siquid</em></span> <span class='ocrx_word' id='word_1_37' title='bbox 779 1350 828 1405; x_wconf 89' lang='lat' dir='ltr'><em>pro</em></span> <span class='ocrx_word' id='word_1_38' title='bbox 846 1335 940 1388; x_wconf 88' lang='lat' dir='ltr'><em>anima</em></span> <span class='ocrx_word' id='word_1_39' title='bbox 962 1328 1012 1387; x_wconf 86' lang='lat' dir='ltr'><em>filii</em></span> <span class='ocrx_word' id='word_1_40' title='bbox 1053 1329 1131 1386; x_wconf 90' lang='lat' dir='ltr'><em>mine</em></span> <span class='ocrx_word' id='word_1_41' title='bbox 1154 1331 1330 1403; x_wconf 89' lang='lat' dir='ltr'><em>probibente,</em></span> <span class='ocrx_word' id='word_1_42' title='bbox 1347 1329 1460 1385; x_wconf 89' lang='lat' dir='ltr'><em>nemine</em></span> <span class='ocrx_word' id='word_1_43' title='bbox 1482 1329 1699 1392; x_wconf 73' lang='lat' dir='ltr'><em>contradicente.</em></span> <span class='ocrx_word' id='word_1_44' title='bbox 1718 1331 1750 1386; x_wconf 83' lang='lat' dir='ltr'><em>m</em></span> <span class='ocrx_word' id='word_1_45' title='bbox 1772 1331 1827 1402; x_wconf 91' lang='lat' dir='ltr'><em>quid</em></span> 
     </span>
     <span class='ocr_line' id='line_1_7' title="bbox 213 1418 1827 1492; baseline 0 -18"><span class='ocrx_word' id='word_1_46' title='bbox 213 1420 339 1491; x_wconf 91' lang='lat' dir='ltr'><em>ipsorum</em></span> <span class='ocrx_word' id='word_1_47' title='bbox 354 1419 460 1475; x_wconf 92' lang='lat' dir='ltr'><em>domini</em></span> <span class='ocrx_word' id='word_1_48' title='bbox 474 1419 529 1474; x_wconf 90' lang='lat' dir='ltr'><em>mei</em></span> <span class='ocrx_word' id='word_1_49' title='bbox 543 1420 702 1490; x_wconf 81' lang='lat' dir='ltr'><em>Augustini,</em></span> <span class='ocrx_word' id='word_1_50' title='bbox 716 1421 889 1477; x_wconf 81' lang='lat' dir='ltr'><em>dilectissimi</em></span> <span class='ocrx_word' id='word_1_51' title='bbox 903 1421 1012 1476; x_wconf 82' lang='lat' dir='ltr'><em>contes-</em></span> <span class='ocrx_word' id='word_1_52' title='bbox 1053 1420 1244 1475; x_wconf 75' lang='lat' dir='ltr'><em>contadicere</em></span> <span class='ocrx_word' id='word_1_53' title='bbox 1251 1424 1478 1492; x_wconf 87' lang='lat' dir='ltr'><em>petestereatura</em></span> <span class='ocrx_word' id='word_1_54' title='bbox 1488 1418 1628 1482; x_wconf 82' lang='lat' dir='ltr'><em>creaturi,</em></span> <span class='ocrx_word' id='word_1_55' title='bbox 1637 1418 1827 1474; x_wconf 80' lang='lat' dir='ltr'><em>iecturaincte·</em></span> 
     </span>
     <span class='ocr_line' id='line_1_8' title="bbox 214 1507 1829 1580; baseline 0 -18"><span class='ocrx_word' id='word_1_56' title='bbox 214 1510 286 1563; x_wconf 86' lang='lat' dir='ltr'><em>soris</em></span> <span class='ocrx_word' id='word_1_57' title='bbox 303 1509 356 1575; x_wconf 90' lang='lat' dir='ltr'><em>tui,</em></span> <span class='ocrx_word' id='word_1_58' title='bbox 377 1509 446 1564; x_wconf 90' lang='lat' dir='ltr'><em>mihi</em></span> <span class='ocrx_word' id='word_1_59' title='bbox 472 1507 574 1564; x_wconf 89' lang='lat' dir='ltr'><em>misero</em></span> <span class='ocrx_word' id='word_1_60' title='bbox 598 1509 736 1579; x_wconf 79' lang='lat' dir='ltr'><em>peccatori</em></span> <span class='ocrx_word' id='word_1_61' title='bbox 763 1510 826 1566; x_wconf 91' lang='lat' dir='ltr'><em>lieet</em></span> <span class='ocrx_word' id='word_1_62' title='bbox 850 1511 892 1565; x_wconf 83' lang='lat' dir='ltr'><em>rel</em></span> <span class='ocrx_word' id='word_1_63' title='bbox 912 1511 1012 1565; x_wconf 90' lang='lat' dir='ltr'><em>intimo</em></span> <span class='ocrx_word' id='word_1_64' title='bbox 1053 1508 1230 1580; x_wconf 83' lang='lat' dir='ltr'><em>riiNunquid</em></span> <span class='ocrx_word' id='word_1_65' title='bbox 1241 1509 1310 1564; x_wconf 91' lang='lat' dir='ltr'><em>dicit</em></span> <span class='ocrx_word' id='word_1_66' title='bbox 1325 1509 1491 1580; x_wconf 79' lang='lat' dir='ltr'><em>figmentum</em></span> <span class='ocrx_word' id='word_1_67' title='bbox 1506 1507 1532 1564; x_wconf 90' lang='lat' dir='ltr'><em>ei</em></span> <span class='ocrx_word' id='word_1_68' title='bbox 1542 1507 1591 1579; x_wconf 92' lang='lat' dir='ltr'><em>qui</em></span> <span class='ocrx_word' id='word_1_69' title='bbox 1601 1525 1632 1562; x_wconf 87' lang='lat' dir='ltr'><em>se</em></span> <span class='ocrx_word' id='word_1_70' title='bbox 1640 1507 1716 1564; x_wconf 87' lang='lat' dir='ltr'><em>tinxit</em></span> <span class='ocrx_word' id='word_1_71' title='bbox 1730 1526 1736 1561; x_wconf 78' lang='lat' dir='ltr'><em>z</em></span> <span class='ocrx_word' id='word_1_72' title='bbox 1752 1509 1829 1573; x_wconf 86' lang='lat' dir='ltr'><em>Quare</em></span> 
     </span>
     <span class='ocr_line' id='line_1_9' title="bbox 214 1596 1829 1670; baseline 0 -18"><span class='ocrx_word' id='word_1_73' title='bbox 214 1597 305 1653; x_wconf 87' lang='lat' dir='ltr'><em>cordis</em></span> <span class='ocrx_word' id='word_1_74' title='bbox 326 1599 427 1654; x_wconf 79' lang='lat' dir='ltr'><em>affectu</em></span> <span class='ocrx_word' id='word_1_75' title='bbox 449 1596 618 1663; x_wconf 85' lang='lat' dir='ltr'><em>desiderare,</em></span> <span class='ocrx_word' id='word_1_76' title='bbox 643 1598 750 1653; x_wconf 83' lang='lat' dir='ltr'><em>utinam</em></span> <span class='ocrx_word' id='word_1_77' title='bbox 771 1614 827 1654; x_wconf 89' lang='lat' dir='ltr'><em>non</em></span> <span class='ocrx_word' id='word_1_78' title='bbox 851 1599 1012 1655; x_wconf 89' lang='lat' dir='ltr'><em>omnimodo</em></span> <span class='ocrx_word' id='word_1_79' title='bbox 1053 1613 1098 1652; x_wconf 92' lang='lat' dir='ltr'><em>me</em></span> <span class='ocrx_word' id='word_1_80' title='bbox 1113 1599 1152 1653; x_wconf 88' lang='lat' dir='ltr'><em>sic</em></span> <span class='ocrx_word' id='word_1_81' title='bbox 1166 1597 1829 1670; x_wconf 80' lang='lat' dir='ltr'><em>finxistilQuippecuivismisereris,atquemris</em></span> 
     </span>
     <span class='ocr_line' id='line_1_10' title="bbox 214 1685 1827 1761; baseline 0.001 -21"><span class='ocrx_word' id='word_1_82' title='bbox 214 1685 352 1742; x_wconf 83' lang='lat' dir='ltr'><em>inutiliter</em></span> <span class='ocrx_word' id='word_1_83' title='bbox 366 1687 428 1759; x_wconf 85' lang='lat' dir='ltr'><em>ipsa</em></span> <span class='ocrx_word' id='word_1_84' title='bbox 443 1686 493 1742; x_wconf 92' lang='lat' dir='ltr'><em>tibi</em></span> <span class='ocrx_word' id='word_1_85' title='bbox 505 1703 569 1742; x_wconf 90' lang='lat' dir='ltr'><em>mea</em></span> <span class='ocrx_word' id='word_1_86' title='bbox 582 1686 715 1759; x_wconf 88' lang='lat' dir='ltr'><em>loquatur</em></span> <span class='ocrx_word' id='word_1_87' title='bbox 728 1687 867 1743; x_wconf 82' lang='lat' dir='ltr'><em>voluntas.</em></span> <span class='ocrx_word' id='word_1_88' title='bbox 880 1688 943 1743; x_wconf 91' lang='lat' dir='ltr'><em>Scio</em></span> <span class='ocrx_word' id='word_1_89' title='bbox 952 1687 1013 1760; x_wconf 90' lang='lat' dir='ltr'><em>qui·</em></span> <span class='ocrx_word' id='word_1_90' title='bbox 1053 1687 1178 1744; x_wconf 89' lang='lat' dir='ltr'><em>induras.</em></span> <span class='ocrx_word' id='word_1_91' title='bbox 1194 1689 1372 1761; x_wconf 78' lang='lat' dir='ltr'><em>Quapropter</em></span> <span class='ocrx_word' id='word_1_92' title='bbox 1393 1688 1484 1744; x_wconf 88' lang='lat' dir='ltr'><em>nescit</em></span> <span class='ocrx_word' id='word_1_93' title='bbox 1505 1687 1591 1742; x_wconf 89' lang='lat' dir='ltr'><em>immo</em></span> <span class='ocrx_word' id='word_1_94' title='bbox 1612 1687 1735 1742; x_wconf 84' lang='lat' dir='ltr'><em>mortalis</em></span> <span class='ocrx_word' id='word_1_95' title='bbox 1748 1693 1827 1742; x_wconf 88' lang='lat' dir='ltr'><em>utrum</em></span> 
     </span>
     <span class='ocr_line' id='line_1_11' title="bbox 213 1774 1830 1849; baseline 0.001 -19"><span class='ocrx_word' id='word_1_96' title='bbox 213 1774 289 1843; x_wconf 88' lang='lat' dir='ltr'><em>dem,</em></span> <span class='ocrx_word' id='word_1_97' title='bbox 305 1775 435 1844; x_wconf 89' lang='lat' dir='ltr'><em>Domine,</em></span> <span class='ocrx_word' id='word_1_98' title='bbox 449 1781 479 1831; x_wconf 91' lang='lat' dir='ltr'><em>et</em></span> <span class='ocrx_word' id='word_1_99' title='bbox 494 1780 633 1848; x_wconf 88' lang='lat' dir='ltr'><em>procerte</em></span> <span class='ocrx_word' id='word_1_100' title='bbox 646 1793 767 1847; x_wconf 86' lang='lat' dir='ltr'><em>agnosco</em></span> <span class='ocrx_word' id='word_1_101' title='bbox 787 1793 848 1832; x_wconf 89' lang='lat' dir='ltr'><em>esse</em></span> <span class='ocrx_word' id='word_1_102' title='bbox 859 1793 903 1832; x_wconf 91' lang='lat' dir='ltr'><em>me</em></span> <span class='ocrx_word' id='word_1_103' title='bbox 913 1793 1013 1849; x_wconf 86' lang='lat' dir='ltr'><em>pecea-</em></span> <span class='ocrx_word' id='word_1_104' title='bbox 1053 1777 1129 1842; x_wconf 91' lang='lat' dir='ltr'><em>odio,</em></span> <span class='ocrx_word' id='word_1_105' title='bbox 1145 1793 1182 1832; x_wconf 85' lang='lat' dir='ltr'><em>an</em></span> <span class='ocrx_word' id='word_1_106' title='bbox 1196 1795 1292 1833; x_wconf 87' lang='lat' dir='ltr'><em>amore</em></span> <span class='ocrx_word' id='word_1_107' title='bbox 1305 1777 1408 1849; x_wconf 88' lang='lat' dir='ltr'><em>dignus</em></span> <span class='ocrx_word' id='word_1_108' title='bbox 1422 1778 1468 1844; x_wconf 90' lang='lat' dir='ltr'><em>sit,</em></span> <span class='ocrx_word' id='word_1_109' title='bbox 1482 1777 1531 1832; x_wconf 89' lang='lat' dir='ltr'><em>sed</em></span> <span class='ocrx_word' id='word_1_110' title='bbox 1547 1777 1642 1832; x_wconf 87' lang='lat' dir='ltr'><em>omnia</em></span> <span class='ocrx_word' id='word_1_111' title='bbox 1656 1777 1684 1831; x_wconf 93' lang='lat' dir='ltr'><em>in</em></span> <span class='ocrx_word' id='word_1_112' title='bbox 1697 1775 1783 1832; x_wconf 85' lang='lat' dir='ltr'><em>tuturo</em></span> <span class='ocrx_word' id='word_1_113' title='bbox 1794 1793 1830 1832; x_wconf 88' lang='lat' dir='ltr'><em>re·</em></span> 
     </span>
     <span class='ocr_line' id='line_1_12' title="bbox 213 1851 1829 1933; baseline -0.001 -13"><span class='ocrx_word' id='word_1_114' title='bbox 213 1867 315 1933; x_wconf 85' lang='lat' dir='ltr'><em>terem,</em></span> <span class='ocrx_word' id='word_1_115' title='bbox 331 1871 360 1922; x_wconf 90' lang='lat' dir='ltr'><em>et</em></span> <span class='ocrx_word' id='word_1_116' title='bbox 373 1866 606 1933; x_wconf 84' lang='lat' dir='ltr'><em>infelicissimum,</em></span> <span class='ocrx_word' id='word_1_117' title='bbox 622 1874 651 1921; x_wconf 90' lang='lat' dir='ltr'><em>et</em></span> <span class='ocrx_word' id='word_1_118' title='bbox 664 1867 772 1922; x_wconf 89' lang='lat' dir='ltr'><em>eunctis</em></span> <span class='ocrx_word' id='word_1_119' title='bbox 784 1851 948 1922; x_wconf 81' lang='lat' dir='ltr'><em>criminibus</em></span> <span class='ocrx_word' id='word_1_120' title='bbox 961 1866 1011 1921; x_wconf 89' lang='lat' dir='ltr'><em>eb·</em></span> <span class='ocrx_word' id='word_1_121' title='bbox 1052 1871 1200 1922; x_wconf 86' lang='lat' dir='ltr'><em>servantur</em></span> <span class='ocrx_word' id='word_1_122' title='bbox 1224 1867 1341 1922; x_wconf 89' lang='lat' dir='ltr'><em>ineerta.</em></span> <span class='ocrx_word' id='word_1_123' title='bbox 1361 1867 1455 1922; x_wconf 88' lang='lat' dir='ltr'><em>Unum</em></span> <span class='ocrx_word' id='word_1_124' title='bbox 1478 1871 1572 1920; x_wconf 86' lang='lat' dir='ltr'><em>eutem</em></span> <span class='ocrx_word' id='word_1_125' title='bbox 1595 1869 1712 1929; x_wconf 81' lang='lat' dir='ltr'><em>certum,</em></span> <span class='ocrx_word' id='word_1_126' title='bbox 1725 1865 1829 1932; x_wconf 85' lang='lat' dir='ltr'><em>firmum,</em></span> 
     </span>
     <span class='ocr_line' id='line_1_13' title="bbox 213 1951 1832 2028; baseline -0.001 -19"><span class='ocrx_word' id='word_1_127' title='bbox 213 1955 330 2009; x_wconf 90' lang='lat' dir='ltr'><em>noxium</em></span> <span class='ocrx_word' id='word_1_128' title='bbox 344 1959 430 2026; x_wconf 86' lang='lat' dir='ltr'><em>atque</em></span> <span class='ocrx_word' id='word_1_129' title='bbox 442 1955 588 2010; x_wconf 87' lang='lat' dir='ltr'><em>immensis</em></span> <span class='ocrx_word' id='word_1_130' title='bbox 610 1954 760 2010; x_wconf 85' lang='lat' dir='ltr'><em>sceleribus</em></span> <span class='ocrx_word' id='word_1_131' title='bbox 779 1957 990 2028; x_wconf 81' lang='lat' dir='ltr'><em>coinquinatum</em></span> <span class='ocrx_word' id='word_1_132' title='bbox 1003 1975 1009 2024; x_wconf 91' lang='lat'>;</span> <span class='ocrx_word' id='word_1_133' title='bbox 1051 1951 1832 2027; x_wconf 81' lang='lat' dir='ltr'><em>stabile,etperpetuaconstataeternitateimmutabllasci·</em></span> 
     </span>
     <span class='ocr_line' id='line_1_14' title="bbox 213 2041 1832 2116; baseline -0.001 -18"><span class='ocrx_word' id='word_1_134' title='bbox 213 2041 293 2098; x_wconf 89' lang='lat' dir='ltr'><em>illum</em></span> <span class='ocrx_word' id='word_1_135' title='bbox 309 2049 404 2098; x_wconf 90' lang='lat' dir='ltr'><em>autem</em></span> <span class='ocrx_word' id='word_1_136' title='bbox 421 2043 510 2098; x_wconf 85' lang='lat' dir='ltr'><em>fuisse</em></span> <span class='ocrx_word' id='word_1_137' title='bbox 524 2043 553 2098; x_wconf 92' lang='lat' dir='ltr'><em>in</em></span> <span class='ocrx_word' id='word_1_138' title='bbox 575 2044 627 2098; x_wconf 86' lang='lat' dir='ltr'><em>hae</em></span> <span class='ocrx_word' id='word_1_139' title='bbox 643 2044 775 2116; x_wconf 66' lang='lat' dir='ltr'><em>praesenti</em></span> <span class='ocrx_word' id='word_1_140' title='bbox 798 2043 855 2099; x_wconf 82' lang='lat' dir='ltr'><em>sita</em></span> <span class='ocrx_word' id='word_1_141' title='bbox 873 2053 1012 2112; x_wconf 86' lang='lat' dir='ltr'><em>sanetum,</em></span> <span class='ocrx_word' id='word_1_142' title='bbox 1054 2044 1203 2116; x_wconf 89' lang='lat' dir='ltr'><em>licetquod</em></span> <span class='ocrx_word' id='word_1_143' title='bbox 1214 2045 1335 2108; x_wconf 87' lang='lat' dir='ltr'><em>Deuses,</em></span> <span class='ocrx_word' id='word_1_144' title='bbox 1347 2044 1422 2115; x_wconf 89' lang='lat' dir='ltr'><em>qnod</em></span> <span class='ocrx_word' id='word_1_145' title='bbox 1445 2044 1625 2115; x_wconf 88' lang='lat' dir='ltr'><em>omnipotens</em></span> <span class='ocrx_word' id='word_1_146' title='bbox 1634 2059 1672 2099; x_wconf 84' lang='lat' dir='ltr'><em>es.</em></span> <span class='ocrx_word' id='word_1_147' title='bbox 1680 2043 1748 2114; x_wconf 87' lang='lat' dir='ltr'><em>quod</em></span> <span class='ocrx_word' id='word_1_148' title='bbox 1758 2041 1832 2096; x_wconf 88' lang='lat' dir='ltr'><em>bonus</em></span> 
     </span>
     <span class='ocr_line' id='line_1_15' title="bbox 212 2131 1831 2205; baseline -0.001 -20"><span class='ocrx_word' id='word_1_149' title='bbox 212 2131 322 2202; x_wconf 83' lang='lat' dir='ltr'><em>justum</em></span> <span class='ocrx_word' id='word_1_150' title='bbox 336 2137 365 2186; x_wconf 90' lang='lat' dir='ltr'><em>et</em></span> <span class='ocrx_word' id='word_1_151' title='bbox 379 2132 467 2204; x_wconf 91' lang='lat' dir='ltr'><em>pium,</em></span> <span class='ocrx_word' id='word_1_152' title='bbox 483 2131 668 2204; x_wconf 88' lang='lat' dir='ltr'><em>omnibusque</em></span> <span class='ocrx_word' id='word_1_153' title='bbox 683 2132 833 2188; x_wconf 75' lang='lat' dir='ltr'><em>virtutibus</em></span> <span class='ocrx_word' id='word_1_154' title='bbox 849 2133 1015 2188; x_wconf 88' lang='lat' dir='ltr'><em>mirabiliter</em></span> <span class='ocrx_word' id='word_1_155' title='bbox 1055 2149 1096 2188; x_wconf 88' lang='lat' dir='ltr'><em>es.</em></span> <span class='ocrx_word' id='word_1_156' title='bbox 1108 2133 1337 2205; x_wconf 85' lang='lat' dir='ltr'><em>Ergoinnobiset</em></span> <span class='ocrx_word' id='word_1_157' title='bbox 1347 2133 1471 2188; x_wconf 83' lang='lat' dir='ltr'><em>danobis</em></span> <span class='ocrx_word' id='word_1_158' title='bbox 1481 2132 1668 2204; x_wconf 90' lang='lat' dir='ltr'><em>quedbenum</em></span> <span class='ocrx_word' id='word_1_159' title='bbox 1686 2131 1763 2186; x_wconf 91' lang='lat' dir='ltr'><em>estin</em></span> <span class='ocrx_word' id='word_1_160' title='bbox 1776 2145 1831 2184; x_wconf 91' lang='lat' dir='ltr'><em>cen·</em></span> 
     </span>
     <span class='ocr_line' id='line_1_16' title="bbox 216 2218 1833 2294; baseline 0 -20"><span class='ocrx_word' id='word_1_161' title='bbox 216 2225 380 2276; x_wconf 84' lang='lat' dir='ltr'><em>exornatum</em></span> <span class='ocrx_word' id='word_1_162' title='bbox 394 2239 401 2288; x_wconf 93' lang='lat'>;</span> <span class='ocrx_word' id='word_1_163' title='bbox 419 2237 495 2276; x_wconf 86' lang='lat' dir='ltr'><em>nunc</em></span> <span class='ocrx_word' id='word_1_164' title='bbox 509 2226 602 2276; x_wconf 91' lang='lat' dir='ltr'><em>autem</em></span> <span class='ocrx_word' id='word_1_165' title='bbox 618 2221 695 2277; x_wconf 88' lang='lat' dir='ltr'><em>omni</em></span> <span class='ocrx_word' id='word_1_166' title='bbox 713 2222 820 2276; x_wconf 83' lang='lat' dir='ltr'><em>horrore</em></span> <span class='ocrx_word' id='word_1_167' title='bbox 833 2227 861 2276; x_wconf 89' lang='lat' dir='ltr'><em>et</em></span> <span class='ocrx_word' id='word_1_168' title='bbox 879 2222 969 2294; x_wconf 88' lang='lat' dir='ltr'><em>gloria</em></span> <span class='ocrx_word' id='word_1_169' title='bbox 984 2223 1013 2278; x_wconf 90' lang='lat' dir='ltr'><em>in</em></span> <span class='ocrx_word' id='word_1_170' title='bbox 1054 2228 1150 2294; x_wconf 82' lang='lat' dir='ltr'><em>spectu</em></span> <span class='ocrx_word' id='word_1_171' title='bbox 1161 2223 1547 2288; x_wconf 88' lang='lat' dir='ltr'><em>tuo,clementissimePater,</em></span> <span class='ocrx_word' id='word_1_172' title='bbox 1557 2222 1617 2282; x_wconf 86' lang='lat' dir='ltr'><em>fiat,</em></span> <span class='ocrx_word' id='word_1_173' title='bbox 1627 2221 1691 2277; x_wconf 86' lang='lat' dir='ltr'><em>fiat!</em></span> <span class='ocrx_word' id='word_1_174' title='bbox 1705 2218 1833 2276; x_wconf 90' lang='lat' dir='ltr'><em>Inditione</em></span> 
     </span>
     <span class='ocr_line' id='line_1_17' title="bbox 216 2307 1833 2382; baseline -0.001 -19"><span class='ocrx_word' id='word_1_175' title='bbox 216 2314 365 2380; x_wconf 87' lang='lat' dir='ltr'><em>conspeetu</em></span> <span class='ocrx_word' id='word_1_176' title='bbox 388 2320 436 2364; x_wconf 90' lang='lat' dir='ltr'><em>tuo</em></span> <span class='ocrx_word' id='word_1_177' title='bbox 462 2309 578 2363; x_wconf 83' lang='lat' dir='ltr'><em>mirifice</em></span> <span class='ocrx_word' id='word_1_178' title='bbox 602 2309 794 2376; x_wconf 86' lang='lat' dir='ltr'><em>sublimatum,</em></span> <span class='ocrx_word' id='word_1_179' title='bbox 813 2309 857 2364; x_wconf 88' lang='lat' dir='ltr'><em>ubi</em></span> <span class='ocrx_word' id='word_1_180' title='bbox 873 2311 962 2382; x_wconf 90' lang='lat' dir='ltr'><em>magis</em></span> <span class='ocrx_word' id='word_1_181' title='bbox 981 2327 1014 2366; x_wconf 89' lang='lat' dir='ltr'><em>ac</em></span> <span class='ocrx_word' id='word_1_182' title='bbox 1055 2311 1167 2382; x_wconf 89' lang='lat' dir='ltr'><em>quidem</em></span> <span class='ocrx_word' id='word_1_183' title='bbox 1181 2319 1230 2368; x_wconf 90' lang='lat' dir='ltr'><em>tua</em></span> <span class='ocrx_word' id='word_1_184' title='bbox 1244 2317 1343 2367; x_wconf 86' lang='lat' dir='ltr'><em>cuncta</em></span> <span class='ocrx_word' id='word_1_185' title='bbox 1354 2317 1421 2366; x_wconf 84' lang='lat' dir='ltr'><em>sunt</em></span> <span class='ocrx_word' id='word_1_186' title='bbox 1436 2311 1536 2382; x_wconf 87' lang='lat' dir='ltr'><em>posita,</em></span> <span class='ocrx_word' id='word_1_187' title='bbox 1546 2316 1576 2366; x_wconf 90' lang='lat' dir='ltr'><em>et</em></span> <span class='ocrx_word' id='word_1_188' title='bbox 1589 2326 1646 2365; x_wconf 93' lang='lat' dir='ltr'><em>non</em></span> <span class='ocrx_word' id='word_1_189' title='bbox 1656 2315 1698 2366; x_wconf 90' lang='lat' dir='ltr'><em>est</em></span> <span class='ocrx_word' id='word_1_190' title='bbox 1707 2309 1751 2380; x_wconf 91' lang='lat' dir='ltr'><em>qui</em></span> <span class='ocrx_word' id='word_1_191' title='bbox 1759 2307 1833 2380; x_wconf 86' lang='lat' dir='ltr'><em>possit</em></span> 
     </span>
     <span class='ocr_line' id='line_1_18' title="bbox 215 2397 1831 2472; baseline -0.001 -20"><span class='ocrx_word' id='word_1_192' title='bbox 215 2397 306 2468; x_wconf 86' lang='lat' dir='ltr'><em>magis</em></span> <span class='ocrx_word' id='word_1_193' title='bbox 318 2398 492 2469; x_wconf 85' lang='lat' dir='ltr'><em>glorificetur</em></span> <span class='ocrx_word' id='word_1_194' title='bbox 502 2404 532 2453; x_wconf 91' lang='lat' dir='ltr'><em>et</em></span> <span class='ocrx_word' id='word_1_195' title='bbox 545 2399 741 2468; x_wconf 80' lang='lat' dir='ltr'><em>magnificetur</em></span> <span class='ocrx_word' id='word_1_196' title='bbox 752 2399 880 2454; x_wconf 90' lang='lat' dir='ltr'><em>desidere</em></span> <span class='ocrx_word' id='word_1_197' title='bbox 893 2406 922 2454; x_wconf 86' lang='lat' dir='ltr'><em>et</em></span> <span class='ocrx_word' id='word_1_198' title='bbox 935 2407 1011 2472; x_wconf 91' lang='lat' dir='ltr'><em>opto,</em></span> <span class='ocrx_word' id='word_1_199' title='bbox 1054 2401 1187 2456; x_wconf 83' lang='lat' dir='ltr'><em>resistere</em></span> <span class='ocrx_word' id='word_1_200' title='bbox 1201 2401 1336 2456; x_wconf 84' lang='lat' dir='ltr'><em>voluntati</em></span> <span class='ocrx_word' id='word_1_201' title='bbox 1352 2406 1419 2456; x_wconf 81' lang='lat' dir='ltr'><em>tuae.</em></span> <span class='ocrx_word' id='word_1_202' title='bbox 1444 2401 1473 2455; x_wconf 90' lang='lat' dir='ltr'><em>Si</em></span> <span class='ocrx_word' id='word_1_203' title='bbox 1494 2399 1653 2455; x_wconf 82' lang='lat' dir='ltr'><em>decreveris</em></span> <span class='ocrx_word' id='word_1_204' title='bbox 1667 2398 1769 2454; x_wconf 84' lang='lat' dir='ltr'><em>salvare</em></span> <span class='ocrx_word' id='word_1_205' title='bbox 1781 2413 1831 2464; x_wconf 87' lang='lat' dir='ltr'><em>nos,</em></span> 
     </span>
     <span class='ocr_line' id='line_1_19' title="bbox 217 2487 1833 2580; baseline -0.001 -38"><span class='ocrx_word' id='word_1_206' title='bbox 217 2491 256 2552; x_wconf 86' lang='lat' dir='ltr'><em>et,</em></span> <span class='ocrx_word' id='word_1_207' title='bbox 268 2487 298 2541; x_wconf 90' lang='lat' dir='ltr'><em>in</em></span> <span class='ocrx_word' id='word_1_208' title='bbox 309 2493 445 2558; x_wconf 86' lang='lat' dir='ltr'><em>quantum</em></span> <span class='ocrx_word' id='word_1_209' title='bbox 456 2504 626 2559; x_wconf 70' lang='lat' dir='ltr'><em>praesumere</em></span> <span class='ocrx_word' id='word_1_210' title='bbox 641 2487 741 2553; x_wconf 81' lang='lat' dir='ltr'><em>audeo,</em></span> <span class='ocrx_word' id='word_1_211' title='bbox 754 2488 934 2552; x_wconf 85' lang='lat' dir='ltr'><em>exoro.Quod</em></span> <span class='ocrx_word' id='word_1_212' title='bbox 949 2507 1012 2544; x_wconf 79' lang='lat' dir='ltr'><em>sero</em></span> <span class='ocrx_word' id='word_1_213' title='bbox 1024 2490 1186 2580; x_wconf 67' lang='lat' dir='ltr'><em>Reontinno</em></span> <span class='ocrx_word' id='word_1_214' title='bbox 1202 2488 1389 2545; x_wconf 83' lang='lat' dir='ltr'><em>liberabimur</em></span> <span class='ocrx_word' id='word_1_215' title='bbox 1411 2506 1417 2542; x_wconf 77' lang='grc' dir='ltr'>ε</span> <span class='ocrx_word' id='word_1_216' title='bbox 1433 2505 1449 2542; x_wconf 88' lang='lat' dir='ltr'><em>a</em></span> <span class='ocrx_word' id='word_1_217' title='bbox 1464 2505 1545 2560; x_wconf 82' lang='lat' dir='ltr'><em>euJus</em></span> <span class='ocrx_word' id='word_1_218' title='bbox 1562 2487 1734 2543; x_wconf 79' lang='lat' dir='ltr'><em>liberationis</em></span> <span class='ocrx_word' id='word_1_219' title='bbox 1746 2487 1833 2558; x_wconf 84' lang='lat' dir='ltr'><em>gratia,</em></span> 
     </span>
     <span class='ocr_line' id='line_1_20' title="bbox 216 2573 1833 2649; baseline -0.002 -16"><span class='ocrx_word' id='word_1_220' title='bbox 216 2591 267 2648; x_wconf 83' lang='lat' dir='ltr'><em>per</em></span> <span class='ocrx_word' id='word_1_221' title='bbox 281 2592 345 2631; x_wconf 89' lang='lat' dir='ltr'><em>eum</em></span> <span class='ocrx_word' id='word_1_222' title='bbox 366 2576 473 2646; x_wconf 86' lang='lat' dir='ltr'><em>ingenti</em></span> <span class='ocrx_word' id='word_1_223' title='bbox 487 2576 663 2642; x_wconf 79' lang='lat' dir='ltr'><em>necessitate,</em></span> <span class='ocrx_word' id='word_1_224' title='bbox 678 2581 850 2631; x_wconf 84' lang='lat' dir='ltr'><em>tamencum</em></span> <span class='ocrx_word' id='word_1_225' title='bbox 866 2579 1013 2647; x_wconf 88' lang='lat' dir='ltr'><em>quantula·</em></span> <span class='ocrx_word' id='word_1_226' title='bbox 1054 2595 1089 2634; x_wconf 91' lang='lat' dir='ltr'><em>ne</em></span> <span class='ocrx_word' id='word_1_227' title='bbox 1102 2579 1252 2633; x_wconf 87' lang='lat' dir='ltr'><em>multitude</em></span> <span class='ocrx_word' id='word_1_228' title='bbox 1263 2595 1295 2634; x_wconf 91' lang='lat' dir='ltr'><em>ac</em></span> <span class='ocrx_word' id='word_1_229' title='bbox 1310 2577 1662 2649; x_wconf 82' lang='lat' dir='ltr'><em>magnitudopeceatorum</em></span> <span class='ocrx_word' id='word_1_230' title='bbox 1677 2591 1792 2632; x_wconf 88' lang='lat' dir='ltr'><em>meorum</em></span> <span class='ocrx_word' id='word_1_231' title='bbox 1802 2573 1833 2630; x_wconf 85' lang='lat' dir='ltr'><em>ie·</em></span> 
     </span>
     <span class='ocr_line' id='line_1_21' title="bbox 217 2663 1835 2738; baseline -0.001 -20"><span class='ocrx_word' id='word_1_232' title='bbox 217 2680 327 2735; x_wconf 90' lang='lat' dir='ltr'><em>cunque</em></span> <span class='ocrx_word' id='word_1_233' title='bbox 351 2665 406 2720; x_wconf 87' lang='lat' dir='ltr'><em>tide</em></span> <span class='ocrx_word' id='word_1_234' title='bbox 426 2681 553 2737; x_wconf 88' lang='lat' dir='ltr'><em>exposco,</em></span> <span class='ocrx_word' id='word_1_235' title='bbox 571 2671 603 2720; x_wconf 88' lang='lat' dir='ltr'><em>tu</em></span> <span class='ocrx_word' id='word_1_236' title='bbox 624 2664 824 2737; x_wconf 82' lang='lat' dir='ltr'><em>benignissime</em></span> <span class='ocrx_word' id='word_1_237' title='bbox 838 2666 1012 2721; x_wconf 89' lang='lat' dir='ltr'><em>occultorum</em></span> <span class='ocrx_word' id='word_1_238' title='bbox 1053 2667 1129 2721; x_wconf 87' lang='lat' dir='ltr'><em>ciant</em></span> <span class='ocrx_word' id='word_1_239' title='bbox 1141 2673 1280 2722; x_wconf 84' lang='lat' dir='ltr'><em>extorrem</em></span> <span class='ocrx_word' id='word_1_240' title='bbox 1295 2673 1323 2722; x_wconf 91' lang='lat' dir='ltr'><em>et</em></span> <span class='ocrx_word' id='word_1_241' title='bbox 1335 2667 1580 2738; x_wconf 74' lang='lat' dir='ltr'><em>indignumjube,</em></span> <span class='ocrx_word' id='word_1_242' title='bbox 1592 2665 1718 2729; x_wconf 84' lang='lat' dir='ltr'><em>Domine,</em></span> <span class='ocrx_word' id='word_1_243' title='bbox 1729 2663 1835 2720; x_wconf 85' lang='lat' dir='ltr'><em>miserri-</em></span> 
     </span>
     <span class='ocr_line' id='line_1_22' title="bbox 218 2750 1916 2827; baseline -0.002 -19"><span class='ocrx_word' id='word_1_244' title='bbox 218 2753 356 2824; x_wconf 89' lang='lat' dir='ltr'><em>cognitnr,</em></span> <span class='ocrx_word' id='word_1_245' title='bbox 384 2760 513 2808; x_wconf 85' lang='lat' dir='ltr'><em>scrutans</em></span> <span class='ocrx_word' id='word_1_246' title='bbox 536 2753 621 2809; x_wconf 90' lang='lat' dir='ltr'><em>corda</em></span> <span class='ocrx_word' id='word_1_247' title='bbox 640 2759 669 2808; x_wconf 90' lang='lat' dir='ltr'><em>et</em></span> <span class='ocrx_word' id='word_1_248' title='bbox 689 2770 771 2808; x_wconf 89' lang='lat' dir='ltr'><em>renes</em></span> <span class='ocrx_word' id='word_1_249' title='bbox 793 2755 879 2818; x_wconf 86' lang='lat' dir='ltr'><em>Deus,</em></span> <span class='ocrx_word' id='word_1_250' title='bbox 898 2755 1013 2811; x_wconf 89' lang='lat' dir='ltr'><em>intende</em></span> <span class='ocrx_word' id='word_1_251' title='bbox 1054 2771 1129 2809; x_wconf 83' lang='lat' dir='ltr'><em>mem</em></span> <span class='ocrx_word' id='word_1_252' title='bbox 1156 2755 1278 2810; x_wconf 88' lang='lat' dir='ltr'><em>animam</em></span> <span class='ocrx_word' id='word_1_253' title='bbox 1305 2771 1396 2810; x_wconf 89' lang='lat' dir='ltr'><em>meam</em></span> <span class='ocrx_word' id='word_1_254' title='bbox 1426 2755 1586 2818; x_wconf 88' lang='lat' dir='ltr'><em>consolari,</em></span> <span class='ocrx_word' id='word_1_255' title='bbox 1612 2755 1686 2827; x_wconf 91' lang='lat' dir='ltr'><em>quod</em></span> <span class='ocrx_word' id='word_1_256' title='bbox 1712 2750 1834 2808; x_wconf 80' lang='lat' dir='ltr'><em>misereris</em></span> <span class='ocrx_word' id='word_1_257' title='bbox 1913 2790 1916 2800; x_wconf 86' lang='lat'><em>.</em></span> 
     </span>
     <span class='ocr_line' id='line_1_23' title="bbox 217 2839 1835 2916; baseline -0.003 -18"><span class='ocrx_word' id='word_1_258' title='bbox 217 2843 354 2916; x_wconf 85' lang='lat' dir='ltr'><em>placatus,</em></span> <span class='ocrx_word' id='word_1_259' title='bbox 367 2847 507 2915; x_wconf 87' lang='lat' dir='ltr'><em>qnatenus</em></span> <span class='ocrx_word' id='word_1_260' title='bbox 522 2843 630 2899; x_wconf 88' lang='lat' dir='ltr'><em>meritis</em></span> <span class='ocrx_word' id='word_1_261' title='bbox 645 2849 674 2898; x_wconf 89' lang='lat' dir='ltr'><em>et</em></span> <span class='ocrx_word' id='word_1_262' title='bbox 683 2845 927 2900; x_wconf 83' lang='lat' dir='ltr'><em>intercessionibus</em></span> <span class='ocrx_word' id='word_1_263' title='bbox 941 2847 1013 2916; x_wconf 73' lang='lat' dir='ltr'><em>eius,</em></span> <span class='ocrx_word' id='word_1_264' title='bbox 1055 2844 1191 2909; x_wconf 87' lang='lat' dir='ltr'><em>onmium,</em></span> <span class='ocrx_word' id='word_1_265' title='bbox 1205 2848 1234 2898; x_wconf 91' lang='lat' dir='ltr'><em>et</em></span> <span class='ocrx_word' id='word_1_266' title='bbox 1247 2843 1314 2898; x_wconf 90' lang='lat' dir='ltr'><em>nibil</em></span> <span class='ocrx_word' id='word_1_267' title='bbox 1326 2843 1411 2899; x_wconf 88' lang='lat' dir='ltr'><em>odisti</em></span> <span class='ocrx_word' id='word_1_268' title='bbox 1433 2844 1560 2899; x_wconf 88' lang='lat' dir='ltr'><em>omnium</em></span> <span class='ocrx_word' id='word_1_269' title='bbox 1585 2861 1647 2916; x_wconf 82' lang='lat' dir='ltr'><em>quse</em></span> <span class='ocrx_word' id='word_1_270' title='bbox 1661 2842 1754 2908; x_wconf 85' lang='lat' dir='ltr'><em>iecisti,</em></span> <span class='ocrx_word' id='word_1_271' title='bbox 1767 2839 1835 2896; x_wconf 90' lang='lat' dir='ltr'><em>dissi·</em></span> 
     </span>
     <span class='ocr_line' id='line_1_24' title="bbox 217 2930 1835 3005; baseline -0.004 -15"><span class='ocrx_word' id='word_1_272' title='bbox 217 2934 399 3005; x_wconf 88' lang='lat' dir='ltr'><em>omniumque</em></span> <span class='ocrx_word' id='word_1_273' title='bbox 419 2939 580 2989; x_wconf 86' lang='lat' dir='ltr'><em>sanctorum</em></span> <span class='ocrx_word' id='word_1_274' title='bbox 610 2936 734 2996; x_wconf 91' lang='lat' dir='ltr'><em>tuorum,</em></span> <span class='ocrx_word' id='word_1_275' title='bbox 764 2933 891 2989; x_wconf 86' lang='lat' dir='ltr'><em>absolvas</em></span> <span class='ocrx_word' id='word_1_276' title='bbox 914 2950 960 2989; x_wconf 90' lang='lat' dir='ltr'><em>me</em></span> <span class='ocrx_word' id='word_1_277' title='bbox 986 2941 1015 2990; x_wconf 92' lang='lat' dir='ltr'><em>et</em></span> <span class='ocrx_word' id='word_1_278' title='bbox 1056 2933 1168 2987; x_wconf 78' lang='lat' dir='ltr'><em>mulene</em></span> <span class='ocrx_word' id='word_1_279' title='bbox 1183 2939 1295 3004; x_wconf 86' lang='lat' dir='ltr'><em>peccata</em></span> <span class='ocrx_word' id='word_1_280' title='bbox 1310 2933 1454 2988; x_wconf 88' lang='lat' dir='ltr'><em>hominurn</em></span> <span class='ocrx_word' id='word_1_281' title='bbox 1465 2938 1581 3005; x_wconf 89' lang='lat' dir='ltr'><em>propter</em></span> <span class='ocrx_word' id='word_1_282' title='bbox 1593 2930 1835 3005; x_wconf 70' lang='lat' dir='ltr'><em>poenitentemne</em></span> 
     </span>
     <span class='ocr_line' id='line_1_25' title="bbox 217 3019 1834 3094; baseline -0.004 -16"><span class='ocrx_word' id='word_1_283' title='bbox 217 3039 315 3078; x_wconf 88' lang='lat' dir='ltr'><em>omnes</em></span> <span class='ocrx_word' id='word_1_284' title='bbox 329 3022 431 3078; x_wconf 84' lang='lat' dir='ltr'><em>tratres</em></span> <span class='ocrx_word' id='word_1_285' title='bbox 445 3027 556 3076; x_wconf 89' lang='lat' dir='ltr'><em>nostros</em></span> <span class='ocrx_word' id='word_1_286' title='bbox 567 3021 602 3076; x_wconf 94' lang='lat' dir='ltr'><em>ab</em></span> <span class='ocrx_word' id='word_1_287' title='bbox 615 3021 690 3076; x_wconf 88' lang='lat' dir='ltr'><em>omni</em></span> <span class='ocrx_word' id='word_1_288' title='bbox 711 3022 821 3077; x_wconf 84' lang='lat' dir='ltr'><em>vinculo</em></span> <span class='ocrx_word' id='word_1_289' title='bbox 836 3023 1012 3091; x_wconf 88' lang='lat' dir='ltr'><em>delictorum,</em></span> <span class='ocrx_word' id='word_1_290' title='bbox 1054 3036 1122 3092; x_wconf 88' lang='lat' dir='ltr'><em>ergo</em></span> <span class='ocrx_word' id='word_1_291' title='bbox 1135 3038 1190 3084; x_wconf 89' lang='lat' dir='ltr'><em>me,</em></span> <span class='ocrx_word' id='word_1_292' title='bbox 1203 3022 1333 3088; x_wconf 86' lang='lat' dir='ltr'><em>Domine,</em></span> <span class='ocrx_word' id='word_1_293' title='bbox 1356 3021 1478 3077; x_wconf 81' lang='lat' dir='ltr'><em>fructum</em></span> <span class='ocrx_word' id='word_1_294' title='bbox 1494 3021 1615 3093; x_wconf 89' lang='lat' dir='ltr'><em>dignum</em></span> <span class='ocrx_word' id='word_1_295' title='bbox 1628 3020 1789 3094; x_wconf 79' lang='lat' dir='ltr'><em>poenitentia</em></span> <span class='ocrx_word' id='word_1_296' title='bbox 1801 3019 1834 3072; x_wconf 85' lang='lat' dir='ltr'><em>te·</em></span> 
     </span>
     <span class='ocr_line' id='line_1_26' title="bbox 218 3107 1835 3186; baseline 0.004 -17"><span class='ocrx_word' id='word_1_297' title='bbox 218 3118 248 3169; x_wconf 86' lang='lat' dir='ltr'><em>et</em></span> <span class='ocrx_word' id='word_1_298' title='bbox 260 3113 353 3169; x_wconf 85' lang='lat' dir='ltr'><em>denuo</em></span> <span class='ocrx_word' id='word_1_299' title='bbox 375 3118 434 3168; x_wconf 81' lang='lat' dir='ltr'><em>mm</em></span> <span class='ocrx_word' id='word_1_300' title='bbox 460 3111 550 3180; x_wconf 89' lang='lat' dir='ltr'><em>nobis,</em></span> <span class='ocrx_word' id='word_1_301' title='bbox 575 3127 659 3184; x_wconf 82' lang='lat' dir='ltr'><em>quem</em></span> <span class='ocrx_word' id='word_1_302' title='bbox 682 3112 822 3178; x_wconf 89' lang='lat' dir='ltr'><em>omnibus,</em></span> <span class='ocrx_word' id='word_1_303' title='bbox 837 3130 888 3185; x_wconf 88' lang='lat' dir='ltr'><em>pro</em></span> <span class='ocrx_word' id='word_1_304' title='bbox 912 3114 1013 3186; x_wconf 87' lang='lat' dir='ltr'><em>quibus</em></span> <span class='ocrx_word' id='word_1_305' title='bbox 1055 3125 1127 3165; x_wconf 81' lang='lat' dir='ltr'><em>cere.</em></span> <span class='ocrx_word' id='word_1_306' title='bbox 1142 3111 1204 3174; x_wconf 82' lang='lat' dir='ltr'><em>Fac,</em></span> <span class='ocrx_word' id='word_1_307' title='bbox 1217 3111 1351 3182; x_wconf 47' lang='lat' dir='ltr'><em>piissime</em></span> <span class='ocrx_word' id='word_1_308' title='bbox 1369 3117 1402 3166; x_wconf 91' lang='lat' dir='ltr'><em>ut</em></span> <span class='ocrx_word' id='word_1_309' title='bbox 1423 3117 1574 3181; x_wconf 62' lang='lat' dir='ltr'><em>antequam</em></span> <span class='ocrx_word' id='word_1_310' title='bbox 1598 3111 1629 3166; x_wconf 72' lang='lat' dir='ltr'><em>in</em></span> <span class='ocrx_word' id='word_1_311' title='bbox 1650 3107 1835 3182; x_wconf 63' lang='grc' dir='ltr'><em>ἀθψθῐὸῑῑθῦἱῡ</em></span> 
     </span>
     <span class='ocr_line' id='line_1_27' title="bbox 216 3197 1834 3271; baseline 0 -14"><span class='ocrx_word' id='word_1_312' title='bbox 216 3206 295 3257; x_wconf 81' lang='lat' dir='ltr'><em>mem</em></span> <span class='ocrx_word' id='word_1_313' title='bbox 308 3201 488 3256; x_wconf 81' lang='lat' dir='ltr'><em>clementiam</em></span> <span class='ocrx_word' id='word_1_314' title='bbox 499 3201 746 3260; x_wconf 83' lang='lat' dir='ltr'><em>exoramus,facins</em></span> <span class='ocrx_word' id='word_1_315' title='bbox 756 3202 908 3258; x_wconf 89' lang='lat' dir='ltr'><em>secundum</em></span> <span class='ocrx_word' id='word_1_316' title='bbox 921 3204 1014 3260; x_wconf 90' lang='lat' dir='ltr'><em>multi·</em></span> <span class='ocrx_word' id='word_1_317' title='bbox 1053 3197 1218 3255; x_wconf 69' lang='lat' dir='ltr'><em>barathrum</em></span> <span class='ocrx_word' id='word_1_318' title='bbox 1230 3200 1516 3271; x_wconf 82' lang='lat' dir='ltr'><em>incidem,entequnm</em></span> <span class='ocrx_word' id='word_1_319' title='bbox 1526 3216 1571 3254; x_wconf 79' lang='lat' dir='ltr'><em>me</em></span> <span class='ocrx_word' id='word_1_320' title='bbox 1582 3217 1658 3255; x_wconf 79' lang='lat' dir='ltr'><em>mors</em></span> <span class='ocrx_word' id='word_1_321' title='bbox 1667 3203 1785 3271; x_wconf 81' lang='lat' dir='ltr'><em>occupet,</em></span> <span class='ocrx_word' id='word_1_322' title='bbox 1794 3213 1834 3252; x_wconf 76' lang='lat' dir='ltr'><em>tn·</em></span> 
     </span>
     <span class='ocr_line' id='line_1_28' title="bbox 214 3287 1835 3362; baseline -0.002 -18"><span class='ocrx_word' id='word_1_323' title='bbox 214 3290 342 3346; x_wconf 89' lang='lat' dir='ltr'><em>tudinem</em></span> <span class='ocrx_word' id='word_1_324' title='bbox 357 3289 569 3345; x_wconf 82' lang='lat' dir='ltr'><em>miserationum</em></span> <span class='ocrx_word' id='word_1_325' title='bbox 576 3289 1013 3362; x_wconf 85' lang='lat' dir='ltr'><em>tuarumbiibiquoqueebsecro</em></span> <span class='ocrx_word' id='word_1_326' title='bbox 1053 3295 1168 3360; x_wconf 88' lang='lat' dir='ltr'><em>tequam</em></span> <span class='ocrx_word' id='word_1_327' title='bbox 1180 3289 1241 3344; x_wconf 89' lang='lat' dir='ltr'><em>dies</em></span> <span class='ocrx_word' id='word_1_328' title='bbox 1255 3289 1357 3344; x_wconf 87' lang='lat' dir='ltr'><em>ultima</em></span> <span class='ocrx_word' id='word_1_329' title='bbox 1376 3289 1445 3344; x_wconf 87' lang='lat' dir='ltr'><em>mihi</em></span> <span class='ocrx_word' id='word_1_330' title='bbox 1460 3288 1569 3344; x_wconf 90' lang='lat' dir='ltr'><em>aditum</em></span> <span class='ocrx_word' id='word_1_331' title='bbox 1582 3289 1757 3351; x_wconf 87' lang='lat' dir='ltr'><em>intercludet,</em></span> <span class='ocrx_word' id='word_1_332' title='bbox 1767 3287 1835 3342; x_wconf 86' lang='lat' dir='ltr'><em>daut</em></span> 
     </span>
     <span class='ocr_line' id='line_1_29' title="bbox 217 3376 1834 3453; baseline -0.002 -19"><span class='ocrx_word' id='word_1_333' title='bbox 217 3379 252 3434; x_wconf 91' lang='lat' dir='ltr'><em>de</em></span> <span class='ocrx_word' id='word_1_334' title='bbox 275 3380 337 3450; x_wconf 87' lang='lat' dir='ltr'><em>ejus</em></span> <span class='ocrx_word' id='word_1_335' title='bbox 359 3377 605 3434; x_wconf 88' lang='lat' dir='ltr'><em>intercessionibus</em></span> <span class='ocrx_word' id='word_1_336' title='bbox 630 3383 658 3432; x_wconf 91' lang='lat' dir='ltr'><em>et</em></span> <span class='ocrx_word' id='word_1_337' title='bbox 676 3377 783 3433; x_wconf 79' lang='lat' dir='ltr'><em>meritis</em></span> <span class='ocrx_word' id='word_1_338' title='bbox 805 3379 914 3446; x_wconf 89' lang='lat' dir='ltr'><em>donari,</em></span> <span class='ocrx_word' id='word_1_339' title='bbox 937 3382 1010 3453; x_wconf 91' lang='lat' dir='ltr'><em>quod</em></span> <span class='ocrx_word' id='word_1_340' title='bbox 1054 3377 1351 3434; x_wconf 83' lang='lat' dir='ltr'><em>inveniatservustuus</em></span> <span class='ocrx_word' id='word_1_341' title='bbox 1360 3395 1409 3434; x_wconf 88' lang='lat' dir='ltr'><em>eor</em></span> <span class='ocrx_word' id='word_1_342' title='bbox 1418 3394 1500 3433; x_wconf 91' lang='lat' dir='ltr'><em>suum</em></span> <span class='ocrx_word' id='word_1_343' title='bbox 1509 3377 1544 3432; x_wconf 86' lang='lat' dir='ltr'><em>ad</em></span> <span class='ocrx_word' id='word_1_344' title='bbox 1554 3379 1626 3433; x_wconf 89' lang='lat' dir='ltr'><em>satis</em></span> <span class='ocrx_word' id='word_1_345' title='bbox 1635 3376 1834 3433; x_wconf 82' lang='lat' dir='ltr'><em>tibisnciendum</em></span> 
     </span>
     <span class='ocr_line' id='line_1_30' title="bbox 215 3463 1835 3540; baseline -0.003 -18"><span class='ocrx_word' id='word_1_346' title='bbox 215 3471 292 3522; x_wconf 84' lang='lat' dir='ltr'><em>certe</em></span> <span class='ocrx_word' id='word_1_347' title='bbox 305 3466 375 3521; x_wconf 89' lang='lat' dir='ltr'><em>meis</em></span> <span class='ocrx_word' id='word_1_348' title='bbox 394 3483 450 3522; x_wconf 91' lang='lat' dir='ltr'><em>non</em></span> <span class='ocrx_word' id='word_1_349' title='bbox 465 3482 575 3521; x_wconf 86' lang='lat' dir='ltr'><em>mereor</em></span> <span class='ocrx_word' id='word_1_350' title='bbox 589 3466 716 3537; x_wconf 79' lang='lat' dir='ltr'><em>adipisci,</em></span> <span class='ocrx_word' id='word_1_351' title='bbox 730 3467 859 3523; x_wconf 86' lang='lat' dir='ltr'><em>videlicet</em></span> <span class='ocrx_word' id='word_1_352' title='bbox 873 3472 906 3524; x_wconf 89' lang='lat' dir='ltr'><em>ut</em></span> <span class='ocrx_word' id='word_1_353' title='bbox 918 3469 953 3524; x_wconf 90' lang='lat' dir='ltr'><em>de</em></span> <span class='ocrx_word' id='word_1_354' title='bbox 967 3470 1012 3524; x_wconf 92' lang='lat' dir='ltr'><em>di·</em></span> <span class='ocrx_word' id='word_1_355' title='bbox 1053 3482 1104 3538; x_wconf 89' lang='lat' dir='ltr'><em>pro</em></span> <span class='ocrx_word' id='word_1_356' title='bbox 1118 3468 1205 3523; x_wconf 87' lang='lat' dir='ltr'><em>tentis</em></span> <span class='ocrx_word' id='word_1_357' title='bbox 1220 3474 1335 3540; x_wconf 82' lang='lat' dir='ltr'><em>tamque</em></span> <span class='ocrx_word' id='word_1_358' title='bbox 1349 3465 1529 3523; x_wconf 83' lang='lat' dir='ltr'><em>horribilibus</em></span> <span class='ocrx_word' id='word_1_359' title='bbox 1537 3483 1569 3522; x_wconf 86' lang='lat' dir='ltr'><em>ec</em></span> <span class='ocrx_word' id='word_1_360' title='bbox 1583 3465 1712 3522; x_wconf 82' lang='lat' dir='ltr'><em>nefandis</em></span> <span class='ocrx_word' id='word_1_361' title='bbox 1723 3463 1835 3521; x_wconf 74' lang='lat' dir='ltr'><em>emmim·</em></span> 
     </span>
     <span class='ocr_line' id='line_1_31' title="bbox 213 3554 1834 3628; baseline -0.001 -19"><span class='ocrx_word' id='word_1_362' title='bbox 213 3555 331 3610; x_wconf 72' lang='lat' dir='ltr'><em>trinitate</em></span> <span class='ocrx_word' id='word_1_363' title='bbox 338 3560 423 3625; x_wconf 86' lang='lat' dir='ltr'><em>etque</em></span> <span class='ocrx_word' id='word_1_364' title='bbox 434 3555 610 3610; x_wconf 84' lang='lat' dir='ltr'><em>humanitate</em></span> <span class='ocrx_word' id='word_1_365' title='bbox 619 3554 861 3610; x_wconf 82' lang='lat' dir='ltr'><em>dilectissimiFilii</em></span> <span class='ocrx_word' id='word_1_366' title='bbox 872 3557 1013 3614; x_wconf 89' lang='lat' dir='ltr'><em>tuiDomi-</em></span> <span class='ocrx_word' id='word_1_367' title='bbox 1055 3555 1117 3616; x_wconf 88' lang='lat' dir='ltr'><em>bus,</em></span> <span class='ocrx_word' id='word_1_368' title='bbox 1135 3555 1235 3628; x_wconf 88' lang='lat' dir='ltr'><em>quibus</em></span> <span class='ocrx_word' id='word_1_369' title='bbox 1253 3573 1297 3611; x_wconf 91' lang='lat' dir='ltr'><em>me</em></span> <span class='ocrx_word' id='word_1_370' title='bbox 1318 3557 1454 3613; x_wconf 79' lang='lat' dir='ltr'><em>confiteor</em></span> <span class='ocrx_word' id='word_1_371' title='bbox 1468 3556 1619 3612; x_wconf 85' lang='lat' dir='ltr'><em>obnoxium</em></span> <span class='ocrx_word' id='word_1_372' title='bbox 1634 3554 1769 3628; x_wconf 85' lang='lat' dir='ltr'><em>majestati</em></span> <span class='ocrx_word' id='word_1_373' title='bbox 1778 3559 1834 3620; x_wconf 85' lang='lat' dir='ltr'><em>ture,</em></span> 
     </span>
     <span class='ocr_line' id='line_1_32' title="bbox 217 3641 1833 3718; baseline -0.001 -21"><span class='ocrx_word' id='word_1_374' title='bbox 217 3642 340 3697; x_wconf 89' lang='lat' dir='ltr'><em>ninostri</em></span> <span class='ocrx_word' id='word_1_375' title='bbox 349 3643 414 3698; x_wconf 81' lang='lat' dir='ltr'><em>iesu</em></span> <span class='ocrx_word' id='word_1_376' title='bbox 426 3643 529 3698; x_wconf 86' lang='lat' dir='ltr'><em>Christi</em></span> <span class='ocrx_word' id='word_1_377' title='bbox 539 3643 872 3716; x_wconf 86' lang='lat' dir='ltr'><em>idmerearsentirequod</em></span> <span class='ocrx_word' id='word_1_378' title='bbox 881 3645 1011 3718; x_wconf 87' lang='lat' dir='ltr'><em>ipsesen-</em></span> <span class='ocrx_word' id='word_1_379' title='bbox 1053 3651 1082 3700; x_wconf 92' lang='lat' dir='ltr'><em>et</em></span> <span class='ocrx_word' id='word_1_380' title='bbox 1093 3662 1177 3717; x_wconf 88' lang='lat' dir='ltr'><em>quarn</em></span> <span class='ocrx_word' id='word_1_381' title='bbox 1188 3647 1435 3718; x_wconf 85' lang='lat' dir='ltr'><em>gravissime,heu!</em></span> <span class='ocrx_word' id='word_1_382' title='bbox 1447 3647 1503 3702; x_wconf 90' lang='lat' dir='ltr'><em>beu</em></span> <span class='ocrx_word' id='word_1_383' title='bbox 1517 3647 1522 3700; x_wconf 93' lang='lat'><strong>!</strong></span> <span class='ocrx_word' id='word_1_384' title='bbox 1539 3661 1626 3717; x_wconf 88' lang='lat' dir='ltr'><em>quam</em></span> <span class='ocrx_word' id='word_1_385' title='bbox 1639 3641 1833 3701; x_wconf 84' lang='lat' dir='ltr'><em>damnabiliter!</em></span> 
     </span>
     <span class='ocr_line' id='line_1_33' title="bbox 215 3729 1836 3807; baseline -0.001 -21"><span class='ocrx_word' id='word_1_386' title='bbox 215 3731 335 3798; x_wconf 74' lang='lat' dir='ltr'><em>sitseire</em></span> <span class='ocrx_word' id='word_1_387' title='bbox 346 3733 419 3803; x_wconf 91' lang='lat' dir='ltr'><em>quod</em></span> <span class='ocrx_word' id='word_1_388' title='bbox 435 3731 523 3790; x_wconf 81' lang='lat' dir='ltr'><em>scirit.</em></span> <span class='ocrx_word' id='word_1_389' title='bbox 539 3731 696 3804; x_wconf 86' lang='lat' dir='ltr'><em>intelligere</em></span> <span class='ocrx_word' id='word_1_390' title='bbox 711 3733 784 3806; x_wconf 92' lang='lat' dir='ltr'><em>quod</em></span> <span class='ocrx_word' id='word_1_391' title='bbox 797 3735 942 3796; x_wconf 83' lang='lat' dir='ltr'><em>intellexit,</em></span> <span class='ocrx_word' id='word_1_392' title='bbox 954 3754 1012 3792; x_wconf 89' lang='lat' dir='ltr'><em>cre·</em></span> <span class='ocrx_word' id='word_1_393' title='bbox 1053 3735 1107 3791; x_wconf 88' lang='lat' dir='ltr'><em>Sed</em></span> <span class='ocrx_word' id='word_1_394' title='bbox 1122 3741 1162 3800; x_wconf 89' lang='lat' dir='ltr'><em>tu,</em></span> <span class='ocrx_word' id='word_1_395' title='bbox 1177 3734 1395 3791; x_wconf 89' lang='lat' dir='ltr'><em>clementissime</em></span> <span class='ocrx_word' id='word_1_396' title='bbox 1404 3741 1431 3790; x_wconf 88' lang='lat' dir='ltr'><em>et</em></span> <span class='ocrx_word' id='word_1_397' title='bbox 1441 3735 1568 3807; x_wconf 88' lang='lat' dir='ltr'><em>piissime</em></span> <span class='ocrx_word' id='word_1_398' title='bbox 1580 3733 1669 3802; x_wconf 90' lang='lat' dir='ltr'><em>Deus,</em></span> <span class='ocrx_word' id='word_1_399' title='bbox 1677 3739 1796 3790; x_wconf 77' lang='lat' dir='ltr'><em>nvermns</em></span> <span class='ocrx_word' id='word_1_400' title='bbox 1803 3729 1836 3784; x_wconf 82' lang='lat' dir='ltr'><em>fe-</em></span> 
     </span>
     <span class='ocr_line' id='line_1_34' title="bbox 214 3820 1835 3896; baseline -0.002 -20"><span class='ocrx_word' id='word_1_401' title='bbox 214 3821 281 3876; x_wconf 88' lang='lat' dir='ltr'><em>dere</em></span> <span class='ocrx_word' id='word_1_402' title='bbox 295 3822 369 3893; x_wconf 92' lang='lat' dir='ltr'><em>quod</em></span> <span class='ocrx_word' id='word_1_403' title='bbox 381 3820 508 3882; x_wconf 85' lang='lat' dir='ltr'><em>eredidit,</em></span> <span class='ocrx_word' id='word_1_404' title='bbox 522 3821 640 3893; x_wconf 87' lang='lat' dir='ltr'><em>diligere</em></span> <span class='ocrx_word' id='word_1_405' title='bbox 656 3822 729 3892; x_wconf 91' lang='lat' dir='ltr'><em>quod</em></span> <span class='ocrx_word' id='word_1_406' title='bbox 742 3822 849 3891; x_wconf 81' lang='lat' dir='ltr'><em>dilexit,</em></span> <span class='ocrx_word' id='word_1_407' title='bbox 860 3825 1011 3896; x_wconf 81' lang='lat' dir='ltr'><em>praedicare</em></span> <span class='ocrx_word' id='word_1_408' title='bbox 1052 3823 1121 3878; x_wconf 86' lang='lat' dir='ltr'><em>ciem</em></span> <span class='ocrx_word' id='word_1_409' title='bbox 1137 3829 1214 3879; x_wconf 87' lang='lat' dir='ltr'><em>tuam</em></span> <span class='ocrx_word' id='word_1_410' title='bbox 1230 3823 1265 3878; x_wconf 88' lang='lat' dir='ltr'><em>ab</em></span> <span class='ocrx_word' id='word_1_411' title='bbox 1280 3824 1323 3878; x_wconf 91' lang='lat' dir='ltr'><em>his</em></span> <span class='ocrx_word' id='word_1_412' title='bbox 1336 3824 1429 3886; x_wconf 88' lang='lat' dir='ltr'><em>malis,</em></span> <span class='ocrx_word' id='word_1_413' title='bbox 1445 3823 1502 3878; x_wconf 91' lang='lat' dir='ltr'><em>noli</em></span> <span class='ocrx_word' id='word_1_414' title='bbox 1521 3839 1566 3878; x_wconf 91' lang='lat' dir='ltr'><em>me</em></span> <span class='ocrx_word' id='word_1_415' title='bbox 1587 3822 1740 3878; x_wconf 88' lang='lat' dir='ltr'><em>secundum</em></span> <span class='ocrx_word' id='word_1_416' title='bbox 1753 3825 1835 3876; x_wconf 86' lang='lat' dir='ltr'><em>aetum</em></span> 
     </span>
     <span class='ocr_line' id='line_1_35' title="bbox 216 3909 1835 3983; baseline -0.003 -17"><span class='ocrx_word' id='word_1_417' title='bbox 216 3911 301 3966; x_wconf 88' lang='lat' dir='ltr'><em>etiam</em></span> <span class='ocrx_word' id='word_1_418' title='bbox 311 3911 418 3966; x_wconf 82' lang='lat' dir='ltr'><em>valeam</em></span> <span class='ocrx_word' id='word_1_419' title='bbox 430 3911 503 3982; x_wconf 91' lang='lat' dir='ltr'><em>qued</em></span> <span class='ocrx_word' id='word_1_420' title='bbox 514 3909 617 3966; x_wconf 83' lang='lat' dir='ltr'><em>docuit.</em></span> <span class='ocrx_word' id='word_1_421' title='bbox 631 3911 743 3970; x_wconf 88' lang='lat' dir='ltr'><em>Precor.</em></span> <span class='ocrx_word' id='word_1_422' title='bbox 757 3911 885 3978; x_wconf 88' lang='lat' dir='ltr'><em>Domine,</em></span> <span class='ocrx_word' id='word_1_423' title='bbox 901 3920 933 3971; x_wconf 93' lang='lat' dir='ltr'><em>ut</em></span> <span class='ocrx_word' id='word_1_424' title='bbox 944 3916 1011 3971; x_wconf 92' lang='lat' dir='ltr'><em>sub·</em></span> <span class='ocrx_word' id='word_1_425' title='bbox 1052 3926 1146 3966; x_wconf 90' lang='lat' dir='ltr'><em>meum</em></span> <span class='ocrx_word' id='word_1_426' title='bbox 1154 3911 1290 3983; x_wconf 85' lang='lat' dir='ltr'><em>judicare,</em></span> <span class='ocrx_word' id='word_1_427' title='bbox 1302 3912 1350 3967; x_wconf 88' lang='lat' dir='ltr'><em>sed</em></span> <span class='ocrx_word' id='word_1_428' title='bbox 1362 3913 1516 3966; x_wconf 89' lang='lat' dir='ltr'><em>elementer</em></span> <span class='ocrx_word' id='word_1_429' title='bbox 1529 3911 1746 3967; x_wconf 71' lang='lat' dir='ltr'><em>satisfactionem</em></span> <span class='ocrx_word' id='word_1_430' title='bbox 1755 3923 1835 3963; x_wconf 87' lang='lat' dir='ltr'><em>meam</em></span> 
     </span>
     <span class='ocr_line' id='line_1_36' title="bbox 214 3999 1835 4072; baseline 0.007 -18"><span class='ocrx_word' id='word_1_431' title='bbox 214 4001 342 4056; x_wconf 87' lang='lat' dir='ltr'><em>veniente</em></span> <span class='ocrx_word' id='word_1_432' title='bbox 365 4006 395 4055; x_wconf 90' lang='lat' dir='ltr'><em>et</em></span> <span class='ocrx_word' id='word_1_433' title='bbox 417 4005 598 4055; x_wconf 87' lang='lat' dir='ltr'><em>succurrente</em></span> <span class='ocrx_word' id='word_1_434' title='bbox 616 4016 680 4054; x_wconf 92' lang='lat' dir='ltr'><em>cum</em></span> <span class='ocrx_word' id='word_1_435' title='bbox 701 4006 751 4054; x_wconf 90' lang='lat' dir='ltr'><em>tua</em></span> <span class='ocrx_word' id='word_1_436' title='bbox 765 4000 870 4072; x_wconf 84' lang='lat' dir='ltr'><em>pietate</em></span> <span class='ocrx_word' id='word_1_437' title='bbox 884 4005 1011 4060; x_wconf 89' lang='lat' dir='ltr'><em>omniurn</em></span> <span class='ocrx_word' id='word_1_438' title='bbox 1052 3999 1321 4071; x_wconf 57' lang='lat' dir='ltr'><em>suscipiensmtffludi</em></span> <span class='ocrx_word' id='word_1_439' title='bbox 1333 4016 1387 4065; x_wconf 64' lang='grc' dir='ltr'><em>ΜΘ,</em></span> <span class='ocrx_word' id='word_1_440' title='bbox 1398 4004 1431 4055; x_wconf 68' lang='lat' dir='ltr'><em>ui</em></span> <span class='ocrx_word' id='word_1_441' title='bbox 1440 4000 1743 4072; x_wconf 66' lang='grc' dir='ltr'><em>ν811Ὶῦῐὶθὶ)1”ῡῐ)θίὶῐίθῑῦ</em></span> <span class='ocrx_word' id='word_1_442' title='bbox 1753 4009 1835 4051; x_wconf 60' lang='lat' dir='ltr'><em>meum</em></span> 
     </span>
     <span class='ocr_line' id='line_1_37' title="bbox 216 4086 1835 4160; baseline -0.004 -16"><span class='ocrx_word' id='word_1_443' title='bbox 216 4094 376 4144; x_wconf 80' lang='lat' dir='ltr'><em>sanctorum</em></span> <span class='ocrx_word' id='word_1_444' title='bbox 392 4095 506 4144; x_wconf 91' lang='lat' dir='ltr'><em>tuorum</em></span> <span class='ocrx_word' id='word_1_445' title='bbox 523 4087 734 4160; x_wconf 78' lang='lat' dir='ltr'><em>supplicatione,</em></span> <span class='ocrx_word' id='word_1_446' title='bbox 748 4105 811 4143; x_wconf 89' lang='lat' dir='ltr'><em>cum</em></span> <span class='ocrx_word' id='word_1_447' title='bbox 822 4089 930 4146; x_wconf 89' lang='lat' dir='ltr'><em>sincera</em></span> <span class='ocrx_word' id='word_1_448' title='bbox 944 4093 1009 4160; x_wconf 87' lang='lat' dir='ltr'><em>tide,</em></span> <span class='ocrx_word' id='word_1_449' title='bbox 1052 4102 1115 4142; x_wconf 87' lang='lat' dir='ltr'><em>cum</em></span> <span class='ocrx_word' id='word_1_450' title='bbox 1128 4089 1187 4158; x_wconf 78' lang='lat' dir='ltr'><em>J&#39;nm</em></span> <span class='ocrx_word' id='word_1_451' title='bbox 1204 4089 1324 4144; x_wconf 90' lang='lat' dir='ltr'><em>multum</em></span> <span class='ocrx_word' id='word_1_452' title='bbox 1339 4105 1395 4144; x_wconf 91' lang='lat' dir='ltr'><em>non</em></span> <span class='ocrx_word' id='word_1_453' title='bbox 1413 4086 1593 4144; x_wconf 82' lang='lat' dir='ltr'><em>laboraturus</em></span> <span class='ocrx_word' id='word_1_454' title='bbox 1608 4105 1682 4154; x_wconf 90' lang='lat' dir='ltr'><em>sum,</em></span> <span class='ocrx_word' id='word_1_455' title='bbox 1697 4087 1785 4144; x_wconf 82' lang='lat' dir='ltr'><em>omnia</em></span> <span class='ocrx_word' id='word_1_456' title='bbox 1797 4086 1835 4138; x_wconf 92' lang='lat' dir='ltr'><em>in·</em></span> 
     </span>
     <span class='ocr_line' id='line_1_38' title="bbox 213 4173 1836 4251; baseline -0.003 -19"><span class='ocrx_word' id='word_1_457' title='bbox 213 4193 277 4234; x_wconf 88' lang='lat' dir='ltr'><em>cum</em></span> <span class='ocrx_word' id='word_1_458' title='bbox 288 4195 338 4251; x_wconf 88' lang='lat' dir='ltr'><em>spe</em></span> <span class='ocrx_word' id='word_1_459' title='bbox 348 4193 522 4246; x_wconf 68' lang='lat' dir='ltr'><em>securatam</em></span> <span class='ocrx_word' id='word_1_460' title='bbox 537 4177 674 4232; x_wconf 84' lang='lat' dir='ltr'><em>charitate</em></span> <span class='ocrx_word' id='word_1_461' title='bbox 689 4177 818 4232; x_wconf 82' lang='lat' dir='ltr'><em>nenircte</em></span> <span class='ocrx_word' id='word_1_462' title='bbox 830 4178 959 4234; x_wconf 90' lang='lat' dir='ltr'><em>ultimum</em></span> <span class='ocrx_word' id='word_1_463' title='bbox 968 4197 1012 4235; x_wconf 85' lang='lat' dir='ltr'><em>ra·</em></span> <span class='ocrx_word' id='word_1_464' title='bbox 1052 4176 1157 4232; x_wconf 83' lang='lat' dir='ltr'><em>teriora</em></span> <span class='ocrx_word' id='word_1_465' title='bbox 1171 4192 1233 4232; x_wconf 87' lang='lat' dir='ltr'><em>mea</em></span> <span class='ocrx_word' id='word_1_466' title='bbox 1247 4177 1305 4232; x_wconf 89' lang='lat' dir='ltr'><em>tuis</em></span> <span class='ocrx_word' id='word_1_467' title='bbox 1319 4178 1424 4234; x_wconf 90' lang='lat' dir='ltr'><em>sanctis</em></span> <span class='ocrx_word' id='word_1_468' title='bbox 1438 4193 1495 4232; x_wconf 90' lang='lat' dir='ltr'><em>non</em></span> <span class='ocrx_word' id='word_1_469' title='bbox 1509 4177 1652 4250; x_wconf 81' lang='lat' dir='ltr'><em>negligam</em></span> <span class='ocrx_word' id='word_1_470' title='bbox 1668 4193 1756 4249; x_wconf 89' lang='lat' dir='ltr'><em>neque</em></span> <span class='ocrx_word' id='word_1_471' title='bbox 1769 4173 1836 4229; x_wconf 86' lang='lat' dir='ltr'><em>dille·</em></span> 
     </span>
     <span class='ocr_line' id='line_1_39' title="bbox 214 4263 1833 4341; baseline -0.004 -21"><span class='ocrx_word' id='word_1_472' title='bbox 214 4264 287 4321; x_wconf 86' lang='lat' dir='ltr'><em>leam</em></span> <span class='ocrx_word' id='word_1_473' title='bbox 304 4267 433 4339; x_wconf 89' lang='lat' dir='ltr'><em>spiritum</em></span> <span class='ocrx_word' id='word_1_474' title='bbox 449 4268 555 4323; x_wconf 83' lang='lat' dir='ltr'><em>cillere.</em></span> <span class='ocrx_word' id='word_1_475' title='bbox 570 4267 625 4322; x_wconf 87' lang='lat' dir='ltr'><em>Sed</em></span> <span class='ocrx_word' id='word_1_476' title='bbox 641 4271 670 4322; x_wconf 90' lang='lat' dir='ltr'><em>et</em></span> <span class='ocrx_word' id='word_1_477' title='bbox 681 4267 755 4321; x_wconf 89' lang='lat' dir='ltr'><em>diem</em></span> <span class='ocrx_word' id='word_1_478' title='bbox 766 4267 845 4322; x_wconf 88' lang='lat' dir='ltr'><em>illum</em></span> <span class='ocrx_word' id='word_1_479' title='bbox 859 4273 887 4322; x_wconf 90' lang='lat' dir='ltr'><em>et</em></span> <span class='ocrx_word' id='word_1_480' title='bbox 901 4269 1008 4336; x_wconf 85' lang='lat' dir='ltr'><em>boram,</em></span> <span class='ocrx_word' id='word_1_481' title='bbox 1053 4281 1113 4319; x_wconf 83' lang='lat' dir='ltr'><em>ram</em></span> <span class='ocrx_word' id='word_1_482' title='bbox 1126 4281 1262 4338; x_wconf 87' lang='lat' dir='ltr'><em>occupare</em></span> <span class='ocrx_word' id='word_1_483' title='bbox 1275 4265 1428 4339; x_wconf 87' lang='lat' dir='ltr'><em>obsequiis.</em></span> <span class='ocrx_word' id='word_1_484' title='bbox 1444 4266 1587 4334; x_wconf 86' lang='lat' dir='ltr'><em>illumina,</em></span> <span class='ocrx_word' id='word_1_485' title='bbox 1604 4283 1708 4341; x_wconf 75' lang='lat' dir='ltr'><em>quase,</em></span> <span class='ocrx_word' id='word_1_486' title='bbox 1719 4263 1833 4328; x_wconf 88' lang='lat' dir='ltr'><em>Domine,</em></span> 
     </span>
     <span class='ocr_line' id='line_1_40' title="bbox 211 4353 1833 4430; baseline -0.003 -19"><span class='ocrx_word' id='word_1_487' title='bbox 211 4355 387 4427; x_wconf 82' lang='lat' dir='ltr'><em>migrationis</em></span> <span class='ocrx_word' id='word_1_488' title='bbox 397 4355 638 4412; x_wconf 80' lang='lat' dir='ltr'><em>videlicetanimae</em></span> <span class='ocrx_word' id='word_1_489' title='bbox 652 4371 722 4410; x_wconf 78' lang='lat' dir='ltr'><em>mem</em></span> <span class='ocrx_word' id='word_1_490' title='bbox 742 4355 916 4428; x_wconf 88' lang='lat' dir='ltr'><em>decerpere,</em></span> <span class='ocrx_word' id='word_1_491' title='bbox 935 4365 1010 4430; x_wconf 90' lang='lat' dir='ltr'><em>peto,</em></span> <span class='ocrx_word' id='word_1_492' title='bbox 1054 4361 1175 4410; x_wconf 88' lang='lat' dir='ltr'><em>mentem</em></span> <span class='ocrx_word' id='word_1_493' title='bbox 1196 4373 1287 4410; x_wconf 76' lang='lat' dir='ltr'><em>ineam</em></span> <span class='ocrx_word' id='word_1_494' title='bbox 1302 4357 1336 4411; x_wconf 91' lang='lat' dir='ltr'><em>ad</em></span> <span class='ocrx_word' id='word_1_495' title='bbox 1354 4356 1587 4428; x_wconf 84' lang='lat' dir='ltr'><em>investigandam,</em></span> <span class='ocrx_word' id='word_1_496' title='bbox 1599 4363 1629 4411; x_wconf 91' lang='lat' dir='ltr'><em>et</em></span> <span class='ocrx_word' id='word_1_497' title='bbox 1642 4353 1833 4428; x_wconf 87' lang='lat' dir='ltr'><em>inquirendam,</em></span> 
     </span>
     <span class='ocr_line' id='line_1_41' title="bbox 215 4443 1836 4516; baseline -0.002 -18"><span class='ocrx_word' id='word_1_498' title='bbox 215 4443 344 4506; x_wconf 88' lang='lat' dir='ltr'><em>Domine,</em></span> <span class='ocrx_word' id='word_1_499' title='bbox 369 4449 479 4499; x_wconf 90' lang='lat' dir='ltr'><em>utnon</em></span> <span class='ocrx_word' id='word_1_500' title='bbox 501 4444 649 4514; x_wconf 87' lang='lat' dir='ltr'><em>permittas</em></span> <span class='ocrx_word' id='word_1_501' title='bbox 665 4460 711 4499; x_wconf 92' lang='lat' dir='ltr'><em>me</em></span> <span class='ocrx_word' id='word_1_502' title='bbox 730 4443 886 4516; x_wconf 89' lang='lat' dir='ltr'><em>pernicioso</em></span> <span class='ocrx_word' id='word_1_503' title='bbox 909 4446 1011 4504; x_wconf 87' lang='lat' dir='ltr'><em>timore</em></span> <span class='ocrx_word' id='word_1_504' title='bbox 1052 4449 1081 4498; x_wconf 88' lang='lat' dir='ltr'><em>et</em></span> <span class='ocrx_word' id='word_1_505' title='bbox 1098 4446 1276 4500; x_wconf 88' lang='lat' dir='ltr'><em>scrutandam</em></span> <span class='ocrx_word' id='word_1_506' title='bbox 1301 4445 1429 4500; x_wconf 82' lang='lat' dir='ltr'><em>semitam</em></span> <span class='ocrx_word' id='word_1_507' title='bbox 1453 4445 1652 4500; x_wconf 88' lang='lat' dir='ltr'><em>mandatorum</em></span> <span class='ocrx_word' id='word_1_508' title='bbox 1673 4450 1791 4504; x_wconf 89' lang='lat' dir='ltr'><em>tuorum,</em></span> <span class='ocrx_word' id='word_1_509' title='bbox 1809 4443 1836 4494; x_wconf 91' lang='lat' dir='ltr'><em>ut</em></span> 
     </span>
    </p>
   </div>
   <div class='ocr_carea' id='block_1_6' title="bbox 102 4528 1835 4605">
    <p class='ocr_par' dir='ltr' id='par_1_6' title="bbox 102 4528 1835 4605">
     <span class='ocr_line' id='line_1_42' title="bbox 102 4528 1835 4605; baseline -0.002 -20"><span class='ocrx_word' id='word_1_510' title='bbox 102 4563 107 4572; x_wconf 90' lang='lat'><strong>·</strong></span> <span class='ocrx_word' id='word_1_511' title='bbox 214 4530 339 4597; x_wconf 87' lang='lat' dir='ltr'><em>horrere,</em></span> <span class='ocrx_word' id='word_1_512' title='bbox 354 4531 401 4586; x_wconf 87' lang='lat' dir='ltr'><em>sed</em></span> <span class='ocrx_word' id='word_1_513' title='bbox 418 4531 561 4602; x_wconf 88' lang='lat' dir='ltr'><em>siepotius</em></span> <span class='ocrx_word' id='word_1_514' title='bbox 577 4531 663 4587; x_wconf 82' lang='lat' dir='ltr'><em>facias</em></span> <span class='ocrx_word' id='word_1_515' title='bbox 680 4532 781 4598; x_wconf 85' lang='lat' dir='ltr'><em>vivere,</em></span> <span class='ocrx_word' id='word_1_516' title='bbox 806 4537 839 4587; x_wconf 91' lang='lat' dir='ltr'><em>ut</em></span> <span class='ocrx_word' id='word_1_517' title='bbox 858 4533 927 4588; x_wconf 84' lang='lat' dir='ltr'><em>mini</em></span> <span class='ocrx_word' id='word_1_518' title='bbox 942 4551 1009 4590; x_wconf 88' lang='lat' dir='ltr'><em>con·</em></span> <span class='ocrx_word' id='word_1_519' title='bbox 1050 4533 1129 4588; x_wconf 89' lang='lat' dir='ltr'><em>nulla</em></span> <span class='ocrx_word' id='word_1_520' title='bbox 1143 4535 1211 4590; x_wconf 81' lang='lat' dir='ltr'><em>milri</em></span> <span class='ocrx_word' id='word_1_521' title='bbox 1235 4536 1295 4605; x_wconf 79' lang='lat' dir='ltr'><em>J&#39;am</em></span> <span class='ocrx_word' id='word_1_522' title='bbox 1310 4534 1471 4588; x_wconf 90' lang='lat' dir='ltr'><em>dominetur</em></span> <span class='ocrx_word' id='word_1_523' title='bbox 1484 4533 1619 4604; x_wconf 85' lang='lat' dir='ltr'><em>iniquitas</em></span> <span class='ocrx_word' id='word_1_524' title='bbox 1645 4547 1734 4604; x_wconf 88' lang='lat' dir='ltr'><em>neque</em></span> <span class='ocrx_word' id='word_1_525' title='bbox 1755 4528 1835 4603; x_wconf 79' lang='lat' dir='ltr'><em>possi·</em></span> 
     </span>
    </p>
   </div>
   <div class='ocr_carea' id='block_1_7' title="bbox 214 4621 1836 5053">
    <p class='ocr_par' dir='ltr' id='par_1_7' title="bbox 214 4621 1836 5053">
     <span class='ocr_line' id='line_1_43' title="bbox 214 4621 1833 4695; baseline -0.002 -21"><span class='ocrx_word' id='word_1_526' title='bbox 214 4637 328 4691; x_wconf 90' lang='lat' dir='ltr'><em>gruum,</em></span> <span class='ocrx_word' id='word_1_527' title='bbox 342 4625 371 4675; x_wconf 88' lang='lat' dir='ltr'><em>et</em></span> <span class='ocrx_word' id='word_1_528' title='bbox 384 4621 550 4692; x_wconf 82' lang='lat' dir='ltr'><em>proficuum,</em></span> <span class='ocrx_word' id='word_1_529' title='bbox 565 4626 593 4676; x_wconf 90' lang='lat' dir='ltr'><em>et</em></span> <span class='ocrx_word' id='word_1_530' title='bbox 611 4623 680 4677; x_wconf 90' lang='lat' dir='ltr'><em>utile</em></span> <span class='ocrx_word' id='word_1_531' title='bbox 700 4621 738 4676; x_wconf 88' lang='lat' dir='ltr'><em>sit</em></span> <span class='ocrx_word' id='word_1_532' title='bbox 760 4623 830 4677; x_wconf 82' lang='lat' dir='ltr'><em>velle</em></span> <span class='ocrx_word' id='word_1_533' title='bbox 842 4623 965 4688; x_wconf 86' lang='lat' dir='ltr'><em>dissolvi,</em></span> <span class='ocrx_word' id='word_1_534' title='bbox 982 4631 1010 4680; x_wconf 90' lang='lat' dir='ltr'><em>et</em></span> <span class='ocrx_word' id='word_1_535' title='bbox 1051 4623 1137 4678; x_wconf 87' lang='lat' dir='ltr'><em>deant</em></span> <span class='ocrx_word' id='word_1_536' title='bbox 1147 4640 1192 4679; x_wconf 89' lang='lat' dir='ltr'><em>me</em></span> <span class='ocrx_word' id='word_1_537' title='bbox 1206 4623 1313 4678; x_wconf 90' lang='lat' dir='ltr'><em>domini</em></span> <span class='ocrx_word' id='word_1_538' title='bbox 1323 4622 1428 4694; x_wconf 87' lang='lat' dir='ltr'><em>absque</em></span> <span class='ocrx_word' id='word_1_539' title='bbox 1440 4629 1469 4678; x_wconf 91' lang='lat' dir='ltr'><em>te</em></span> <span class='ocrx_word' id='word_1_540' title='bbox 1481 4641 1486 4676; x_wconf 95' lang='lat'><strong>:</strong></span> <span class='ocrx_word' id='word_1_541' title='bbox 1498 4623 1547 4677; x_wconf 87' lang='lat' dir='ltr'><em>sed</em></span> <span class='ocrx_word' id='word_1_542' title='bbox 1562 4627 1592 4678; x_wconf 94' lang='lat' dir='ltr'><em>tu</em></span> <span class='ocrx_word' id='word_1_543' title='bbox 1608 4621 1750 4695; x_wconf 87' lang='lat' dir='ltr'><em>possideas</em></span> <span class='ocrx_word' id='word_1_544' title='bbox 1763 4634 1833 4688; x_wconf 87' lang='lat' dir='ltr'><em>rogo,</em></span> 
     </span>
     <span class='ocr_line' id='line_1_44' title="bbox 214 4709 1835 4782; baseline -0.003 -18"><span class='ocrx_word' id='word_1_545' title='bbox 214 4725 278 4764; x_wconf 90' lang='lat' dir='ltr'><em>cum</em></span> <span class='ocrx_word' id='word_1_546' title='bbox 293 4710 604 4766; x_wconf 86' lang='lat' dir='ltr'><em>ChristoesseDissolvi</em></span> <span class='ocrx_word' id='word_1_547' title='bbox 619 4710 693 4766; x_wconf 92' lang='lat' dir='ltr'><em>enim</em></span> <span class='ocrx_word' id='word_1_548' title='bbox 704 4716 804 4767; x_wconf 91' lang='lat' dir='ltr'><em>etcum</em></span> <span class='ocrx_word' id='word_1_549' title='bbox 816 4713 928 4768; x_wconf 87' lang='lat' dir='ltr'><em>Christo</em></span> <span class='ocrx_word' id='word_1_550' title='bbox 938 4730 1008 4780; x_wconf 89' lang='lat' dir='ltr'><em>esse,</em></span> <span class='ocrx_word' id='word_1_551' title='bbox 1051 4716 1083 4767; x_wconf 89' lang='lat' dir='ltr'><em>tu</em></span> <span class='ocrx_word' id='word_1_552' title='bbox 1097 4712 1250 4767; x_wconf 86' lang='lat' dir='ltr'><em>domineris</em></span> <span class='ocrx_word' id='word_1_553' title='bbox 1265 4711 1330 4767; x_wconf 87' lang='lat' dir='ltr'><em>mei.</em></span> <span class='ocrx_word' id='word_1_554' title='bbox 1351 4713 1419 4767; x_wconf 90' lang='lat' dir='ltr'><em>Peto</em></span> <span class='ocrx_word' id='word_1_555' title='bbox 1433 4717 1475 4777; x_wconf 92' lang='lat' dir='ltr'><em>tu,</em></span> <span class='ocrx_word' id='word_1_556' title='bbox 1492 4711 1701 4782; x_wconf 89' lang='lat' dir='ltr'><em>benignissime,</em></span> <span class='ocrx_word' id='word_1_557' title='bbox 1720 4709 1783 4764; x_wconf 90' lang='lat' dir='ltr'><em>doce</em></span> <span class='ocrx_word' id='word_1_558' title='bbox 1796 4720 1835 4761; x_wconf 80' lang='lat' dir='ltr'><em>nne</em></span> 
     </span>
     <span class='ocr_line' id='line_1_45' title="bbox 214 4797 1835 4872; baseline -0.004 -18"><span class='ocrx_word' id='word_1_559' title='bbox 214 4805 290 4854; x_wconf 89' lang='lat' dir='ltr'><em>certe</em></span> <span class='ocrx_word' id='word_1_560' title='bbox 309 4799 380 4855; x_wconf 89' lang='lat' dir='ltr'><em>nibil</em></span> <span class='ocrx_word' id='word_1_561' title='bbox 403 4800 514 4866; x_wconf 88' lang='lat' dir='ltr'><em>melius,</em></span> <span class='ocrx_word' id='word_1_562' title='bbox 530 4802 601 4858; x_wconf 89' lang='lat' dir='ltr'><em>nibil</em></span> <span class='ocrx_word' id='word_1_563' title='bbox 621 4802 782 4872; x_wconf 83' lang='lat' dir='ltr'><em>gloriosius,</em></span> <span class='ocrx_word' id='word_1_564' title='bbox 798 4801 869 4858; x_wconf 93' lang='lat' dir='ltr'><em>nihil</em></span> <span class='ocrx_word' id='word_1_565' title='bbox 891 4803 1008 4872; x_wconf 86' lang='lat' dir='ltr'><em>felicius,</em></span> <span class='ocrx_word' id='word_1_566' title='bbox 1051 4801 1326 4857; x_wconf 85' lang='lat' dir='ltr'><em>iaceremluntatem</em></span> <span class='ocrx_word' id='word_1_567' title='bbox 1341 4806 1432 4870; x_wconf 86' lang='lat' dir='ltr'><em>tuam,</em></span> <span class='ocrx_word' id='word_1_568' title='bbox 1449 4801 1516 4872; x_wconf 89' lang='lat' dir='ltr'><em>quia</em></span> <span class='ocrx_word' id='word_1_569' title='bbox 1535 4806 1567 4856; x_wconf 89' lang='lat' dir='ltr'><em>tu</em></span> <span class='ocrx_word' id='word_1_570' title='bbox 1582 4817 1613 4854; x_wconf 90' lang='lat' dir='ltr'><em>es</em></span> <span class='ocrx_word' id='word_1_571' title='bbox 1625 4799 1758 4856; x_wconf 91' lang='lat' dir='ltr'><em>Dominus</em></span> <span class='ocrx_word' id='word_1_572' title='bbox 1769 4797 1835 4851; x_wconf 86' lang='lat' dir='ltr'><em>Deus</em></span> 
     </span>
     <span class='ocr_line' id='line_1_46' title="bbox 214 4881 1836 4961; baseline -0.003 -18"><span class='ocrx_word' id='word_1_573' title='bbox 214 4888 287 4944; x_wconf 90' lang='lat' dir='ltr'><em>nihil</em></span> <span class='ocrx_word' id='word_1_574' title='bbox 303 4889 467 4961; x_wconf 83' lang='lat' dir='ltr'><em>jucundius,</em></span> <span class='ocrx_word' id='word_1_575' title='bbox 486 4891 557 4946; x_wconf 89' lang='lat' dir='ltr'><em>nihil</em></span> <span class='ocrx_word' id='word_1_576' title='bbox 580 4890 783 4956; x_wconf 84' lang='lat' dir='ltr'><em>delectabilius,</em></span> <span class='ocrx_word' id='word_1_577' title='bbox 797 4891 868 4945; x_wconf 90' lang='lat' dir='ltr'><em>nihil</em></span> <span class='ocrx_word' id='word_1_578' title='bbox 889 4892 1008 4957; x_wconf 89' lang='lat' dir='ltr'><em>dulcius,</em></span> <span class='ocrx_word' id='word_1_579' title='bbox 1052 4907 1142 4956; x_wconf 90' lang='lat' dir='ltr'><em>meus,</em></span> <span class='ocrx_word' id='word_1_580' title='bbox 1157 4895 1186 4944; x_wconf 88' lang='lat' dir='ltr'><em>et</em></span> <span class='ocrx_word' id='word_1_581' title='bbox 1200 4906 1252 4961; x_wconf 90' lang='lat' dir='ltr'><em>ege</em></span> <span class='ocrx_word' id='word_1_582' title='bbox 1265 4905 1362 4944; x_wconf 82' lang='lat' dir='ltr'><em>servus</em></span> <span class='ocrx_word' id='word_1_583' title='bbox 1372 4897 1437 4944; x_wconf 92' lang='lat' dir='ltr'><em>tuus</em></span> <span class='ocrx_word' id='word_1_584' title='bbox 1452 4895 1482 4944; x_wconf 91' lang='lat' dir='ltr'><em>et</em></span> <span class='ocrx_word' id='word_1_585' title='bbox 1495 4889 1571 4944; x_wconf 87' lang='lat' dir='ltr'><em>tilius</em></span> <span class='ocrx_word' id='word_1_586' title='bbox 1584 4888 1761 4944; x_wconf 75' lang='lat' dir='ltr'><em>ancillatum.</em></span> <span class='ocrx_word' id='word_1_587' title='bbox 1781 4881 1836 4938; x_wconf 81' lang='lat' dir='ltr'><em>Fiet</em></span> 
     </span>
     <span class='ocr_line' id='line_1_47' title="bbox 215 4975 1834 5053; baseline -0.006 -20"><span class='ocrx_word' id='word_1_588' title='bbox 215 4977 284 5033; x_wconf 89' lang='lat' dir='ltr'><em>nihil</em></span> <span class='ocrx_word' id='word_1_589' title='bbox 299 4979 500 5045; x_wconf 87' lang='lat' dir='ltr'><em>suavius,nihil</em></span> <span class='ocrx_word' id='word_1_590' title='bbox 509 4979 667 5043; x_wconf 86' lang='lat' dir='ltr'><em>amabilius,</em></span> <span class='ocrx_word' id='word_1_591' title='bbox 677 4979 748 5034; x_wconf 90' lang='lat' dir='ltr'><em>nibil</em></span> <span class='ocrx_word' id='word_1_592' title='bbox 763 4980 923 5052; x_wconf 85' lang='lat' dir='ltr'><em>optabilius,</em></span> <span class='ocrx_word' id='word_1_593' title='bbox 940 4982 1010 5037; x_wconf 86' lang='lat' dir='ltr'><em>nihil</em></span> <span class='ocrx_word' id='word_1_594' title='bbox 1051 4980 1140 5053; x_wconf 89' lang='lat' dir='ltr'><em>igitur</em></span> <span class='ocrx_word' id='word_1_595' title='bbox 1153 4997 1228 5036; x_wconf 88' lang='lat' dir='ltr'><em>nunc</em></span> <span class='ocrx_word' id='word_1_596' title='bbox 1251 4980 1330 5046; x_wconf 84' lang='lat' dir='ltr'><em>mihi,</em></span> <span class='ocrx_word' id='word_1_597' title='bbox 1352 4979 1481 5039; x_wconf 83' lang='lat' dir='ltr'><em>Domine,</em></span> <span class='ocrx_word' id='word_1_598' title='bbox 1496 4995 1548 5050; x_wconf 91' lang='lat' dir='ltr'><em>per</em></span> <span class='ocrx_word' id='word_1_599' title='bbox 1564 4978 1687 5050; x_wconf 87' lang='lat' dir='ltr'><em>gratiam</em></span> <span class='ocrx_word' id='word_1_600' title='bbox 1704 4975 1834 5036; x_wconf 83' lang='lat' dir='ltr'><em>tuamet,</em></span> 
     </span>
    </p>
   </div>
   <div class='ocr_carea' id='block_1_8' title="bbox 128 5061 1836 5676">
    <p class='ocr_par' dir='ltr' id='par_1_8' title="bbox 128 5061 1836 5676">
     <span class='ocr_line' id='line_1_48' title="bbox 212 5061 1833 5140; baseline 0.001 -18"><span class='ocrx_word' id='word_1_601' title='bbox 212 5066 438 5123; x_wconf 79' lang='lat' dir='ltr'><em>desiderabilius.</em></span> <span class='ocrx_word' id='word_1_602' title='bbox 449 5067 555 5124; x_wconf 86' lang='lat' dir='ltr'><em>Tamen</em></span> <span class='ocrx_word' id='word_1_603' title='bbox 566 5069 590 5122; x_wconf 92' lang='lat' dir='ltr'><em>si</em></span> <span class='ocrx_word' id='word_1_604' title='bbox 600 5067 692 5124; x_wconf 84' lang='lat' dir='ltr'><em>adhue</em></span> <span class='ocrx_word' id='word_1_605' title='bbox 704 5085 869 5140; x_wconf 90' lang='lat' dir='ltr'><em>permanere</em></span> <span class='ocrx_word' id='word_1_606' title='bbox 885 5069 913 5124; x_wconf 93' lang='lat' dir='ltr'><em>in</em></span> <span class='ocrx_word' id='word_1_607' title='bbox 927 5087 1011 5125; x_wconf 84' lang='lat' dir='ltr'><em>earne</em></span> <span class='ocrx_word' id='word_1_608' title='bbox 1052 5069 1179 5126; x_wconf 86' lang='lat' dir='ltr'><em>abdicata</em></span> <span class='ocrx_word' id='word_1_609' title='bbox 1191 5069 1267 5124; x_wconf 91' lang='lat' dir='ltr'><em>omni</em></span> <span class='ocrx_word' id='word_1_610' title='bbox 1280 5068 1472 5124; x_wconf 83' lang='lat' dir='ltr'><em>dominatione</em></span> <span class='ocrx_word' id='word_1_611' title='bbox 1482 5067 1623 5135; x_wconf 77' lang='lat' dir='ltr'><em>vitiorum,</em></span> <span class='ocrx_word' id='word_1_612' title='bbox 1636 5084 1692 5123; x_wconf 93' lang='lat' dir='ltr'><em>non</em></span> <span class='ocrx_word' id='word_1_613' title='bbox 1705 5061 1833 5137; x_wconf 63' lang='lat' dir='ltr'><em>superbit,</em></span> 
     </span>
     <span class='ocr_line' id='line_1_49' title="bbox 210 5145 1836 5248; baseline -0.005 -36"><span class='ocrx_word' id='word_1_614' title='bbox 210 5161 326 5230; x_wconf 84' lang='lat' dir='ltr'><em>propter</em></span> <span class='ocrx_word' id='word_1_615' title='bbox 340 5145 520 5229; x_wconf 87' lang='lat' dir='ltr'><em>quoscunque</em></span> <span class='ocrx_word' id='word_1_616' title='bbox 530 5158 718 5213; x_wconf 89' lang='lat' dir='ltr'><em>necessarium</em></span> <span class='ocrx_word' id='word_1_617' title='bbox 734 5163 785 5222; x_wconf 85' lang='lat' dir='ltr'><em>est,</em></span> <span class='ocrx_word' id='word_1_618' title='bbox 811 5158 878 5230; x_wconf 91' lang='lat' dir='ltr'><em>quid</em></span> <span class='ocrx_word' id='word_1_619' title='bbox 899 5159 1010 5215; x_wconf 85' lang='lat' dir='ltr'><em>dicam?</em></span> <span class='ocrx_word' id='word_1_620' title='bbox 1019 5189 1041 5248; x_wconf 72' lang='lat' dir='ltr'>D</span> <span class='ocrx_word' id='word_1_621' title='bbox 1052 5175 1109 5215; x_wconf 92' lang='lat' dir='ltr'><em>non</em></span> <span class='ocrx_word' id='word_1_622' title='bbox 1123 5159 1252 5224; x_wconf 80' lang='lat' dir='ltr'><em>avaritia,</em></span> <span class='ocrx_word' id='word_1_623' title='bbox 1267 5174 1323 5213; x_wconf 89' lang='lat' dir='ltr'><em>non</em></span> <span class='ocrx_word' id='word_1_624' title='bbox 1338 5157 1518 5224; x_wconf 84' lang='lat' dir='ltr'><em>luxuria,non</em></span> <span class='ocrx_word' id='word_1_625' title='bbox 1534 5156 1716 5212; x_wconf 90' lang='lat' dir='ltr'><em>illeomnium</em></span> <span class='ocrx_word' id='word_1_626' title='bbox 1729 5151 1836 5222; x_wconf 82' lang='lat' dir='ltr'><em>iniquis·</em></span> 
     </span>
     <span class='ocr_line' id='line_1_50' title="bbox 211 5245 1834 5318; baseline -0.006 -17"><span class='ocrx_word' id='word_1_627' title='bbox 211 5245 295 5301; x_wconf 80' lang='lat' dir='ltr'><em>Certe</em></span> <span class='ocrx_word' id='word_1_628' title='bbox 308 5245 435 5316; x_wconf 84' lang='lat' dir='ltr'><em>quamuis</em></span> <span class='ocrx_word' id='word_1_629' title='bbox 446 5250 594 5316; x_wconf 89' lang='lat' dir='ltr'><em>torquente</em></span> <span class='ocrx_word' id='word_1_630' title='bbox 602 5246 773 5302; x_wconf 87' lang='lat' dir='ltr'><em>conscientia</em></span> <span class='ocrx_word' id='word_1_631' title='bbox 782 5246 862 5301; x_wconf 85' lang='lat' dir='ltr'><em>valde</em></span> <span class='ocrx_word' id='word_1_632' title='bbox 872 5247 924 5302; x_wconf 90' lang='lat' dir='ltr'><em>sibi</em></span> <span class='ocrx_word' id='word_1_633' title='bbox 935 5247 1008 5302; x_wconf 86' lang='lat' dir='ltr'><em>male</em></span> <span class='ocrx_word' id='word_1_634' title='bbox 1052 5249 1188 5305; x_wconf 86' lang='lat' dir='ltr'><em>simorum</em></span> <span class='ocrx_word' id='word_1_635' title='bbox 1201 5247 1404 5318; x_wconf 71' lang='lat' dir='ltr'><em>iniquissimus,</em></span> <span class='ocrx_word' id='word_1_636' title='bbox 1413 5245 1538 5300; x_wconf 89' lang='lat' dir='ltr'><em>omnium</em></span> <span class='ocrx_word' id='word_1_637' title='bbox 1554 5245 1834 5316; x_wconf 87' lang='lat' dir='ltr'><em>nequissimorumnc·</em></span> 
     </span>
     <span class='ocr_line' id='line_1_51' title="bbox 212 5328 1835 5411; baseline -0.005 -23"><span class='ocrx_word' id='word_1_638' title='bbox 212 5332 538 5399; x_wconf 84' lang='lat' dir='ltr'><em>conseia,dieam,Pater,</em></span> <span class='ocrx_word' id='word_1_639' title='bbox 552 5334 657 5389; x_wconf 86' lang='lat' dir='ltr'><em>dicam:</em></span> <span class='ocrx_word' id='word_1_640' title='bbox 671 5335 868 5390; x_wconf 82' lang='lat' dir='ltr'><em>Fintroluntas</em></span> <span class='ocrx_word' id='word_1_641' title='bbox 882 5336 950 5390; x_wconf 86' lang='lat' dir='ltr'><em>tua!</em></span> <span class='ocrx_word' id='word_1_642' title='bbox 967 5336 1009 5392; x_wconf 86' lang='lat' dir='ltr'><em>Tu</em></span> <span class='ocrx_word' id='word_1_643' title='bbox 1050 5339 1213 5411; x_wconf 87' lang='lat' dir='ltr'><em>quissimus,</em></span> <span class='ocrx_word' id='word_1_644' title='bbox 1227 5336 1393 5408; x_wconf 82' lang='lat' dir='ltr'><em>impiissime</em></span> <span class='ocrx_word' id='word_1_645' title='bbox 1407 5334 1585 5398; x_wconf 84' lang='lat' dir='ltr'><em>crudelitate,</em></span> <span class='ocrx_word' id='word_1_646' title='bbox 1605 5340 1633 5389; x_wconf 92' lang='lat' dir='ltr'><em>et</em></span> <span class='ocrx_word' id='word_1_647' title='bbox 1653 5328 1835 5388; x_wconf 86' lang='lat' dir='ltr'><em>crudelissime</em></span> 
     </span>
     <span class='ocr_line' id='line_1_52' title="bbox 212 5415 1835 5498; baseline -0.005 -20"><span class='ocrx_word' id='word_1_648' title='bbox 212 5423 286 5478; x_wconf 89' lang='lat' dir='ltr'><em>enim</em></span> <span class='ocrx_word' id='word_1_649' title='bbox 303 5423 352 5494; x_wconf 89' lang='lat' dir='ltr'><em>qui</em></span> <span class='ocrx_word' id='word_1_650' title='bbox 366 5423 441 5479; x_wconf 89' lang='lat' dir='ltr'><em>nosti</em></span> <span class='ocrx_word' id='word_1_651' title='bbox 454 5423 538 5479; x_wconf 85' lang='lat' dir='ltr'><em>etiam</em></span> <span class='ocrx_word' id='word_1_652' title='bbox 560 5423 632 5478; x_wconf 91' lang='lat' dir='ltr'><em>bene</em></span> <span class='ocrx_word' id='word_1_653' title='bbox 650 5423 691 5479; x_wconf 90' lang='lat' dir='ltr'><em>uti</em></span> <span class='ocrx_word' id='word_1_654' title='bbox 713 5423 804 5490; x_wconf 89' lang='lat' dir='ltr'><em>malis,</em></span> <span class='ocrx_word' id='word_1_655' title='bbox 817 5431 848 5480; x_wconf 87' lang='lat' dir='ltr'><em>tu</em></span> <span class='ocrx_word' id='word_1_656' title='bbox 864 5425 940 5480; x_wconf 86' lang='lat' dir='ltr'><em>solus</em></span> <span class='ocrx_word' id='word_1_657' title='bbox 955 5425 1009 5480; x_wconf 85' lang='lat' dir='ltr'><em>scis</em></span> <span class='ocrx_word' id='word_1_658' title='bbox 1049 5415 1835 5498; x_wconf 81' lang='lat' dir='ltr'><em>impertunitateintolerabilis,pessimusblasphemiaespi-</em></span> 
     </span>
     <span class='ocr_line' id='line_1_53' title="bbox 128 5511 1833 5593; baseline -0.004 -29"><span class='ocrx_word' id='word_1_659' title='bbox 128 5581 134 5593; x_wconf 24' lang='grc' dir='ltr'>ι</span> <span class='ocrx_word' id='word_1_660' title='bbox 212 5525 298 5578; x_wconf 86' lang='lat' dir='ltr'><em>quare</em></span> <span class='ocrx_word' id='word_1_661' title='bbox 316 5512 370 5567; x_wconf 91' lang='lat' dir='ltr'><em>hoe</em></span> <span class='ocrx_word' id='word_1_662' title='bbox 396 5511 495 5579; x_wconf 85' lang='lat' dir='ltr'><em>iecisti,</em></span> <span class='ocrx_word' id='word_1_663' title='bbox 520 5512 626 5569; x_wconf 88' lang='lat' dir='ltr'><em>habens</em></span> <span class='ocrx_word' id='word_1_664' title='bbox 653 5516 822 5586; x_wconf 85' lang='lat' dir='ltr'><em>potestatem</em></span> <span class='ocrx_word' id='word_1_665' title='bbox 850 5529 884 5568; x_wconf 87' lang='lat' dir='ltr'><em>ex</em></span> <span class='ocrx_word' id='word_1_666' title='bbox 905 5514 1005 5569; x_wconf 84' lang='lat' dir='ltr'><em>eadem</em></span> <span class='ocrx_word' id='word_1_667' title='bbox 1046 5515 1129 5580; x_wconf 89' lang='lat' dir='ltr'><em>ritus,</em></span> <span class='ocrx_word' id='word_1_668' title='bbox 1146 5531 1202 5570; x_wconf 88' lang='lat' dir='ltr'><em>nen</em></span> <span class='ocrx_word' id='word_1_669' title='bbox 1217 5515 1274 5568; x_wconf 80' lang='lat' dir='ltr'><em>ulle</em></span> <span class='ocrx_word' id='word_1_670' title='bbox 1288 5511 1833 5584; x_wconf 83' lang='lat' dir='ltr'><em>vitiorumpestisvaleatmentemmeam</em></span> 
     </span>
     <span class='ocr_line' id='line_1_54' title="bbox 208 5596 1834 5676; baseline -0.006 -18"><span class='ocrx_word' id='word_1_671' title='bbox 208 5596 263 5658; x_wconf 84' lang='lat' dir='ltr'><em>tuti</em></span> <span class='ocrx_word' id='word_1_672' title='bbox 284 5615 379 5658; x_wconf 81' lang='lat' dir='ltr'><em>masaa</em></span> <span class='ocrx_word' id='word_1_673' title='bbox 393 5601 470 5660; x_wconf 90' lang='lat' dir='ltr'><em>aliud</em></span> <span class='ocrx_word' id='word_1_674' title='bbox 494 5619 543 5660; x_wconf 87' lang='lat' dir='ltr'><em>vas</em></span> <span class='ocrx_word' id='word_1_675' title='bbox 565 5602 658 5660; x_wconf 82' lang='lat' dir='ltr'><em>iacere</em></span> <span class='ocrx_word' id='word_1_676' title='bbox 671 5603 701 5660; x_wconf 87' lang='lat' dir='ltr'><em>in</em></span> <span class='ocrx_word' id='word_1_677' title='bbox 724 5603 870 5676; x_wconf 88' lang='lat' dir='ltr'><em>bonorem,</em></span> <span class='ocrx_word' id='word_1_678' title='bbox 884 5603 962 5660; x_wconf 88' lang='lat' dir='ltr'><em>eliud</em></span> <span class='ocrx_word' id='word_1_679' title='bbox 976 5603 1006 5670; x_wconf 81' lang='lat' dir='ltr'><em>ip</em></span> <span class='ocrx_word' id='word_1_680' title='bbox 1047 5603 1201 5666; x_wconf 89' lang='lat' dir='ltr'><em>ullomodo</em></span> <span class='ocrx_word' id='word_1_681' title='bbox 1216 5602 1345 5669; x_wconf 78' lang='lat' dir='ltr'><em>evellere,</em></span> <span class='ocrx_word' id='word_1_682' title='bbox 1359 5605 1545 5658; x_wconf 76' lang='lat' dir='ltr'><em>antevertere</em></span> <span class='ocrx_word' id='word_1_683' title='bbox 1559 5599 1688 5657; x_wconf 81' lang='lat' dir='ltr'><em>abducis</em></span> <span class='ocrx_word' id='word_1_684' title='bbox 1699 5598 1834 5655; x_wconf 80' lang='lat' dir='ltr'><em>immensa</em></span> 
     </span>
    </p>
   </div>
   <div class='ocr_carea' id='block_1_9' title="bbox 0 0 1954 6166">
    <p class='ocr_par' dir='ltr' id='par_1_9' title="bbox 0 0 1954 6166">
     <span class='ocr_line' id='line_1_55' title="bbox 0 0 1954 6166; baseline 0 0"><span class='ocrx_word' id='word_1_685' title='bbox 0 0 1954 6166; x_wconf 95' lang='lat' dir='ltr'><em> </em></span> 
     </span>
    </p>
   </div>
  </div>
 </body>
</html>
