3856 6176
226 275 278 344 ror
721 285 754 351 a
774 284 981 367 muratum
1000 281 1181 366 cannuca,
1201 278 1370 362 annulae.
1785 279 1830 355 tto

225 405 393 477 hananiam
409 413 473 480 Posi
485 407 547 476 boa.
562 409 611 492 qui
622 415 736 486 portant
751 427 861 476 crucem
887 415 916 469 ot
928 407 1209 478 thuri-Adiaconus,
1233 411 1292 462 tres
1304 403 1440 472 coniersi,
1457 405 1486 471 at
1499 401 1599 474 inruat
1612 417 1642 467 so
1654 403 1773 472 arcados
1793 421 1833 470 ca·

225 491 325 562 bulum
333 493 346 564 3'
354 495 455 564 deinde
467 497 596 554 sacerdos
611 500 658 572 qui
672 500 767 572 ignem
778 505 940 562 sacraturus
958 505 1020 564 est;
1063 496 1136 564 sula,
1150 494 1235 554 levita
1249 492 1408 559 dalmatica,
1420 489 1608 556 subdiaconus
1621 489 1719 558 tonica.

226 590 291 660 post
303 601 385 656 quem
401 579 532 652 infantes,
547 587 648 654 deliine
660 590 760 662 reliqui
769 589 858 650 induti
870 595 1023 660 ;postquos
1099 583 1191 638 Finita
1206 580 1313 647 litania,
1322 578 1639 652 pronuntiantoantoros
1648 577 1733 637 tribus
1744 577 1836 646 aicium

226 661 404 738 alii'tratrcs,
422 673 494 734 sicut
508 677 664 746 procedunt
680 677 833 744 Dominicis
845 677 953 740 diebus.
971 678 1022 732 Sa·
1063 672 1121 731 alta
1130 687 1196 726 voca
1214 671 1368 738 Accendilo,
1388 673 1417 727 et
1435 673 1503 726 tuno
1521 667 1643 738 Primum.
1669 667 1837 728 accendantur

225 765 302 828 orato
321 761 395 842 igne,
422 763 553 844 projiciat
572 765 702 824 sacerdos
729 783 831 839 aquarn
846 766 1023 824 benedictam
1063 759 1230 826 ‹andelahm
1244 765 1272 814 et
1285 764 1386 824 caetera
1408 743 1559 818 luminaria
1573 772 1633 827 quae
1647 760 1710 813 ante
1723 755 1802 816 altare
1815 762 1839 810 ei

224 868 309 926 super
323 869 397 916 eum,
410 860 438 915 et
449 861 547 926 postea
561 873 594 914 ex
607 857 773 920 carbonibus
787 859 876 938 ipsius
889 858 1023 930 jgnisim.
1063 850 1137 910 Circa
1164 851 1252 904 Uibfll'e
1273 852 1347 912 suni,
1371 851 1400 908 ei
1419 851 1548 908 Gssi'liores
1567 843 1705 930 lnssipidlii
1724 844 1838 901 festivum

225 939 533 1018 plenturthurihulutn,
549 961 603 1020 quo
618 946 744 1020 impletu,
755 947 882 1025 imponat
893 947 1022 1003 sacerdos
1064 939 1147 1008 lipric
1164 941 1278 1004 cler'son3
1296 933 1471 1000 atsacerdos,
1488 949 1553 999 cnm
1570 931 1741 1002 processione
1758 929 1839 995 sona,

224 1030 301 1098 thus,
323 1036 351 1096 et
371 1030 497 1094 incenset
511 1033 616 1106 ignem.
642 1027 719 1094 Tulle
743 1036 913 1093 accendatur
927 1042 1020 1102 mm
1063 1027 1097 1082 ad
1109 1027 1197 1084 altare
1208 1025 1350 1098 procedat,
1367 1027 1396 1080 et
1409 1023 1489 1094 signa
1508 1027 1576 1078 tunc
1593 1020 1697 1092 pulsari
1710 1019 1839 1092 incipiant,

224 1136 331 1188 cereus,
347 1137 430 1194 quem
445 1128 558 1195 portare
585 1125 613 1180 in
632 1124 713 1184 hesta
739 1124 823 1179 debet
843 1127 1019 1180 secretarius,
1063 1133 1113 1171 nec
1124 1115 1263 1179 desinant,
1276 1112 1406 1184 usquead
1416 1112 1590 1178 tineml'pric
1605 1112 1711 1164 eleison.
1734 1106 1770 1165 Et
1783 1113 1843 1164 tunc

224 1209 447 1276 noanneane
466 1211 582 1276 candela
600 1213 629 1268 in
656 1213 777 1272 laterna.
800 1219 831 1270 ut
859 1213 883 1270 si
905 1212 978 1270 forte
992 1213 1022 1270 in
1061 1205 1185 1278 primurn
1200 1205 1246 1258 det
1257 1211 1354 1262 cantor
1367 1217 1469 1272 cappas
1490 1199 1533 1256 his
1552 1197 1600 1272 qui
1618 1200 1737 1268 Aliiuro
1756 1201 1782 1250 et
1797 1203 1845 1249 tra·

225 1297 317 1376 eundo
327 1287 526 1370 'exstinguatur
538 1317 645 1368 cereus,
659 1301 911 1360 exesaeeendatur
926 1320 933 1370 3
949 1303 1022 1361 hane
1062 1299 1138 1350 cturn
1154 1291 1295 1348 cantaturi
1307 1295 1384 1346 sunt.
1398 1289 1490 1347 Finito
1508 1289 1593 1355 lyra
1608 1289 1715 1349 cleison,
1741 1284 1846 1356 incipiat

224 1385 364 1454 liternino
376 1395 489 1462 portare
510 1390 593 1449 debet
607 1407 680 1448 unus
702 1392 736 1456 de
760 1392 902 1462 magistris
923 1407 1023 1464 puero
1063 1383 1192 1438 sacerdos
1212 1382 1306 1444 Gloria
1334 1383 1366 1432 in
1393 1381 1500 1438 excelsis
1528 1377 1588 1434 neo.
1614 1374 1731 1445 Quando
1750 1373 1848 1444 legetur

224 1492 299 1544 rum·
381 1467 384 1474 ¹
1064 1471 1255 1542 Evangelium,
1273 1484 1329 1527 non
1343 1473 1494 1527 teneantur
1507 1463 1685 1530 candelabra,
1704 1463 1751 1518 sed
1765 1463 1845 1516 solum

260 1562 307 1628 Ad
321 1563 393 1641 lianc
404 1566 611 1637 processionem
624 1567 1020 1644 candelabrenonportentur;
1062 1560 1238 1618 thuribulum
1263 1560 1296 1614 ln
1309 1559 1361 1611 hac
1371 1553 1573 1613 consuetudine
1582 1543 1751 1614 concordant
1762 1567 1848 1606 omnes

224 1651 354 1718 eundern
370 1653 495 1720 ordinem
511 1661 623 1722 scatent
648 1641 843 1712 in'redeundo
865 1673 949 1730 quern
971 1657 1022 1711 ha·
1064 1651 1121 1708 lere
1135 1648 1304 1721 principales
1319 1645 1520 1712 monachorum
1534 1641 1664 1701 Ecclesiae
1680 1657 1741 1712 quae
1762 1645 1848 1698 nostro

223 1737 346 1806 buerunt
358 1741 386 1808 in
403 1744 505 1802 eundo,
520 1743 701 1800 Revertentes
715 1745 809 1803 dicant
820 1747 869 1803 hos
884 1745 1189 1827 pselm0323tempore
1196 1735 1309 1808 majoris
1321 1732 1495 1790 auctoritatis
1502 1737 1577 1798 sunt,
1589 1730 1663 1787 sicut
1669 1735 1696 1788 ct
1703 1729 1731 1782 in
1738 1743 1769 1780 co
1783 1727 1850 1798 quod

223 1829 302 1894 oeus,
319 1833 351 1884 in
366 1835 478 1886 nornine
493 1838 539 1886 tuo
551 1852 557 1899 ;
569 1835 697 1887 Μὶεενονε
711 1839 775 1898 mei,
791 1836 871 1900 licus,
892 1838 1021 1890 irrisorem
1063 1826 1216 1888 offerenda,
1232 1830 1260 1879 et
1272 1825 1367 1892 Aptius
1384 1824 1439 1890 ilci,
1453 1827 1482 1878 et
1497 1821 1661 1882 Canrrnunio
1673 1817 1852 1882 adbancmis-

221 1919 278 1975 mii
286 1955 295 1986 i
312 1918 379 1982 Ditis
394 1922 560 1984 misercatur
573 1924 680 1990 nasim
697 1923 776 1988 Dour,
790 1925 821 1980 in
835 1925 1018 1990 adjutoriam.
1062 1933 1121 1972 snm
1134 1931 1190 1971 non
1204 1915 1353 1976 ducantur,
1364 1910 1430 1966 licet
1441 1915 1541 1964 caetero
1556 1906 1654 1968 festiue
1674 1905 1809 1963 dicantur.
1823 1905 1853 1960 ln

222 2003 334 2088 insede
349 2004 498 2085 episcopali
513 2013 631 2070 canatur
644 2026 660 2072 a
676 2009 784 2068 duobus
794 2011 888 2085 pueris
899 2010 1021 2081 hymnus
1062 2010 1230 2084 quibusdam
1257 2021 1367 2080 quoque
1395 2020 1451 2060 non
1470 2000 1662 2073 improbandae
1685 1997 1854 2056 auctoritatis

222 2091 354 2156 Inventor
368 2098 461 2158 ratiti.
485 2096 561 2166 Ignis
575 2098 774 2166 sanctificatus,
789 2099 837 2173 qui
856 2099 885 2154 in
900 2083 1021 2164 claustro
1062 2098 1206 2164 caenobiis,
1222 2113 1273 2152 nec
1287 2100 1351 2150 ante
1366 2092 1540 2168 sacerdotem
1554 2091 1696 2154 eantare
1713 2087 1855 2165 proceden-

222 2181 370 2250 ittnansil,
389 2183 531 2268 tinnulis
546 2185 684 2252 cenerarii
696 2188 852 2257 colligatur,
870 2193 946 2242 etex
970 2187 1021 2242 hoc
1061 2198 1120 2248 tent
1135 2193 1187 2248 hac
1201 2191 1246 2246 die
1256 2185 1425 2252 candelabra
1439 2173 1597 2256 portantur,

223 2269 456 2354 igneamnesioci
477 2272 505 2328 in
525 2273 654 2336 omnihus
669 2275 788 2340 cilicinis
803 2277 879 2351 prius
892 2275 1020 2331 exstincti
1098 2279 1246 2337 celebrata
1264 2279 1322 2332 leuc
1338 2277 1433 2340 missa,
1458 2273 1604 2331 sacerdote
1630 2270 1784 2342 incipiente
1811 2271 1857 2340 i'tr

222 2359 326 2424 litium
337 2361 533 2426 accendantur·
547 2361 673 2428 Plurima
682 2365 884 2427 monachorum
894 2363 1021 2422 ooenobiss
1062 2374 1213 2427 danninum
1228 2374 1365 2431 nostram,
1381 2364 1518 2436 incipiant
1530 2363 1638 2436 pulsari
1654 2363 1719 2420 duae
1731 2359 1816 2418 slrillae
1828 2359 1860 2414 ad

222 2448 330 2522 iaciunt
351 2450 423 2510 hanc
442 2451 477 2506 ad
498 2453 730 2518 sanctificandum
752 2455 845 2525 ignem
866 2455 1021 2527 processio·
1064 2475 1202 2532 vesperas,
1218 2463 1250 2512 ut
1264 2472 1325 2512 mos
1340 2460 1382 2514 cst
1399 2453 1429 2512 in
1447 2453 1576 2516 maximis
1585 2451 1798 2518 festivitatibus.
1813 2449 1861 2511 Re

221 2555 297 2606 item.
312 2539 342 2593 in
356 2539 456 2612 quinta
470 2541 556 2606 etiam
571 2548 690 2600 etsexta
708 2543 786 2608 teria,
795 2543 945 2603 secretario
951 2560 1022 2618 prae·
1064 2564 1165 2621 sponso
1189 2548 1241 2600 ilco
1255 2546 1362 2612 pretias
1376 2542 1412 2596 ad
1427 2544 1466 2598 lto
1481 2544 1567 2598 misso
1581 2547 1630 2607 est,
1645 2541 1699 2594 liat
1713 2539 1804 2594 oratio
1819 2555 1862 2594 re·

221 2627 328 2694 laterata,
341 2644 455 2694 cereum
470 2629 499 2684 in
514 2631 595 2696 uasta
617 2632 660 2687 rel
673 2633 751 2704 uirga
769 2633 799 2698 ia
823 2633 922 2706 quinta
941 2633 1021 2698 scria,
1064 2635 1204 2708 spertinet
1220 2629 1471 2703 quatactauadant
1489 2628 1610 2694 infantes
1625 2628 1656 2684 in
1676 2626 1861 2690 refectorium,

221 2716 354 2800 piititin
369 2723 457 2783 sexto·
474 2717 574 2785 abbate
587 2720 761 2790 insensato,
1063 2726 1087 2782 si
1101 2724 1189 2798 aliqui
1210 2723 1280 2778 adeo
1298 2720 1377 2795 parvi
1396 2724 1463 2776 sunt
1483 2724 1621 2794 utusque
1651 2723 1719 2794 post
1740 2731 1865 2788 vesperas

257 2805 437 2874 Proetitifflt
448 2807 602 2874 inoborum
614 2826 724 2869 reversa
738 2811 798 2872 sina
811 2810 1021 2873 candelabriset
1061 2820 1222 2887 exspectare
1241 2808 1429 2884 nonpossint.
1451 2807 1566 2866 Interim
1587 2807 1745 2882 pulsentur
1762 2805 1865 2874 majora

220 2893 375 2962 thuribulo,
387 2896 516 2962 SiterdOS
528 2897 643 2980 ,indutus
656 2900 751 2962 casula
761 2900 894 2975 procedat
903 2901 939 2956 ad
948 2902 1019 2967 alta·
1061 2903 1142 2974 signo
1152 2901 1207 2956 duo
1218 2910 1246 2958 at
1260 2901 1316 2962 duo
1333 2918 1340 2970 ς
1361 2898 1396 2953 ad
1412 2903 1580 2964 extremam,
1599 2895 1727 2967 pnlsatis
1741 2893 1867 2950 omnibns

220 3000 266 3054 itt
280 2984 414 3052 diaconus
428 3001 492 3050 vtro
504 2986 576 3044 stola
590 2993 620 3056 ot
634 2988 784 3047 dalmatica
799 2989 914 3054 indutus
926 2991 1021 3054 veniat
1061 2993 1159 3064 signis,
1168 2997 1306 3047 canantur
1314 3005 1446 3061 vesperae,
1458 2993 1490 3044 ut
1505 2987 1593 3051 decet,
1602 2984 1787 3052 solemniter.
1799 2980 1868 3055 lleh

222 3081 288 3142 ante
302 3071 442 3140 abbatem,
454 3080 483 3128 et
491 3082 569 3151 potat
583 3077 618 3139 ab
626 3094 659 3134 eo
666 3077 889 3146 benedictionem
901 3099 907 3148 ;
919 3081 1020 3142 dehinc
1037 3111 1039 3121 =
1061 3079 1348 3144 domatlariuscaptor
1360 3076 1477 3148 incipiat
1491 3077 1614 3130 alleluiu
1635 3090 1671 3128 cx
1687 3072 1788 3144 aliqua
1802 3069 1883 3138 ,onti-¹

221 3156 306 3232 indat
319 3165 354 3230 ad
367 3183 480 3234 cereum
493 3173 522 3225 at
536 3167 683 3232 benedicat
698 3185 773 3236 euin,
789 3184 840 3222 nec
855 3172 920 3229 ante
935 3168 1021 3234 hena·
1061 3171 1155 3242 phono
1169 3185 1200 3222 ex
1217 3185 1273 3239 qua
1284 3173 1382 3227 cantor
1396 3165 1568 3236 preceperit.
1584 3164 1699 3222 Psalmi
1716 3163 1870 3228 Confiteor-

221 3253 382 3336 tlirtiancm,
406 3272 459 3316 nec
487 3262 550 3328 post
564 3256 786 3322 benedictionem
802 3263 867 3310 ante
890 3263 919 3313 et
946 3264 1021 3316 retro
1064 3265 1120 3323 tar,
1151 3257 1303 3330 capitulum
1332 3255 1364 3310 Si
1390 3255 1612 3322 consurrexistis,
1655 3248 1872 3324 responsorium

223 3342 338 3418 iaciens,
354 3359 428 3410 unus
442 3349 537 3408 autern
553 3360 584 3398 ex
599 3344 749 3410 conversis,
765 3359 827 3400 cunr
839 3350 950 3418 ternpus
959 3345 1022 3400 fue·
1062 3350 1184 3416 Anneius
1197 3348 1310 3406 nornine·
1324 3348 1430 3408 tamtus
1444 3347 1491 3406 ost,
1503 3339 1627 3416 hymnus
1636 3345 1677 3402 od
1689 3357 1799 3398 cenom
1808 3341 1875 3406 apri

224 3429 271 3499 ilis
295 3427 438 3506 indicante
450 3440 574 3497 camille,
592 3430 700 3496 destiti
710 3429 804 3494 abboli
818 3431 913 3502 ignitio
927 3432 1023 3495 corbo·
1061 3435 1182 3506 providi,
1196 3451 1292 3492 vorsus
1307 3433 1466 3489 nerurrmit
1477 3432 1622 3491 Dominus.
1640 3429 1688 3500 Ari
1701 3429 1874 3498 Mopnificct,

223 3515 307 3571 nibus
316 3517 431 3586 plenum
444 3516 637 3585 thuribulum
654 3518 749 3590 inquo
763 3520 846 3575 thure
861 3521 963 3592 injecta
980 3539 1023 3581 ac·
1069 3525 1177 3596 Vespero
1191 3527 1284 3578 outoni
1298 3521 1420 3584 sabbati.
1437 3517 1570 3592 Collecta,
1583 3520 1660 3579 Deus
1676 3520 1731 3588 qui
1745 3517 1820 3572 hono
1833 3531 1876 3568 so·

225 3604 523 3673 cedotsddiooonum‚
540 3607 660 3678 otiuxttt
673 3623 737 3673 euin
753 3608 799 3676 sit.
815 3615 856 3674 ut,
875 3625 938 3668 cum
953 3615 1022 3668 tern-
1064 3613 1374 3670 cratissimouinoctcoi.
1395 3609 1463 3674 Post
1477 3623 1617 3678 vesperos,
1650 3605 1817 3680 procedant
1843 3601 1877 3656 od

225 3709 279 3770 pus
297 3693 391 3762 inerit,
405 3693 524 3766 accipiat
537 3693 671 3763 diaconus
691 3696 727 3754 ab
745 3713 778 3752 ao
796 3697 983 3766 thuribulum,
995 3704 1024 3756 et
1063 3699 1236 3760 crucifixum.

222 3784 482 3852 incensatcareurn
503 3785 676 3852 decretoriae
697 3803 762 3844 vero
780 3788 818 3856 sit
842 3795 967 3860 paratus,
992 3795 1025 3844 ut
1135 3787 1272 3844 Sacrroll.
1286 3817 1318 3828 -
1339 3789 1375 3842 lic
1389 3791 1506 3855 temporo
1519 3791 1614 3852 sancto
1628 3785 1797 3852 Poscliotis,

224 3889 288 3940 ollio
311 3871 419 3941 dictum
433 3873 520 3940 luerit
537 3877 665 3944 liutitans
683 3879 758 3944 ipnis
773 3878 907 3949 scandit,
927 3878 1021 3944 statim
1099 3877 1151 3934 llie
1164 3881 1261 3934 sancto
1275 3876 1386 3948 pascha
1396 3880 1462 3943 apte
1470 3873 1581 3946 vigilias
1590 3874 1763 3935 matutinas
1771 3871 1883 3944 puisen-

225 3962 360 4032 &ilidii
370 3979 493 4032 oorstttn.
1063 3973 1112 4032 tur
1121 3965 1322 4036 omniasigna;
1340 3964 1441 4028 dehinc
1456 3963 1512 4020 duo
1524 3968 1553 4018 ct
1571 3963 1641 4034 rino,
1662 3963 1745 4020 sicut
1754 3977 1818 4016 mos
1829 3965 1880 4014 est.
1910 4021 1913 4026 ¹

221 4113 222 4118 ,
257 4048 456 4122 benedictione
470 4059 592 4125 peracta,
612 4053 756 4122 diaconus,
778 4055 905 4127 deposita
920 4057 1025 4116 dalma-
1064 4056 1108 4120 hd
1123 4053 1315 4115 invitatorium
1329 4058 1451 4124 quatuor
1464 4052 1494 4120 in
1507 4052 1614 4123 cappis,
1637 4051 1785 4124 psalmia
1801 4049 1885 4104 heato

224 4140 280 4211 lico
294 4146 324 4208 at
336 4143 419 4211 mnia,
434 4142 470 4208 ad
485 4159 567 4210 suurn
580 4144 671 4210 locum
684 4144 713 4200 in
727 4145 844 4202 chorum
854 4152 1021 4207 reuertatur.
1066 4143 1216 4203 Benedicto
1226 4142 1357 4208 instituti,
1368 4141 1397 4198 id
1409 4147 1461 4210 est,
1475 4141 1589 4208 Domino
1605 4143 1641 4199 in
1658 4143 1774 4210 viriato
1789 4141 1884 4210 208

224 4229 405 4298 ssorputvpro
418 4247 475 4298 nott
493 4231 689 4302 exstinguatur
704 4248 792 4302 usqua
819 4234 848 4300 in
869 4233 1023 4302 crastinum
1065 4240 1124 4300 tuo,
1141 4238 1170 4287 et
1183 4231 1286 4286 caeteri.
1309 4231 1353 4286 Ad
1376 4231 1508 4285 lectiones
1522 4229 1779 4292 circumferantur
1794 4227 1888 4296 thuri·

224 4326 290 4394 post
301 4336 441 4392 vesperas,
463 4319 597 4388 lectiones
610 4319 706 4386 statim
726 4319 902 4388 inchoantur.
924 4324 1022 4380 Sacar-
1064 4323 1140 4388 buln,
1156 4323 1229 4390 sicut
1243 4321 1271 4376 in
1285 4321 1337 4376 Die
1351 4320 1502 4386 llantinica
1517 4319 1691 4388 Natiuitatis
1716 4320 1887 4381 institutum

224 4407 392 4480 datamque
406 4413 491 4476 cantu
511 4407 586 4476 dicat
605 4408 746 4465 orationes
769 4409 805 4476 ad
828 4411 927 4474 altare.
951 4399 1359 4482 sicutDast.Totumdeniqus
1372 4409 1890 4480 oliciuminoramonachorumago·

224 4501 293 4564 suat
310 4497 499 4568 perordinem
516 4516 522 4566 ς
536 4496 636 4562 ultima
647 4497 775 4564 oratione
788 4497 861 4564 dicta
871 4503 981 4568 captor,
997 4509 1026 4558 at
1065 4505 1121 4561 tur.
1135 4499 1279 4556 Processio
1293 4498 1327 4565 ari
1339 4497 1500 4567 crucifixum
1515 4503 1579 4570 post
1591 4499 1768 4559 matutinas
1778 4498 1889 4560 laudes,

224 4586 398 4656 altprbaioi
412 4602 495 4657 quam
515 4586 644 4656 adiuerit.
667 4587 760 4656 induti
774 4589 868 4660 cappis
889 4590 1025 4662 incipiant
1065 4593 1094 4647 et
1117 4592 1181 4660 post
1205 4603 1346 4658 resperas,
1365 4603 1415 4658 per
1441 4591 1531 4645 totam
1559 4587 1772 4658 septimanam
1795 4587 1893 4644 radat.

224 4675 353 4746 inchatn
367 4675 495 4744 litaniam
507 4680 628 4743 ternam,
644 4677 696 4744 itoc
709 4677 792 4744 modo
807 4696 812 4730 :
828 4685 957 4742 cantores
971 4682 1024 4750 ip.-
1065 4677 1151 4734 Missa
1161 4675 1335 4732 matutinalis
1346 4675 1398 4730 hac
1412 4675 1457 4732 dia
1466 4691 1529 4732 curn
1545 4690 1601 4731 una
1615 4675 1764 4744 collecta,
1781 4692 1897 4748 proces

224 4769 268 4828 rio
282 4768 392 4832 eisitan,
403 4765 500 4832 denter
518 4766 620 4822 chorus
637 4766 769 4830 similiter
788 4768 957 4838 respondeat
973 4771 1026 4839 lip-
1066 4765 1107 4820 sio
1121 4764 1149 4819 in
1165 4764 1270 4837 cappis.
1292 4764 1335 4818 hd
1354 4779 1483 4835 vesperas
1497 4763 1598 4838 psalmi
1612 4765 1796 4834 regulares,
1810 4764 1841 4819 id
1855 4768 1900 4819 est

225 4857 270 4922 fic
283 4856 393 4921 oieiton,
408 4853 510 4920 deindo
523 4853 647 4923 sinister,
663 4859 803 4924 etcaetera
821 4855 918 4924 codam
930 4857 1023 4918 modo,
1066 4856 1144 4912 llicit
1158 4856 1345 4918 narranaam
1358 4851 1460 4924 reliqui
1476 4851 1523 4924 qui
1535 4849 1639 4912 diebus
1651 4853 1830 4921 Dominicis
1843 4854 1899 4909 dici

186 5003 191 5016 ,
225 4959 316 5014 usquc
329 4942 364 4996 ad
379 4943 464 5010 tinem
478 4942 599 5011 litaniaa3
615 4949 712 5010 ternos
721 4949 832 5008 sanctos
846 4944 881 5005 do
897 4961 1025 5017 unoquo·
1066 4940 1660 5014 solentsuperpsalmos,antipiaonaeqaae
1673 4942 1717 4998 ad
1731 4943 1902 5010 matutinas

225 5049 282 5107 qus
292 5031 391 5102 ordina
405 5031 509 5101 dicant,
541 5032 584 5102 Ad
610 5032 722 5104 singnis
736 5038 896 5098 sanctorum
912 5035 1026 5098 nomina
1067 5032 1164 5088 laudes
1178 5031 1258 5089 dictae
1272 5036 1348 5100 sunt.

225 5127 345 5193 uterque
354 5121 589 5190 chorusinclinet,
610 5125 739 5190 cantores
755 5120 790 5179 ad
804 5121 923 5178 nullum.
936 5123 1025 5177 lnce.-
1102 5120 1202 5179 Trihus
1216 5119 1397 5191 sequentibus
1412 5119 1582 5176 diebusante
1594 5117 1723 5192 uigilias
1741 5123 1905 5196 pulsentur

225 5218 275 5284 ptq
288 5210 388 5280 titanis
400 5209 502 5278 iratres
512 5209 815 5276 ascedantadlormas
834 5209 907 5274 sicut
919 5209 949 5276 in
959 5211 1026 5266 duo·
1067 5209 1157 5282 signa,
1168 5210 1224 5265 duo
1238 5215 1266 5264 ct
1277 5210 1332 5265 duo
1347 5229 1353 5278 ;
1372 5211 1406 5266 ad
1423 5210 1613 5278 invitatorium
1629 5217 1704 5271 tras
1721 5216 1756 5270 in
1774 5215 1882 5287 cappis
1899 5233 1906 5278 ;

224 5299 317 5368 decim
338 5295 513 5366 lectionibus.
533 5297 568 5350 ad
588 5296 700 5364 aniam
720 5298 850 5356 sacerdos
869 5303 1027 5352 reuertatur
1067 5300 1168 5372 psalmi
1180 5300 1291 5358 feriales
1304 5299 1443 5367 dicantur,
1459 5317 1507 5356 sax
1519 5299 1571 5354 sub
1585 5316 1649 5356 uria
1666 5304 1861 5375 antiphona,
1880 5308 1910 5358 et

225 5387 256 5456 ip
270 5385 460 5454 sacretariam,
474 5391 503 5448 et
515 5385 642 5458 deposita
652 5387 748 5447 casula
761 5394 789 5442 et
802 5388 876 5444 stola
885 5386 982 5452 redeat
997 5387 1026 5442 in
1068 5405 1116 5444 sex
1130 5387 1181 5443 suh
1194 5390 1250 5446 alia
1264 5407 1271 5456 3
1296 5388 1351 5444 dun
1366 5394 1395 5443 ct
1411 5389 1466 5444 duo
1475 5389 1605 5460 primum,
1620 5395 1658 5442 et
1669 5394 1856 5452 secundum
1869 5412 1913 5448 re-

224 5475 352 5544 thorum,
364 5473 437 5558 Cum
451 5473 573 5542 dixerint
583 5480 712 5544 cantores
726 5476 822 5532 diones
835 5479 937 5542 suncti,
949 5481 1026 5530 orato
1067 5476 1297 5548 sponsoriorum;
1322 5476 1435 5533 tertium
1450 5481 1517 5543 tras,
1532 5475 1632 5542 hudes
1658 5479 1724 5536 suh
1742 5497 1811 5540 una
1835 5483 1913 5540 anti-

222 5577 277 5634 ppo
294 5562 383 5633 papii,
402 5567 504 5634 exeant
521 5563 556 5632 de
574 5564 661 5629 choro
686 5563 825 5636 sacerdos,
848 5564 942 5638 ieviter,
962 5564 1026 5621 sub-
1067 5567 1170 5640 phona.
1187 5565 1385 5638 Adthuribulo
1400 5565 1455 5626 ouo
1469 5566 1630 5625 sacerdotes
1663 5571 1784 5644 cappis
1813 5573 1916 5630 induti
