<?xml version="1.0" encoding="UTF-8"?>
<!DOCTYPE html PUBLIC "-//W3C//DTD XHTML 1.0 Transitional//EN"
    "http://www.w3.org/TR/xhtml1/DTD/xhtml1-transitional.dtd">
<html xmlns="http://www.w3.org/1999/xhtml" xml:lang="en" lang="en">
 <head>
  <title>
</title>
<meta http-equiv="Content-Type" content="text/html;charset=utf-8" />
  <meta name='ocr-system' content='tesseract 3.04.00' />
  <meta name='ocr-capabilities' content='ocr_page ocr_carea ocr_par ocr_line ocrx_word'/>
</head>
<body>
  <div class='ocr_page' id='page_1' title='image "./patrologiaecurs92unkngoog_0797.png"; bbox 0 0 4046 6186; ppageno 0'>
   <div class='ocr_carea' id='block_1_1' title="bbox 195 299 1867 394">
    <p class='ocr_par' dir='ltr' id='par_1_1' title="bbox 195 299 1867 394">
     <span class='ocr_line' id='line_1_1' title="bbox 195 299 1867 394; baseline 0.001 -12"><span class='ocrx_word' id='word_1_1' title='bbox 195 299 199 308; x_wconf 84' lang='lat'>&#39;</span> <span class='ocrx_word' id='word_1_2' title='bbox 225 323 296 383; x_wconf 81' lang='lat' dir='ltr'><strong>rear</strong></span> <span class='ocrx_word' id='word_1_3' title='bbox 814 324 969 394; x_wconf 74' lang='lat' dir='ltr'><strong>veturus</strong></span> <span class='ocrx_word' id='word_1_4' title='bbox 987 327 1034 383; x_wconf 82' lang='lat' dir='ltr'><strong>oe</strong></span> <span class='ocrx_word' id='word_1_5' title='bbox 1051 326 1266 384; x_wconf 77' lang='lat' dir='ltr'><strong>ennmnnu</strong></span> <span class='ocrx_word' id='word_1_6' title='bbox 1794 319 1867 384; x_wconf 81' lang='lat' dir='ltr'><strong>tots</strong></span> 
     </span>
    </p>
   </div>
   <div class='ocr_carea' id='block_1_2' title="bbox 227 445 1880 5686">
    <p class='ocr_par' dir='ltr' id='par_1_2' title="bbox 227 445 1767 522">
     <span class='ocr_line' id='line_1_2' title="bbox 227 445 1767 522; baseline -0.002 -17"><span class='ocrx_word' id='word_1_7' title='bbox 227 451 263 505; x_wconf 85' lang='lat' dir='ltr'><strong>Et</strong></span> <span class='ocrx_word' id='word_1_8' title='bbox 276 455 356 522; x_wconf 91' lang='lat' dir='ltr'><strong>potes</strong></span> <span class='ocrx_word' id='word_1_9' title='bbox 370 447 440 502; x_wconf 84' lang='lat' dir='ltr'><strong>illud</strong></span> <span class='ocrx_word' id='word_1_10' title='bbox 456 447 531 502; x_wconf 90' lang='lat' dir='ltr'><strong>idem</strong></span> <span class='ocrx_word' id='word_1_11' title='bbox 546 447 690 518; x_wconf 80' lang='lat' dir='ltr'><strong>complexa</strong></span> <span class='ocrx_word' id='word_1_12' title='bbox 704 445 796 502; x_wconf 80' lang='lat' dir='ltr'>dicere</span> <span class='ocrx_word' id='word_1_13' title='bbox 812 464 877 502; x_wconf 91' lang='lat' dir='ltr'><strong>voce</strong></span> <span class='ocrx_word' id='word_1_14' title='bbox 893 468 899 502; x_wconf 91' lang='lat'>:</span> <span class='ocrx_word' id='word_1_15' title='bbox 1031 450 1095 512; x_wconf 75' lang='lat' dir='ltr'><strong>Ald</strong></span> <span class='ocrx_word' id='word_1_16' title='bbox 1110 458 1222 520; x_wconf 88' lang='lat' dir='ltr'><strong>quoque</strong></span> <span class='ocrx_word' id='word_1_17' title='bbox 1230 447 1368 504; x_wconf 81' lang='lat' dir='ltr'><strong>cuniculis</strong></span> <span class='ocrx_word' id='word_1_18' title='bbox 1380 447 1451 504; x_wconf 81' lang='lat' dir='ltr'><strong>daut</strong></span> <span class='ocrx_word' id='word_1_19' title='bbox 1459 449 1588 514; x_wconf 79' lang='lat' dir='ltr'><strong>cisimus,</strong></span> <span class='ocrx_word' id='word_1_20' title='bbox 1597 452 1627 502; x_wconf 83' lang='lat' dir='ltr'><strong>bt</strong></span> <span class='ocrx_word' id='word_1_21' title='bbox 1638 449 1767 506; x_wconf 69' lang='lat' dir='ltr'><strong>ierom</strong></span> 
     </span>
    </p>

    <p class='ocr_par' dir='ltr' id='par_1_3' title="bbox 227 536 1801 610">
     <span class='ocr_line' id='line_1_3' title="bbox 227 536 1801 610; baseline -0.001 -16"><span class='ocrx_word' id='word_1_22' title='bbox 227 539 347 594; x_wconf 84' lang='lat' dir='ltr'><strong>Tollitur</strong></span> <span class='ocrx_word' id='word_1_23' title='bbox 361 537 491 598; x_wconf 85' lang='lat' dir='ltr'><strong>emedio,</strong></span> <span class='ocrx_word' id='word_1_24' title='bbox 505 544 613 592; x_wconf 75' lang='lat' dir='ltr'><strong>nature</strong></span> <span class='ocrx_word' id='word_1_25' title='bbox 629 536 724 590; x_wconf 84' lang='lat' dir='ltr'><strong>debita</strong></span> <span class='ocrx_word' id='word_1_26' title='bbox 739 537 830 602; x_wconf 91' lang='lat' dir='ltr'><strong>solvit,</strong></span> <span class='ocrx_word' id='word_1_27' title='bbox 1066 541 1164 592; x_wconf 83' lang='lat' dir='ltr'>Vestes</span> <span class='ocrx_word' id='word_1_28' title='bbox 1180 553 1242 610; x_wconf 79' lang='lat' dir='ltr'><strong>qua</strong></span> <span class='ocrx_word' id='word_1_29' title='bbox 1254 538 1358 592; x_wconf 84' lang='lat' dir='ltr'><strong>tuerint</strong></span> <span class='ocrx_word' id='word_1_30' title='bbox 1372 539 1407 592; x_wconf 83' lang='lat' dir='ltr'><strong>de</strong></span> <span class='ocrx_word' id='word_1_31' title='bbox 1421 538 1488 592; x_wconf 85' lang='lat' dir='ltr'><strong>solis</strong></span> <span class='ocrx_word' id='word_1_32' title='bbox 1505 537 1627 609; x_wconf 79' lang='lat' dir='ltr'><strong>pellibus</strong></span> <span class='ocrx_word' id='word_1_33' title='bbox 1638 539 1778 594; x_wconf 81' lang='lat' dir='ltr'><strong>hrecsunt</strong></span> <span class='ocrx_word' id='word_1_34' title='bbox 1793 557 1801 592; x_wconf 75' lang='grc' dir='ltr'><strong><em>ι</em></strong></span> 
     </span>
    </p>

    <p class='ocr_par' dir='ltr' id='par_1_4' title="bbox 228 625 1783 698">
     <span class='ocr_line' id='line_1_4' title="bbox 228 625 1783 698; baseline -0.001 -14"><span class='ocrx_word' id='word_1_35' title='bbox 228 629 343 684; x_wconf 74' lang='lat' dir='ltr'><strong>Natura</strong></span> <span class='ocrx_word' id='word_1_36' title='bbox 355 625 450 680; x_wconf 89' lang='lat' dir='ltr'><strong>debita</strong></span> <span class='ocrx_word' id='word_1_37' title='bbox 466 631 568 680; x_wconf 80' lang='lat' dir='ltr'><strong>nostrae</strong></span> <span class='ocrx_word' id='word_1_38' title='bbox 581 625 713 696; x_wconf 84' lang='lat' dir='ltr'><strong>generale</strong></span> <span class='ocrx_word' id='word_1_39' title='bbox 726 625 873 693; x_wconf 87' lang='lat' dir='ltr'><strong>tributum,</strong></span> <span class='ocrx_word' id='word_1_40' title='bbox 1067 628 1221 692; x_wconf 87' lang='lat' dir='ltr'><strong>Pellicium,</strong></span> <span class='ocrx_word' id='word_1_41' title='bbox 1238 644 1315 686; x_wconf 90' lang='lat' dir='ltr'><strong>reno,</strong></span> <span class='ocrx_word' id='word_1_42' title='bbox 1332 627 1433 698; x_wconf 90' lang='lat' dir='ltr'><strong>quibus</strong></span> <span class='ocrx_word' id='word_1_43' title='bbox 1444 627 1616 681; x_wconf 79' lang='lat' dir='ltr'>endromade</span> <span class='ocrx_word' id='word_1_44' title='bbox 1628 627 1783 682; x_wconf 81' lang='lat' dir='ltr'><strong>socientur.</strong></span> 
     </span>
    </p>

    <p class='ocr_par' dir='ltr' id='par_1_5' title="bbox 229 714 1793 788">
     <span class='ocr_line' id='line_1_5' title="bbox 229 714 1793 788; baseline 0 -16"><span class='ocrx_word' id='word_1_45' title='bbox 229 717 337 772; x_wconf 81' lang='lat' dir='ltr'><strong>Clausit</strong></span> <span class='ocrx_word' id='word_1_46' title='bbox 350 720 515 786; x_wconf 69' lang='lat' dir='ltr'><strong>praesentem</strong></span> <span class='ocrx_word' id='word_1_47' title='bbox 531 729 662 786; x_wconf 89' lang='lat' dir='ltr'><strong>supremo</strong></span> <span class='ocrx_word' id='word_1_48' title='bbox 676 714 774 769; x_wconf 88' lang='lat' dir='ltr'><strong>funere</strong></span> <span class='ocrx_word' id='word_1_49' title='bbox 784 716 880 781; x_wconf 84' lang='lat' dir='ltr'><strong>vitant,</strong></span> <span class='ocrx_word' id='word_1_50' title='bbox 1066 717 1202 771; x_wconf 83' lang='lat' dir='ltr'><strong>Parvulos</strong></span> <span class='ocrx_word' id='word_1_51' title='bbox 1215 723 1244 770; x_wconf 90' lang='lat' dir='ltr'><strong>et</strong></span> <span class='ocrx_word' id='word_1_52' title='bbox 1260 716 1348 786; x_wconf 89' lang='lat' dir='ltr'><strong>pusio,</strong></span> <span class='ocrx_word' id='word_1_53' title='bbox 1361 732 1440 786; x_wconf 89' lang='lat' dir='ltr'><strong>puer,</strong></span> <span class='ocrx_word' id='word_1_54' title='bbox 1449 716 1552 776; x_wconf 83' lang='lat' dir='ltr'><strong>infans,</strong></span> <span class='ocrx_word' id='word_1_55' title='bbox 1564 723 1648 787; x_wconf 87' lang='lat' dir='ltr'><strong>atque</strong></span> <span class='ocrx_word' id='word_1_56' title='bbox 1662 717 1793 788; x_wconf 75' lang='lat' dir='ltr'><strong>pusillus,</strong></span> 
     </span>
    </p>

    <p class='ocr_par' dir='ltr' id='par_1_6' title="bbox 230 803 1685 876">
     <span class='ocr_line' id='line_1_6' title="bbox 230 803 1685 876; baseline 0 -17"><span class='ocrx_word' id='word_1_57' title='bbox 230 805 349 860; x_wconf 81' lang='lat' dir='ltr'><strong>Camere</strong></span> <span class='ocrx_word' id='word_1_58' title='bbox 364 817 499 872; x_wconf 88' lang='lat' dir='ltr'><strong>corporeo</strong></span> <span class='ocrx_word' id='word_1_59' title='bbox 514 803 655 858; x_wconf 87' lang='lat' dir='ltr'><strong>resolutus</strong></span> <span class='ocrx_word' id='word_1_60' title='bbox 670 803 787 874; x_wconf 89' lang='lat' dir='ltr'><strong>spiritus</strong></span> <span class='ocrx_word' id='word_1_61' title='bbox 803 803 868 866; x_wconf 84' lang='lat' dir='ltr'><strong>exit,</strong></span> <span class='ocrx_word' id='word_1_62' title='bbox 1067 805 1136 860; x_wconf 91' lang='lat' dir='ltr'><strong>lnde</strong></span> <span class='ocrx_word' id='word_1_63' title='bbox 1147 805 1341 874; x_wconf 87' lang='lat' dir='ltr'><strong>pusillanimes</strong></span> <span class='ocrx_word' id='word_1_64' title='bbox 1351 805 1441 858; x_wconf 85' lang='lat' dir='ltr'><strong>animi</strong></span> <span class='ocrx_word' id='word_1_65' title='bbox 1456 804 1565 859; x_wconf 78' lang='lat' dir='ltr'><strong>ratirvn&#39;e</strong></span> <span class='ocrx_word' id='word_1_66' title='bbox 1580 806 1685 876; x_wconf 82' lang='lat' dir='ltr'><strong>pusilli.</strong></span> 
     </span>
    </p>

    <p class='ocr_par' dir='ltr' id='par_1_7' title="bbox 230 891 1793 967">
     <span class='ocr_line' id='line_1_7' title="bbox 230 891 1793 967; baseline -0.001 -17"><span class='ocrx_word' id='word_1_67' title='bbox 230 895 359 950; x_wconf 78' lang='lat' dir='ltr'><strong>Mortuus</strong></span> <span class='ocrx_word' id='word_1_68' title='bbox 373 899 416 948; x_wconf 90' lang='lat' dir='ltr'><strong>cst</strong></span> <span class='ocrx_word' id='word_1_69' title='bbox 430 893 535 947; x_wconf 89' lang='lat' dir='ltr'><strong>mundo</strong></span> <span class='ocrx_word' id='word_1_70' title='bbox 549 892 674 946; x_wconf 91' lang='lat' dir='ltr'><strong>victurus</strong></span> <span class='ocrx_word' id='word_1_71' title='bbox 684 897 781 962; x_wconf 85' lang='lat' dir='ltr'><strong>postea</strong></span> <span class='ocrx_word' id='word_1_72' title='bbox 796 891 917 960; x_wconf 87' lang='lat' dir='ltr'><strong>Christo,</strong></span> <span class='ocrx_word' id='word_1_73' title='bbox 1067 894 1247 964; x_wconf 83' lang='lat' dir='ltr'><strong>Letholagus,</strong></span> <span class='ocrx_word' id='word_1_74' title='bbox 1264 905 1371 964; x_wconf 87' lang='lat' dir='ltr'><strong>cyrces,</strong></span> <span class='ocrx_word' id='word_1_75' title='bbox 1383 899 1453 948; x_wconf 83' lang='lat' dir='ltr'><strong>sunt</strong></span> <span class='ocrx_word' id='word_1_76' title='bbox 1466 895 1676 948; x_wconf 81' lang='lat' dir='ltr'><strong>acroceramina</strong></span> <span class='ocrx_word' id='word_1_77' title='bbox 1689 899 1793 967; x_wconf 57' lang='grc' dir='ltr'><strong>εγω</strong></span> 
     </span>
    </p>

    <p class='ocr_par' dir='ltr' id='par_1_8' title="bbox 231 980 1797 1053">
     <span class='ocr_line' id='line_1_8' title="bbox 231 980 1797 1053; baseline 0 -16"><span class='ocrx_word' id='word_1_78' title='bbox 231 981 382 1037; x_wconf 79' lang='lat' dir='ltr'><strong>Praesentis</strong></span> <span class='ocrx_word' id='word_1_79' title='bbox 397 982 460 1036; x_wconf 84' lang='lat' dir='ltr'><strong>vitae</strong></span> <span class='ocrx_word' id='word_1_80' title='bbox 470 997 583 1036; x_wconf 89' lang='lat' dir='ltr'><strong>cursum</strong></span> <span class='ocrx_word' id='word_1_81' title='bbox 599 981 716 1037; x_wconf 80' lang='lat' dir='ltr'><strong>feliciter</strong></span> <span class='ocrx_word' id='word_1_82' title='bbox 726 980 897 1046; x_wconf 71' lang='lat' dir='ltr'><strong>terminavit,</strong></span> <span class='ocrx_word' id='word_1_83' title='bbox 1070 982 1181 1038; x_wconf 89' lang='lat' dir='ltr'><strong>Sirenes</strong></span> <span class='ocrx_word' id='word_1_84' title='bbox 1197 989 1241 1037; x_wconf 86' lang='lat' dir='ltr'><strong>est</strong></span> <span class='ocrx_word' id='word_1_85' title='bbox 1253 992 1373 1053; x_wconf 83' lang='lat' dir='ltr'><strong>cumque</strong></span> <span class='ocrx_word' id='word_1_86' title='bbox 1387 982 1544 1038; x_wconf 78' lang='lat' dir='ltr'><strong>ceramina.</strong></span> <span class='ocrx_word' id='word_1_87' title='bbox 1558 983 1648 1044; x_wconf 85' lang='lat' dir='ltr'><strong>scilla,</strong></span> <span class='ocrx_word' id='word_1_88' title='bbox 1662 983 1797 1039; x_wconf 71' lang='lat' dir='ltr'><strong>caribdis.</strong></span> 
     </span>
    </p>

    <p class='ocr_par' dir='ltr' id='par_1_9' title="bbox 231 1069 1765 1142">
     <span class='ocr_line' id='line_1_9' title="bbox 231 1069 1765 1142; baseline -0.001 -14"><span class='ocrx_word' id='word_1_89' title='bbox 231 1071 272 1128; x_wconf 89' lang='lat' dir='ltr'><strong>De</strong></span> <span class='ocrx_word' id='word_1_90' title='bbox 286 1087 419 1142; x_wconf 89' lang='lat' dir='ltr'><strong>corporeo</strong></span> <span class='ocrx_word' id='word_1_91' title='bbox 432 1071 548 1142; x_wconf 89' lang='lat' dir='ltr'><strong>spiritus</strong></span> <span class='ocrx_word' id='word_1_92' title='bbox 562 1087 592 1125; x_wconf 92' lang='lat' dir='ltr'><strong>se</strong></span> <span class='ocrx_word' id='word_1_93' title='bbox 606 1069 742 1125; x_wconf 85' lang='lat' dir='ltr'><strong>relaxavit</strong></span> <span class='ocrx_word' id='word_1_94' title='bbox 756 1071 908 1141; x_wconf 86' lang='lat' dir='ltr'><strong>ergastulo.</strong></span> <span class='ocrx_word' id='word_1_95' title='bbox 1069 1073 1205 1127; x_wconf 86' lang='lat' dir='ltr'><strong>Fluminis</strong></span> <span class='ocrx_word' id='word_1_96' title='bbox 1220 1079 1264 1127; x_wconf 88' lang='lat' dir='ltr'><strong>est</strong></span> <span class='ocrx_word' id='word_1_97' title='bbox 1277 1078 1382 1134; x_wconf 79' lang='lat' dir='ltr'><strong>vortex,</strong></span> <span class='ocrx_word' id='word_1_98' title='bbox 1398 1072 1477 1142; x_wconf 82' lang='lat' dir='ltr'><strong>penti</strong></span> <span class='ocrx_word' id='word_1_99' title='bbox 1490 1073 1536 1126; x_wconf 91' lang='lat' dir='ltr'><strong>dic</strong></span> <span class='ocrx_word' id='word_1_100' title='bbox 1546 1089 1607 1128; x_wconf 85' lang='lat' dir='ltr'><strong>esse</strong></span> <span class='ocrx_word' id='word_1_101' title='bbox 1616 1073 1765 1128; x_wconf 60' lang='lat' dir='ltr'><strong>‘caribdim</strong></span> 
     </span>
    </p>

    <p class='ocr_par' dir='ltr' id='par_1_10' title="bbox 232 1160 1788 1234">
     <span class='ocr_line' id='line_1_10' title="bbox 232 1160 1788 1234; baseline 0.001 -18"><span class='ocrx_word' id='word_1_102' title='bbox 232 1161 337 1228; x_wconf 82' lang='lat' dir='ltr'><strong>Funus,</strong></span> <span class='ocrx_word' id='word_1_103' title='bbox 350 1165 378 1215; x_wconf 90' lang='lat' dir='ltr'><strong>et</strong></span> <span class='ocrx_word' id='word_1_104' title='bbox 392 1160 518 1223; x_wconf 85' lang='lat' dir='ltr'><strong>exitium,</strong></span> <span class='ocrx_word' id='word_1_105' title='bbox 536 1161 633 1224; x_wconf 89' lang='lat' dir='ltr'><strong>letum,</strong></span> <span class='ocrx_word' id='word_1_106' title='bbox 649 1176 735 1222; x_wconf 88' lang='lat' dir='ltr'><strong>mors,</strong></span> <span class='ocrx_word' id='word_1_107' title='bbox 750 1160 957 1231; x_wconf 83' lang='lat' dir='ltr'><strong>excidiumque,</strong></span> <span class='ocrx_word' id='word_1_108' title='bbox 1069 1162 1164 1222; x_wconf 91' lang='lat' dir='ltr'><strong>Pellis,</strong></span> <span class='ocrx_word' id='word_1_109' title='bbox 1180 1162 1317 1232; x_wconf 87' lang='lat' dir='ltr'><strong>pellicula,</strong></span> <span class='ocrx_word' id='word_1_110' title='bbox 1334 1161 1417 1226; x_wconf 90' lang='lat' dir='ltr'><strong>cutis,</strong></span> <span class='ocrx_word' id='word_1_111' title='bbox 1432 1168 1517 1233; x_wconf 85' lang='lat' dir='ltr'><strong>atquc</strong></span> <span class='ocrx_word' id='word_1_112' title='bbox 1531 1162 1663 1228; x_wconf 85' lang='lat' dir='ltr'><strong>cuticula,</strong></span> <span class='ocrx_word' id='word_1_113' title='bbox 1679 1170 1788 1234; x_wconf 62' lang='lat' dir='ltr'><strong>targosa</strong></span> 
     </span>
    </p>

    <p class='ocr_par' dir='ltr' id='par_1_11' title="bbox 231 1248 1757 1322">
     <span class='ocr_line' id='line_1_11' title="bbox 231 1248 1757 1322; baseline 0 -17"><span class='ocrx_word' id='word_1_114' title='bbox 231 1250 312 1305; x_wconf 86' lang='lat' dir='ltr'><strong>Adde</strong></span> <span class='ocrx_word' id='word_1_115' title='bbox 326 1265 433 1316; x_wconf 86' lang='lat' dir='ltr'><strong>necem,</strong></span> <span class='ocrx_word' id='word_1_116' title='bbox 449 1250 492 1304; x_wconf 90' lang='lat' dir='ltr'><strong>vel</strong></span> <span class='ocrx_word' id='word_1_117' title='bbox 507 1249 671 1322; x_wconf 86' lang='lat' dir='ltr'><strong>perniciem,</strong></span> <span class='ocrx_word' id='word_1_118' title='bbox 682 1248 767 1302; x_wconf 90' lang='lat' dir='ltr'><strong>simul</strong></span> <span class='ocrx_word' id='word_1_119' title='bbox 782 1253 810 1303; x_wconf 93' lang='lat' dir='ltr'><strong>et</strong></span> <span class='ocrx_word' id='word_1_120' title='bbox 824 1248 973 1312; x_wconf 87' lang='lat' dir='ltr'><strong>libitinam,</strong></span> <span class='ocrx_word' id='word_1_121' title='bbox 1070 1251 1119 1306; x_wconf 88' lang='lat' dir='ltr'><strong>Est</strong></span> <span class='ocrx_word' id='word_1_122' title='bbox 1132 1267 1195 1304; x_wconf 87' lang='lat' dir='ltr'><strong>cum</strong></span> <span class='ocrx_word' id='word_1_123' title='bbox 1211 1267 1294 1304; x_wconf 84' lang='lat' dir='ltr'><strong>carne</strong></span> <span class='ocrx_word' id='word_1_124' title='bbox 1308 1256 1386 1305; x_wconf 89' lang='lat' dir='ltr'><strong>caret</strong></span> <span class='ocrx_word' id='word_1_125' title='bbox 1400 1257 1490 1314; x_wconf 80' lang='lat' dir='ltr'><strong>cartu,</strong></span> <span class='ocrx_word' id='word_1_126' title='bbox 1504 1251 1578 1304; x_wconf 87' lang='lat' dir='ltr'><strong>cutis</strong></span> <span class='ocrx_word' id='word_1_127' title='bbox 1589 1251 1757 1306; x_wconf 76' lang='lat' dir='ltr'><strong>associatur.</strong></span> 
     </span>
    </p>

    <p class='ocr_par' dir='ltr' id='par_1_12' title="bbox 233 1337 1806 1411">
     <span class='ocr_line' id='line_1_12' title="bbox 233 1337 1806 1411; baseline 0.001 -18"><span class='ocrx_word' id='word_1_128' title='bbox 233 1339 284 1394; x_wconf 90' lang='lat' dir='ltr'><strong>His</strong></span> <span class='ocrx_word' id='word_1_129' title='bbox 294 1338 413 1402; x_wconf 89' lang='lat' dir='ltr'><strong>obitum,</strong></span> <span class='ocrx_word' id='word_1_130' title='bbox 428 1338 513 1392; x_wconf 91' lang='lat' dir='ltr'><strong>simul</strong></span> <span class='ocrx_word' id='word_1_131' title='bbox 525 1337 680 1403; x_wconf 81' lang='lat' dir='ltr'><strong>interitum,</strong></span> <span class='ocrx_word' id='word_1_132' title='bbox 694 1337 858 1408; x_wconf 81' lang='lat' dir='ltr'><strong>¹conjungito</strong></span> <span class='ocrx_word' id='word_1_133' title='bbox 873 1337 974 1404; x_wconf 82' lang='lat' dir='ltr'><strong>fatum,</strong></span> <span class='ocrx_word' id='word_1_134' title='bbox 1070 1339 1121 1394; x_wconf 84' lang='lat' dir='ltr'><strong>Est</strong></span> <span class='ocrx_word' id='word_1_135' title='bbox 1133 1355 1198 1392; x_wconf 88' lang='lat' dir='ltr'><strong>caro</strong></span> <span class='ocrx_word' id='word_1_136' title='bbox 1213 1356 1276 1392; x_wconf 86' lang='lat' dir='ltr'><strong>curn</strong></span> <span class='ocrx_word' id='word_1_137' title='bbox 1291 1355 1373 1393; x_wconf 93' lang='lat' dir='ltr'><strong>coreo</strong></span> <span class='ocrx_word' id='word_1_138' title='bbox 1386 1344 1508 1408; x_wconf 85' lang='lat' dir='ltr'><strong>tergum.</strong></span> <span class='ocrx_word' id='word_1_139' title='bbox 1522 1338 1574 1393; x_wconf 90' lang='lat' dir='ltr'><strong>tibi</strong></span> <span class='ocrx_word' id='word_1_140' title='bbox 1586 1345 1699 1410; x_wconf 89' lang='lat' dir='ltr'><strong>tergora</strong></span> <span class='ocrx_word' id='word_1_141' title='bbox 1710 1340 1806 1411; x_wconf 85' lang='lat' dir='ltr'><strong>pellis.</strong></span> 
     </span>
    </p>

    <p class='ocr_par' dir='ltr' id='par_1_13' title="bbox 233 1426 1786 1498">
     <span class='ocr_line' id='line_1_13' title="bbox 233 1426 1786 1498; baseline 0 -16"><span class='ocrx_word' id='word_1_142' title='bbox 233 1428 301 1494; x_wconf 77' lang='lat' dir='ltr'><strong>Quas</strong></span> <span class='ocrx_word' id='word_1_143' title='bbox 317 1428 352 1482; x_wconf 90' lang='lat' dir='ltr'><strong>de</strong></span> <span class='ocrx_word' id='word_1_144' title='bbox 367 1426 484 1481; x_wconf 89' lang='lat' dir='ltr'><strong>mininie</strong></span> <span class='ocrx_word' id='word_1_145' title='bbox 497 1426 591 1490; x_wconf 86' lang='lat' dir='ltr'><strong>libeat,</strong></span> <span class='ocrx_word' id='word_1_146' title='bbox 608 1426 647 1480; x_wconf 86' lang='lat' dir='ltr'><strong>sic</strong></span> <span class='ocrx_word' id='word_1_147' title='bbox 660 1431 704 1481; x_wconf 89' lang='lat' dir='ltr'><strong>est</strong></span> <span class='ocrx_word' id='word_1_148' title='bbox 717 1427 827 1480; x_wconf 82' lang='lat' dir='ltr'><strong>libitina</strong></span> <span class='ocrx_word' id='word_1_149' title='bbox 842 1431 948 1491; x_wconf 90' lang='lat' dir='ltr'><strong>vocata,</strong></span> <span class='ocrx_word' id='word_1_150' title='bbox 1070 1427 1193 1488; x_wconf 87' lang='lat' dir='ltr'><strong>Priscus,</strong></span> <span class='ocrx_word' id='word_1_151' title='bbox 1210 1433 1238 1481; x_wconf 84' lang='lat' dir='ltr'><strong>et</strong></span> <span class='ocrx_word' id='word_1_152' title='bbox 1250 1430 1393 1498; x_wconf 89' lang='lat' dir='ltr'><strong>antiquus,</strong></span> <span class='ocrx_word' id='word_1_153' title='bbox 1408 1443 1542 1488; x_wconf 87' lang='lat' dir='ltr'><strong>annosus,</strong></span> <span class='ocrx_word' id='word_1_154' title='bbox 1561 1433 1590 1480; x_wconf 87' lang='lat' dir='ltr'><strong>et</strong></span> <span class='ocrx_word' id='word_1_155' title='bbox 1602 1427 1786 1489; x_wconf 84' lang='lat' dir='ltr'><strong>inveteratus.</strong></span> 
     </span>
    </p>

    <p class='ocr_par' dir='ltr' id='par_1_14' title="bbox 234 1497 1834 1587">
     <span class='ocr_line' id='line_1_14' title="bbox 234 1497 1834 1587; baseline 0.001 -16"><span class='ocrx_word' id='word_1_156' title='bbox 234 1497 285 1572; x_wconf 81' lang='lat' dir='ltr'><strong>tiis</strong></span> <span class='ocrx_word' id='word_1_157' title='bbox 299 1515 506 1580; x_wconf 81' lang='lat' dir='ltr'><strong>exterminium,</strong></span> <span class='ocrx_word' id='word_1_158' title='bbox 523 1515 606 1569; x_wconf 89' lang='lat' dir='ltr'><strong>simul</strong></span> <span class='ocrx_word' id='word_1_159' title='bbox 622 1532 749 1569; x_wconf 89' lang='lat' dir='ltr'><strong>occasum</strong></span> <span class='ocrx_word' id='word_1_160' title='bbox 763 1515 886 1569; x_wconf 89' lang='lat' dir='ltr'><strong>socieris·</strong></span> <span class='ocrx_word' id='word_1_161' title='bbox 1071 1516 1246 1587; x_wconf 88' lang='lat' dir='ltr'><strong>Decrepitus,</strong></span> <span class='ocrx_word' id='word_1_162' title='bbox 1267 1517 1386 1578; x_wconf 76' lang='lat' dir='ltr'><strong>vetulus</strong></span> <span class='ocrx_word' id='word_1_163' title='bbox 1404 1523 1494 1580; x_wconf 90' lang='lat' dir='ltr'><strong>vetus,</strong></span> <span class='ocrx_word' id='word_1_164' title='bbox 1509 1515 1709 1587; x_wconf 80' lang='lat' dir='ltr'><strong>emeritusque,</strong></span> <span class='ocrx_word' id='word_1_165' title='bbox 1724 1516 1834 1585; x_wconf 77' lang='lat' dir='ltr'><strong>senilis,</strong></span> 
     </span>
    </p>

    <p class='ocr_par' dir='ltr' id='par_1_15' title="bbox 235 1602 1854 1676">
     <span class='ocr_line' id='line_1_15' title="bbox 235 1602 1854 1676; baseline -0.001 -16"><span class='ocrx_word' id='word_1_166' title='bbox 235 1606 285 1660; x_wconf 89' lang='lat' dir='ltr'><strong>Est</strong></span> <span class='ocrx_word' id='word_1_167' title='bbox 297 1605 392 1670; x_wconf 78' lang='lat' dir='ltr'><strong>linter,</strong></span> <span class='ocrx_word' id='word_1_168' title='bbox 409 1603 527 1666; x_wconf 85' lang='lat' dir='ltr'><strong>lembus,</strong></span> <span class='ocrx_word' id='word_1_169' title='bbox 551 1604 664 1674; x_wconf 84' lang='lat' dir='ltr'><strong>scapha,</strong></span> <span class='ocrx_word' id='word_1_170' title='bbox 680 1621 772 1674; x_wconf 89' lang='lat' dir='ltr'><strong>prora,</strong></span> <span class='ocrx_word' id='word_1_171' title='bbox 789 1603 910 1669; x_wconf 89' lang='lat' dir='ltr'><strong>liburna,</strong></span> <span class='ocrx_word' id='word_1_172' title='bbox 926 1602 1029 1658; x_wconf 75' lang='lat' dir='ltr'><strong>faselus</strong></span> <span class='ocrx_word' id='word_1_173' title='bbox 1071 1607 1224 1676; x_wconf 68' lang='lat' dir='ltr'><strong>longaevus</strong></span> <span class='ocrx_word' id='word_1_174' title='bbox 1239 1607 1271 1658; x_wconf 85' lang='lat' dir='ltr'><strong>ht</strong></span> <span class='ocrx_word' id='word_1_175' title='bbox 1285 1605 1314 1658; x_wconf 93' lang='lat' dir='ltr'><strong>in</strong></span> <span class='ocrx_word' id='word_1_176' title='bbox 1331 1605 1383 1666; x_wconf 94' lang='lat' dir='ltr'><strong>his,</strong></span> <span class='ocrx_word' id='word_1_177' title='bbox 1404 1605 1444 1658; x_wconf 90' lang='lat' dir='ltr'><strong>sic</strong></span> <span class='ocrx_word' id='word_1_178' title='bbox 1458 1605 1604 1675; x_wconf 89' lang='lat' dir='ltr'><strong>pristinus,</strong></span> <span class='ocrx_word' id='word_1_179' title='bbox 1622 1611 1707 1676; x_wconf 89' lang='lat' dir='ltr'><strong>atque</strong></span> <span class='ocrx_word' id='word_1_180' title='bbox 1721 1611 1854 1660; x_wconf 89' lang='lat' dir='ltr'><strong>metreta.</strong></span> 
     </span>
    </p>

    <p class='ocr_par' dir='ltr' id='par_1_16' title="bbox 234 1693 1874 1766">
     <span class='ocr_line' id='line_1_16' title="bbox 234 1693 1874 1766; baseline -0.001 -15"><span class='ocrx_word' id='word_1_181' title='bbox 234 1695 329 1756; x_wconf 86' lang='lat' dir='ltr'><strong>Navis,</strong></span> <span class='ocrx_word' id='word_1_182' title='bbox 344 1693 481 1754; x_wconf 88' lang='lat' dir='ltr'><strong>navicula,</strong></span> <span class='ocrx_word' id='word_1_183' title='bbox 498 1693 610 1764; x_wconf 81' lang='lat' dir='ltr'><strong>puppis,</strong></span> <span class='ocrx_word' id='word_1_184' title='bbox 627 1693 705 1748; x_wconf 83' lang='lat' dir='ltr'><strong>retis.</strong></span> <span class='ocrx_word' id='word_1_185' title='bbox 722 1700 808 1764; x_wconf 88' lang='lat' dir='ltr'><strong>atque</strong></span> <span class='ocrx_word' id='word_1_186' title='bbox 820 1693 915 1748; x_wconf 88' lang='lat' dir='ltr'><strong>carina</strong></span> <span class='ocrx_word' id='word_1_187' title='bbox 1073 1696 1182 1766; x_wconf 89' lang='lat' dir='ltr'><strong>Segnis,</strong></span> <span class='ocrx_word' id='word_1_188' title='bbox 1198 1695 1340 1765; x_wconf 78' lang='lat' dir='ltr'><strong>inersque,</strong></span> <span class='ocrx_word' id='word_1_189' title='bbox 1357 1706 1444 1758; x_wconf 89' lang='lat' dir='ltr'><strong>reses,</strong></span> <span class='ocrx_word' id='word_1_190' title='bbox 1461 1695 1550 1765; x_wconf 79' lang='lat' dir='ltr'><strong>piger,</strong></span> <span class='ocrx_word' id='word_1_191' title='bbox 1570 1695 1687 1764; x_wconf 81' lang='lat' dir='ltr'><strong>ignarus</strong></span> <span class='ocrx_word' id='word_1_192' title='bbox 1700 1695 1874 1766; x_wconf 77' lang='lat' dir='ltr'><strong>quoquede-</strong></span> 
     </span>
    </p>

    <p class='ocr_par' dir='ltr' id='par_1_17' title="bbox 234 1768 1873 1856">
     <span class='ocr_line' id='line_1_17' title="bbox 234 1768 1873 1856; baseline -0.001 -17"><span class='ocrx_word' id='word_1_193' title='bbox 234 1784 284 1840; x_wconf 79' lang='lat' dir='ltr'><strong>Elst</strong></span> <span class='ocrx_word' id='word_1_194' title='bbox 297 1800 360 1838; x_wconf 86' lang='lat' dir='ltr'><strong>uum</strong></span> <span class='ocrx_word' id='word_1_195' title='bbox 377 1783 475 1846; x_wconf 79' lang='lat' dir='ltr'><strong>classe,</strong></span> <span class='ocrx_word' id='word_1_196' title='bbox 491 1782 601 1847; x_wconf 89' lang='lat' dir='ltr'><strong>sclaria,</strong></span> <span class='ocrx_word' id='word_1_197' title='bbox 622 1768 664 1836; x_wconf 89' lang='lat' dir='ltr'><strong>vel</strong></span> <span class='ocrx_word' id='word_1_198' title='bbox 680 1783 822 1846; x_wconf 88' lang='lat' dir='ltr'><strong>mortaria,</strong></span> <span class='ocrx_word' id='word_1_199' title='bbox 834 1783 943 1847; x_wconf 84' lang='lat' dir='ltr'><strong>chelox,</strong></span> <span class='ocrx_word' id='word_1_200' title='bbox 1041 1769 1064 1828; x_wconf 89' lang='grc' dir='ltr'>Β</span> <span class='ocrx_word' id='word_1_201' title='bbox 1799 1781 1873 1856; x_wconf 62' lang='lat' dir='ltr'><strong>[ses</strong></span> 
     </span>
    </p>

    <p class='ocr_par' dir='ltr' id='par_1_18' title="bbox 235 1870 1875 1946">
     <span class='ocr_line' id='line_1_18' title="bbox 235 1870 1875 1946; baseline 0 -18"><span class='ocrx_word' id='word_1_202' title='bbox 235 1873 344 1934; x_wconf 85' lang='lat' dir='ltr'><strong>Gimba,</strong></span> <span class='ocrx_word' id='word_1_203' title='bbox 360 1871 477 1925; x_wconf 85' lang='lat' dir='ltr'><strong>biremis</strong></span> <span class='ocrx_word' id='word_1_204' title='bbox 492 1871 532 1925; x_wconf 91' lang='lat' dir='ltr'><strong>eis</strong></span> <span class='ocrx_word' id='word_1_205' title='bbox 543 1871 724 1941; x_wconf 86' lang='lat' dir='ltr'><strong>conjungitur</strong></span> <span class='ocrx_word' id='word_1_206' title='bbox 749 1877 833 1942; x_wconf 87' lang='lat' dir='ltr'><strong>atque</strong></span> <span class='ocrx_word' id='word_1_207' title='bbox 847 1870 984 1926; x_wconf 84' lang='lat' dir='ltr'><strong>triremis.</strong></span> <span class='ocrx_word' id='word_1_208' title='bbox 1072 1873 1221 1946; x_wconf 86' lang='lat' dir='ltr'><strong>Turpidus,</strong></span> <span class='ocrx_word' id='word_1_209' title='bbox 1242 1877 1271 1928; x_wconf 90' lang='lat' dir='ltr'><strong>et</strong></span> <span class='ocrx_word' id='word_1_210' title='bbox 1291 1872 1412 1944; x_wconf 87' lang='lat' dir='ltr'><strong>tepidus,</strong></span> <span class='ocrx_word' id='word_1_211' title='bbox 1432 1887 1554 1939; x_wconf 79' lang='lat' dir='ltr'><strong>cessans,</strong></span> <span class='ocrx_word' id='word_1_212' title='bbox 1576 1878 1756 1945; x_wconf 71' lang='lat' dir='ltr'><strong>torpensque,</strong></span> <span class='ocrx_word' id='word_1_213' title='bbox 1772 1873 1875 1928; x_wconf 68' lang='lat' dir='ltr'><strong>murts</strong></span> 
     </span>
    </p>

    <p class='ocr_par' dir='ltr' id='par_1_19' title="bbox 236 1958 1875 2124">
     <span class='ocr_line' id='line_1_19' title="bbox 236 1958 1875 2036; baseline -0.002 -19"><span class='ocrx_word' id='word_1_214' title='bbox 236 1963 327 2028; x_wconf 84' lang='lat' dir='ltr'><strong>Quam</strong></span> <span class='ocrx_word' id='word_1_215' title='bbox 339 1961 413 2032; x_wconf 87' lang='lat' dir='ltr'><strong>regit</strong></span> <span class='ocrx_word' id='word_1_216' title='bbox 432 1959 502 2015; x_wconf 84' lang='lat' dir='ltr'><strong>ordo</strong></span> <span class='ocrx_word' id='word_1_217' title='bbox 524 1961 624 2030; x_wconf 84' lang='lat' dir='ltr'><strong>triplex</strong></span> <span class='ocrx_word' id='word_1_218' title='bbox 647 1961 719 2016; x_wconf 87' lang='lat' dir='ltr'><strong>hanc</strong></span> <span class='ocrx_word' id='word_1_219' title='bbox 741 1960 860 2015; x_wconf 88' lang='lat' dir='ltr'><strong>dicimus</strong></span> <span class='ocrx_word' id='word_1_220' title='bbox 875 1972 935 2014; x_wconf 85' lang='lat' dir='ltr'><strong>esse</strong></span> <span class='ocrx_word' id='word_1_221' title='bbox 948 1958 1032 2014; x_wconf 89' lang='lat' dir='ltr'><strong>trire-</strong></span> <span class='ocrx_word' id='word_1_222' title='bbox 1533 2029 1537 2036; x_wconf 22' lang='grc'>1</span> <span class='ocrx_word' id='word_1_223' title='bbox 1796 1959 1875 2034; x_wconf 72' lang='lat' dir='ltr'><strong>leus,</strong></span> 
     </span>
     <span class='ocr_line' id='line_1_20' title="bbox 917 2050 1701 2124; baseline 0.003 -20"><span class='ocrx_word' id='word_1_224' title='bbox 917 2050 1014 2121; x_wconf 88' lang='lat' dir='ltr'><strong>[mem.</strong></span> <span class='ocrx_word' id='word_1_225' title='bbox 1074 2053 1143 2124; x_wconf 86' lang='lat' dir='ltr'><strong>Igne</strong></span> <span class='ocrx_word' id='word_1_226' title='bbox 1157 2053 1245 2106; x_wconf 79' lang='lat' dir='ltr'><strong>animi</strong></span> <span class='ocrx_word' id='word_1_227' title='bbox 1259 2065 1372 2116; x_wconf 88' lang='lat' dir='ltr'><strong>vacuus,</strong></span> <span class='ocrx_word' id='word_1_228' title='bbox 1385 2051 1503 2122; x_wconf 89' lang='lat' dir='ltr'><strong>ignavus</strong></span> <span class='ocrx_word' id='word_1_229' title='bbox 1515 2051 1617 2106; x_wconf 88' lang='lat' dir='ltr'><strong>dicitur</strong></span> <span class='ocrx_word' id='word_1_230' title='bbox 1630 2067 1701 2116; x_wconf 85' lang='lat' dir='ltr'><strong>esse,</strong></span> 
     </span>
    </p>

    <p class='ocr_par' dir='ltr' id='par_1_20' title="bbox 237 2139 1730 2210">
     <span class='ocr_line' id='line_1_21' title="bbox 237 2139 1730 2210; baseline -0.002 -13"><span class='ocrx_word' id='word_1_231' title='bbox 237 2143 383 2206; x_wconf 84' lang='lat' dir='ltr'><strong>Strenuus,</strong></span> <span class='ocrx_word' id='word_1_232' title='bbox 395 2140 545 2210; x_wconf 81' lang='lat' dir='ltr'><strong>ingenuus,</strong></span> <span class='ocrx_word' id='word_1_233' title='bbox 560 2139 688 2204; x_wconf 87' lang='lat' dir='ltr'><strong>illustris,</strong></span> <span class='ocrx_word' id='word_1_234' title='bbox 706 2140 749 2194; x_wconf 88' lang='lat' dir='ltr'><strong>vel</strong></span> <span class='ocrx_word' id='word_1_235' title='bbox 762 2152 926 2210; x_wconf 84' lang='lat' dir='ltr'><strong>generosus,</strong></span> <span class='ocrx_word' id='word_1_236' title='bbox 1076 2141 1217 2196; x_wconf 89' lang='lat' dir='ltr'><strong>Desvescit</strong></span> <span class='ocrx_word' id='word_1_237' title='bbox 1231 2142 1321 2204; x_wconf 86' lang='lat' dir='ltr'><strong>deses,</strong></span> <span class='ocrx_word' id='word_1_238' title='bbox 1338 2147 1365 2195; x_wconf 88' lang='lat' dir='ltr'><strong>et</strong></span> <span class='ocrx_word' id='word_1_239' title='bbox 1380 2142 1455 2194; x_wconf 86' lang='lat' dir='ltr'><strong>iners</strong></span> <span class='ocrx_word' id='word_1_240' title='bbox 1470 2141 1642 2196; x_wconf 86' lang='lat' dir='ltr'><strong>dormitatio</strong></span> <span class='ocrx_word' id='word_1_241' title='bbox 1657 2145 1730 2204; x_wconf 78' lang='lat' dir='ltr'><strong>arte,</strong></span> 
     </span>
    </p>

    <p class='ocr_par' dir='ltr' id='par_1_21' title="bbox 237 2229 1786 2302">
     <span class='ocr_line' id='line_1_22' title="bbox 237 2229 1786 2302; baseline -0.002 -16"><span class='ocrx_word' id='word_1_242' title='bbox 237 2229 371 2299; x_wconf 81' lang='lat' dir='ltr'><strong>Insignis,</strong></span> <span class='ocrx_word' id='word_1_243' title='bbox 392 2229 552 2299; x_wconf 74' lang='lat' dir='ltr'><strong>praeclarus,</strong></span> <span class='ocrx_word' id='word_1_244' title='bbox 570 2233 599 2282; x_wconf 88' lang='lat' dir='ltr'><strong>et</strong></span> <span class='ocrx_word' id='word_1_245' title='bbox 613 2229 744 2298; x_wconf 79' lang='lat' dir='ltr'><strong>inclytus,</strong></span> <span class='ocrx_word' id='word_1_246' title='bbox 760 2229 956 2299; x_wconf 80' lang='lat' dir='ltr'><strong>egregiusque,</strong></span> <span class='ocrx_word' id='word_1_247' title='bbox 1076 2233 1144 2302; x_wconf 86' lang='lat' dir='ltr'><strong>Igne</strong></span> <span class='ocrx_word' id='word_1_248' title='bbox 1159 2233 1218 2285; x_wconf 89' lang='lat' dir='ltr'><strong>sine</strong></span> <span class='ocrx_word' id='word_1_249' title='bbox 1237 2237 1281 2285; x_wconf 89' lang='lat' dir='ltr'><strong>est</strong></span> <span class='ocrx_word' id='word_1_250' title='bbox 1295 2230 1398 2300; x_wconf 81' lang='lat' dir='ltr'><strong>segnis,</strong></span> <span class='ocrx_word' id='word_1_251' title='bbox 1413 2230 1517 2284; x_wconf 80' lang='lat' dir='ltr'><strong>resides</strong></span> <span class='ocrx_word' id='word_1_252' title='bbox 1529 2246 1593 2284; x_wconf 88' lang='lat' dir='ltr'><strong>reor</strong></span> <span class='ocrx_word' id='word_1_253' title='bbox 1606 2229 1786 2284; x_wconf 79' lang='lat' dir='ltr'><strong>aresidendo</strong></span> 
     </span>
    </p>

    <p class='ocr_par' dir='ltr' id='par_1_22' title="bbox 237 2317 1818 2390">
     <span class='ocr_line' id='line_1_23' title="bbox 237 2317 1818 2390; baseline -0.001 -16"><span class='ocrx_word' id='word_1_254' title='bbox 237 2319 304 2375; x_wconf 88' lang='lat' dir='ltr'><strong>Istis</strong></span> <span class='ocrx_word' id='word_1_255' title='bbox 317 2324 461 2390; x_wconf 89' lang='lat' dir='ltr'><strong>patronus,</strong></span> <span class='ocrx_word' id='word_1_256' title='bbox 478 2317 633 2388; x_wconf 75' lang='lat' dir='ltr'><strong>prasignis,</strong></span> <span class='ocrx_word' id='word_1_257' title='bbox 650 2317 751 2371; x_wconf 86' lang='lat' dir='ltr'><strong>nobilis</strong></span> <span class='ocrx_word' id='word_1_258' title='bbox 765 2318 862 2372; x_wconf 83' lang='lat' dir='ltr'><strong>assint.</strong></span> <span class='ocrx_word' id='word_1_259' title='bbox 1076 2321 1180 2384; x_wconf 87' lang='lat' dir='ltr'><strong>Dictus,</strong></span> <span class='ocrx_word' id='word_1_260' title='bbox 1195 2319 1243 2374; x_wconf 88' lang='lat' dir='ltr'><strong>sed</strong></span> <span class='ocrx_word' id='word_1_261' title='bbox 1258 2320 1354 2390; x_wconf 84' lang='lat' dir='ltr'><strong>pigros</strong></span> <span class='ocrx_word' id='word_1_262' title='bbox 1371 2319 1488 2389; x_wconf 86' lang='lat' dir='ltr'><strong>pedibus</strong></span> <span class='ocrx_word' id='word_1_263' title='bbox 1503 2335 1572 2389; x_wconf 88' lang='lat' dir='ltr'><strong>quos</strong></span> <span class='ocrx_word' id='word_1_264' title='bbox 1583 2319 1703 2373; x_wconf 85' lang='lat' dir='ltr'><strong>dicimus</strong></span> <span class='ocrx_word' id='word_1_265' title='bbox 1717 2335 1818 2388; x_wconf 72' lang='lat' dir='ltr'><strong>aegros.</strong></span> 
     </span>
    </p>

    <p class='ocr_par' dir='ltr' id='par_1_23' title="bbox 236 2405 1876 2482">
     <span class='ocr_line' id='line_1_24' title="bbox 236 2405 1876 2482; baseline -0.001 -19"><span class='ocrx_word' id='word_1_266' title='bbox 236 2408 339 2473; x_wconf 87' lang='lat' dir='ltr'><strong>Lucus,</strong></span> <span class='ocrx_word' id='word_1_267' title='bbox 353 2407 432 2472; x_wconf 88' lang='lat' dir='ltr'><strong>silva,</strong></span> <span class='ocrx_word' id='word_1_268' title='bbox 448 2422 548 2460; x_wconf 79' lang='lat' dir='ltr'><strong>uentus</strong></span> <span class='ocrx_word' id='word_1_269' title='bbox 563 2422 660 2472; x_wconf 90' lang='lat' dir='ltr'><strong>unum,</strong></span> <span class='ocrx_word' id='word_1_270' title='bbox 677 2405 826 2476; x_wconf 76' lang='lat' dir='ltr'><strong>virgulata,</strong></span> <span class='ocrx_word' id='word_1_271' title='bbox 844 2407 974 2472; x_wconf 78' lang='lat' dir='ltr'><strong>viretum,</strong></span> <span class='ocrx_word' id='word_1_272' title='bbox 1076 2408 1169 2469; x_wconf 81' lang='lat' dir='ltr'><strong>Libra,</strong></span> <span class='ocrx_word' id='word_1_273' title='bbox 1181 2408 1296 2470; x_wconf 88' lang='lat' dir='ltr'><strong>librans,</strong></span> <span class='ocrx_word' id='word_1_274' title='bbox 1312 2408 1566 2478; x_wconf 74' lang='lat' dir='ltr'><strong>trutinapensum.</strong></span> <span class='ocrx_word' id='word_1_275' title='bbox 1577 2408 1876 2482; x_wconf 69' lang='lat' dir='ltr'><strong>pondusquestateta,</strong></span> 
     </span>
    </p>

    <p class='ocr_par' dir='ltr' id='par_1_24' title="bbox 237 2494 1766 2567">
     <span class='ocr_line' id='line_1_25' title="bbox 237 2494 1766 2567; baseline -0.001 -16"><span class='ocrx_word' id='word_1_276' title='bbox 237 2497 303 2552; x_wconf 89' lang='lat' dir='ltr'><strong>Istis</strong></span> <span class='ocrx_word' id='word_1_277' title='bbox 319 2495 465 2550; x_wconf 86' lang='lat' dir='ltr'><strong>arbustum</strong></span> <span class='ocrx_word' id='word_1_278' title='bbox 476 2495 615 2549; x_wconf 85' lang='lat' dir='ltr'><strong>sociemus</strong></span> <span class='ocrx_word' id='word_1_279' title='bbox 630 2494 666 2548; x_wconf 88' lang='lat' dir='ltr'><strong>ab</strong></span> <span class='ocrx_word' id='word_1_280' title='bbox 684 2495 784 2550; x_wconf 88' lang='lat' dir='ltr'><strong>arbore</strong></span> <span class='ocrx_word' id='word_1_281' title='bbox 798 2495 913 2557; x_wconf 89' lang='lat' dir='ltr'><strong>dictum,</strong></span> <span class='ocrx_word' id='word_1_282' title='bbox 1076 2499 1152 2553; x_wconf 85' lang='lat' dir='ltr'><strong>Lanx</strong></span> <span class='ocrx_word' id='word_1_283' title='bbox 1164 2498 1258 2560; x_wconf 88' lang='lat' dir='ltr'><strong>simul,</strong></span> <span class='ocrx_word' id='word_1_284' title='bbox 1275 2513 1401 2558; x_wconf 83' lang='lat' dir='ltr'><strong>examen,</strong></span> <span class='ocrx_word' id='word_1_285' title='bbox 1416 2497 1470 2552; x_wconf 88' lang='lat' dir='ltr'><strong>erit</strong></span> <span class='ocrx_word' id='word_1_286' title='bbox 1483 2497 1636 2567; x_wconf 82' lang='lat' dir='ltr'><strong>aequilibris</strong></span> <span class='ocrx_word' id='word_1_287' title='bbox 1648 2497 1677 2550; x_wconf 91' lang='lat' dir='ltr'><strong>in</strong></span> <span class='ocrx_word' id='word_1_288' title='bbox 1692 2496 1766 2550; x_wconf 84' lang='lat' dir='ltr'><strong>istis.</strong></span> 
     </span>
    </p>

    <p class='ocr_par' dir='ltr' id='par_1_25' title="bbox 239 2583 1877 2660">
     <span class='ocr_line' id='line_1_26' title="bbox 239 2583 1877 2660; baseline -0.003 -19"><span class='ocrx_word' id='word_1_289' title='bbox 239 2586 375 2642; x_wconf 77' lang='lat' dir='ltr'><strong>Lutarius</strong></span> <span class='ocrx_word' id='word_1_290' title='bbox 389 2585 445 2640; x_wconf 85' lang='lat' dir='ltr'><strong>luci</strong></span> <span class='ocrx_word' id='word_1_291' title='bbox 456 2590 550 2639; x_wconf 87' lang='lat' dir='ltr'><strong>custus</strong></span> <span class='ocrx_word' id='word_1_292' title='bbox 560 2591 613 2646; x_wconf 85' lang='lat' dir='ltr'><strong>est,</strong></span> <span class='ocrx_word' id='word_1_293' title='bbox 629 2583 674 2638; x_wconf 88' lang='lat' dir='ltr'><strong>hic</strong></span> <span class='ocrx_word' id='word_1_294' title='bbox 689 2583 748 2637; x_wconf 90' lang='lat' dir='ltr'><strong>luce</strong></span> <span class='ocrx_word' id='word_1_295' title='bbox 763 2583 883 2637; x_wconf 83' lang='lat' dir='ltr'><strong>lucatur.</strong></span> <span class='ocrx_word' id='word_1_296' title='bbox 1076 2589 1249 2660; x_wconf 82' lang='lat' dir='ltr'><strong>Appensum,</strong></span> <span class='ocrx_word' id='word_1_297' title='bbox 1263 2592 1351 2640; x_wconf 78' lang='lat' dir='ltr'><strong>stater</strong></span> <span class='ocrx_word' id='word_1_298' title='bbox 1360 2593 1409 2640; x_wconf 87' lang='lat' dir='ltr'><strong>est.</strong></span> <span class='ocrx_word' id='word_1_299' title='bbox 1425 2587 1572 2641; x_wconf 82' lang='lat' dir='ltr'><strong>Trutinam</strong></span> <span class='ocrx_word' id='word_1_300' title='bbox 1586 2587 1632 2640; x_wconf 85' lang='lat' dir='ltr'><strong>dic</strong></span> <span class='ocrx_word' id='word_1_301' title='bbox 1646 2602 1709 2640; x_wconf 83' lang='lat' dir='ltr'><strong>esse</strong></span> <span class='ocrx_word' id='word_1_302' title='bbox 1723 2589 1877 2643; x_wconf 69' lang='lat' dir='ltr'><strong>stateram,</strong></span> 
     </span>
    </p>

    <p class='ocr_par' dir='ltr' id='par_1_26' title="bbox 237 2673 1728 2747">
     <span class='ocr_line' id='line_1_27' title="bbox 237 2673 1728 2747; baseline -0.001 -15"><span class='ocrx_word' id='word_1_303' title='bbox 237 2676 326 2732; x_wconf 79' lang='lat' dir='ltr'><strong>Necte</strong></span> <span class='ocrx_word' id='word_1_304' title='bbox 341 2689 450 2738; x_wconf 86' lang='lat' dir='ltr'><strong>narnus,</strong></span> <span class='ocrx_word' id='word_1_305' title='bbox 466 2674 536 2727; x_wconf 85' lang='lat' dir='ltr'><strong>silva</strong></span> <span class='ocrx_word' id='word_1_306' title='bbox 550 2673 628 2738; x_wconf 88' lang='lat' dir='ltr'><strong>sileo,</strong></span> <span class='ocrx_word' id='word_1_307' title='bbox 645 2673 694 2727; x_wconf 90' lang='lat' dir='ltr'><strong>sed</strong></span> <span class='ocrx_word' id='word_1_308' title='bbox 709 2673 787 2726; x_wconf 88' lang='lat' dir='ltr'><strong>luceo</strong></span> <span class='ocrx_word' id='word_1_309' title='bbox 802 2673 893 2726; x_wconf 90' lang='lat' dir='ltr'><strong>lucus.</strong></span> <span class='ocrx_word' id='word_1_310' title='bbox 1077 2677 1202 2730; x_wconf 82' lang='lat' dir='ltr'><strong>Examen</strong></span> <span class='ocrx_word' id='word_1_311' title='bbox 1215 2676 1277 2747; x_wconf 85' lang='lat' dir='ltr'><strong>apis</strong></span> <span class='ocrx_word' id='word_1_312' title='bbox 1289 2681 1345 2742; x_wconf 83' lang='lat' dir='ltr'><strong>est,</strong></span> <span class='ocrx_word' id='word_1_313' title='bbox 1361 2685 1478 2729; x_wconf 81' lang='lat' dir='ltr'><strong>examen</strong></span> <span class='ocrx_word' id='word_1_314' title='bbox 1491 2675 1588 2746; x_wconf 85' lang='lat' dir='ltr'><strong>lingua</strong></span> <span class='ocrx_word' id='word_1_315' title='bbox 1602 2675 1728 2730; x_wconf 85' lang='lat' dir='ltr'><strong>bilancis.</strong></span> 
     </span>
    </p>

    <p class='ocr_par' dir='ltr' id='par_1_27' title="bbox 239 2763 1782 2836">
     <span class='ocr_line' id='line_1_28' title="bbox 239 2763 1782 2836; baseline -0.001 -17"><span class='ocrx_word' id='word_1_316' title='bbox 239 2765 382 2828; x_wconf 81' lang='lat' dir='ltr'><strong>Retracto,</strong></span> <span class='ocrx_word' id='word_1_317' title='bbox 397 2763 497 2823; x_wconf 77' lang='lat' dir='ltr'><strong>resero,</strong></span> <span class='ocrx_word' id='word_1_318' title='bbox 513 2769 542 2816; x_wconf 92' lang='lat' dir='ltr'><strong>et</strong></span> <span class='ocrx_word' id='word_1_319' title='bbox 556 2769 662 2826; x_wconf 83' lang='lat' dir='ltr'><strong>retexo,</strong></span> <span class='ocrx_word' id='word_1_320' title='bbox 678 2778 818 2826; x_wconf 84' lang='lat' dir='ltr'><strong>recenseo,</strong></span> <span class='ocrx_word' id='word_1_321' title='bbox 833 2771 927 2816; x_wconf 86' lang='lat' dir='ltr'><strong>narro.</strong></span> <span class='ocrx_word' id='word_1_322' title='bbox 1077 2766 1174 2828; x_wconf 86' lang='lat' dir='ltr'><strong>Rores,</strong></span> <span class='ocrx_word' id='word_1_323' title='bbox 1195 2772 1224 2820; x_wconf 89' lang='lat' dir='ltr'><strong>et</strong></span> <span class='ocrx_word' id='word_1_324' title='bbox 1236 2765 1345 2836; x_wconf 77' lang='lat' dir='ltr'><strong>pluviae,</strong></span> <span class='ocrx_word' id='word_1_325' title='bbox 1362 2764 1450 2818; x_wconf 88' lang='lat' dir='ltr'><strong>nimbi</strong></span> <span class='ocrx_word' id='word_1_326' title='bbox 1465 2764 1608 2828; x_wconf 87' lang='lat' dir='ltr'><strong>dicuntur,</strong></span> <span class='ocrx_word' id='word_1_327' title='bbox 1624 2769 1653 2819; x_wconf 91' lang='lat' dir='ltr'><strong>et</strong></span> <span class='ocrx_word' id='word_1_328' title='bbox 1665 2764 1782 2826; x_wconf 76' lang='lat' dir='ltr'><strong>imbres,</strong></span> 
     </span>
    </p>

    <p class='ocr_par' dir='ltr' id='par_1_28' title="bbox 238 2850 1813 2924">
     <span class='ocr_line' id='line_1_29' title="bbox 238 2850 1813 2924; baseline 0.002 -18"><span class='ocrx_word' id='word_1_329' title='bbox 238 2853 372 2924; x_wconf 84' lang='lat' dir='ltr'><strong>Negligit,</strong></span> <span class='ocrx_word' id='word_1_330' title='bbox 388 2857 418 2907; x_wconf 93' lang='lat' dir='ltr'><strong>et</strong></span> <span class='ocrx_word' id='word_1_331' title='bbox 431 2851 548 2922; x_wconf 87' lang='lat' dir='ltr'><strong>spernit,</strong></span> <span class='ocrx_word' id='word_1_332' title='bbox 565 2857 797 2921; x_wconf 85' lang='lat' dir='ltr'><strong>aspernaturque,</strong></span> <span class='ocrx_word' id='word_1_333' title='bbox 814 2850 926 2912; x_wconf 77' lang='lat' dir='ltr'><strong>rebitet,</strong></span> <span class='ocrx_word' id='word_1_334' title='bbox 1077 2853 1197 2909; x_wconf 84' lang='lat' dir='ltr'><strong>Roscida</strong></span> <span class='ocrx_word' id='word_1_335' title='bbox 1212 2855 1246 2908; x_wconf 87' lang='lat' dir='ltr'><strong>de</strong></span> <span class='ocrx_word' id='word_1_336' title='bbox 1259 2871 1322 2908; x_wconf 90' lang='lat' dir='ltr'><strong>rore</strong></span> <span class='ocrx_word' id='word_1_337' title='bbox 1333 2853 1427 2919; x_wconf 84' lang='lat' dir='ltr'><strong>suerit,</strong></span> <span class='ocrx_word' id='word_1_338' title='bbox 1443 2853 1492 2908; x_wconf 90' lang='lat' dir='ltr'><strong>sed</strong></span> <span class='ocrx_word' id='word_1_339' title='bbox 1503 2853 1646 2924; x_wconf 87' lang='lat' dir='ltr'><strong>hybernus</strong></span> <span class='ocrx_word' id='word_1_340' title='bbox 1657 2853 1695 2908; x_wconf 90' lang='lat' dir='ltr'><strong>ab</strong></span> <span class='ocrx_word' id='word_1_341' title='bbox 1707 2853 1813 2910; x_wconf 72' lang='lat' dir='ltr'><strong>imbre</strong></span> 
     </span>
    </p>

    <p class='ocr_par' dir='ltr' id='par_1_29' title="bbox 239 2939 1787 3014">
     <span class='ocr_line' id='line_1_30' title="bbox 239 2939 1787 3014; baseline -0.001 -15"><span class='ocrx_word' id='word_1_342' title='bbox 239 2941 412 3003; x_wconf 65' lang='lat' dir='ltr'><strong>Contemnit,</strong></span> <span class='ocrx_word' id='word_1_343' title='bbox 425 2941 528 3006; x_wconf 89' lang='lat' dir='ltr'><strong>renuit,</strong></span> <span class='ocrx_word' id='word_1_344' title='bbox 543 2940 627 2994; x_wconf 88' lang='lat' dir='ltr'><strong>simul</strong></span> <span class='ocrx_word' id='word_1_345' title='bbox 640 2939 748 3005; x_wconf 91' lang='lat' dir='ltr'><strong>abnuit,</strong></span> <span class='ocrx_word' id='word_1_346' title='bbox 765 2946 849 3010; x_wconf 88' lang='lat' dir='ltr'><strong>atque</strong></span> <span class='ocrx_word' id='word_1_347' title='bbox 863 2943 985 3004; x_wconf 88' lang='lat' dir='ltr'><strong>recusat,</strong></span> <span class='ocrx_word' id='word_1_348' title='bbox 1078 2943 1190 3012; x_wconf 81' lang='lat' dir='ltr'><strong>BeJ&#39;ulo,</strong></span> <span class='ocrx_word' id='word_1_349' title='bbox 1207 2949 1296 3014; x_wconf 85' lang='lat' dir='ltr'><strong>gesto,</strong></span> <span class='ocrx_word' id='word_1_350' title='bbox 1312 2943 1382 3008; x_wconf 79' lang='lat' dir='ltr'><strong>sero,</strong></span> <span class='ocrx_word' id='word_1_351' title='bbox 1395 2948 1534 3007; x_wconf 86' lang='lat' dir='ltr'><strong>sustento,</strong></span> <span class='ocrx_word' id='word_1_352' title='bbox 1549 2942 1672 3007; x_wconf 79' lang='lat' dir='ltr'><strong>sublato,</strong></span> <span class='ocrx_word' id='word_1_353' title='bbox 1684 2947 1787 3014; x_wconf 80' lang='lat' dir='ltr'><strong>porto3</strong></span> 
     </span>
    </p>

    <p class='ocr_par' dir='ltr' id='par_1_30' title="bbox 240 3027 1697 3103">
     <span class='ocr_line' id='line_1_31' title="bbox 240 3027 1697 3103; baseline -0.001 -15"><span class='ocrx_word' id='word_1_354' title='bbox 240 3031 287 3090; x_wconf 80' lang='lat' dir='ltr'><strong>stc</strong></span> <span class='ocrx_word' id='word_1_355' title='bbox 295 3029 482 3103; x_wconf 86' lang='lat' dir='ltr'><strong>parvipendit,</strong></span> <span class='ocrx_word' id='word_1_356' title='bbox 497 3034 526 3084; x_wconf 87' lang='lat' dir='ltr'><strong>et</strong></span> <span class='ocrx_word' id='word_1_357' title='bbox 540 3027 688 3099; x_wconf 84' lang='lat' dir='ltr'><strong>vilipendit</strong></span> <span class='ocrx_word' id='word_1_358' title='bbox 700 3029 730 3083; x_wconf 88' lang='lat' dir='ltr'><strong>ia</strong></span> <span class='ocrx_word' id='word_1_359' title='bbox 744 3027 814 3084; x_wconf 80' lang='lat' dir='ltr'><strong>istis·</strong></span> <span class='ocrx_word' id='word_1_360' title='bbox 1080 3033 1176 3089; x_wconf 88' lang='lat' dir='ltr'><strong>Gestio</strong></span> <span class='ocrx_word' id='word_1_361' title='bbox 1191 3032 1214 3086; x_wconf 89' lang='lat' dir='ltr'><strong>si</strong></span> <span class='ocrx_word' id='word_1_362' title='bbox 1225 3033 1317 3103; x_wconf 78' lang='lat' dir='ltr'><strong>cupio,</strong></span> <span class='ocrx_word' id='word_1_363' title='bbox 1332 3037 1412 3102; x_wconf 88' lang='lat' dir='ltr'><strong>gesto</strong></span> <span class='ocrx_word' id='word_1_364' title='bbox 1427 3032 1450 3086; x_wconf 84' lang='lat' dir='ltr'><strong>st</strong></span> <span class='ocrx_word' id='word_1_365' title='bbox 1464 3031 1590 3102; x_wconf 85' lang='lat' dir='ltr'><strong>pondera</strong></span> <span class='ocrx_word' id='word_1_366' title='bbox 1603 3041 1697 3103; x_wconf 74' lang='lat' dir='ltr'><strong>porto.</strong></span> 
     </span>
    </p>

    <p class='ocr_par' dir='ltr' id='par_1_31' title="bbox 241 3081 1798 3192">
     <span class='ocr_line' id='line_1_32' title="bbox 241 3081 1798 3192; baseline -0.003 -16"><span class='ocrx_word' id='word_1_367' title='bbox 241 3120 384 3191; x_wconf 79' lang='lat' dir='ltr'><strong>Stragula,</strong></span> <span class='ocrx_word' id='word_1_368' title='bbox 398 3123 490 3180; x_wconf 85' lang='lat' dir='ltr'><strong>cento,</strong></span> <span class='ocrx_word' id='word_1_369' title='bbox 507 3117 589 3181; x_wconf 90' lang='lat' dir='ltr'><strong>toral,</strong></span> <span class='ocrx_word' id='word_1_370' title='bbox 605 3117 761 3187; x_wconf 84' lang='lat' dir='ltr'><strong>pulvinum,</strong></span> <span class='ocrx_word' id='word_1_371' title='bbox 778 3117 903 3184; x_wconf 80' lang='lat' dir='ltr'><strong>culcitra,</strong></span> <span class='ocrx_word' id='word_1_372' title='bbox 919 3115 1009 3178; x_wconf 83' lang='lat' dir='ltr'><strong>lodex,</strong></span> <span class='ocrx_word' id='word_1_373' title='bbox 1046 3081 1169 3192; x_wconf 82' lang='lat' dir='ltr'><strong>CPergo</strong></span> <span class='ocrx_word' id='word_1_374' title='bbox 1181 3120 1224 3174; x_wconf 93' lang='lat' dir='ltr'><strong>vel</strong></span> <span class='ocrx_word' id='word_1_375' title='bbox 1236 3120 1360 3190; x_wconf 83' lang='lat' dir='ltr'><strong>gradior,</strong></span> <span class='ocrx_word' id='word_1_376' title='bbox 1375 3119 1455 3181; x_wconf 85' lang='lat' dir='ltr'><strong>adeo,</strong></span> <span class='ocrx_word' id='word_1_377' title='bbox 1471 3119 1552 3185; x_wconf 91' lang='lat' dir='ltr'><strong>vado,</strong></span> <span class='ocrx_word' id='word_1_378' title='bbox 1567 3119 1611 3173; x_wconf 89' lang='lat' dir='ltr'><strong>vel</strong></span> <span class='ocrx_word' id='word_1_379' title='bbox 1625 3117 1798 3190; x_wconf 83' lang='lat' dir='ltr'><strong>proficiscor,</strong></span> 
     </span>
    </p>

    <p class='ocr_par' dir='ltr' id='par_1_32' title="bbox 240 3205 1716 3282">
     <span class='ocr_line' id='line_1_33' title="bbox 240 3205 1716 3282; baseline -0.001 -18"><span class='ocrx_word' id='word_1_380' title='bbox 240 3211 291 3268; x_wconf 76' lang='lat' dir='ltr'><strong>Est</strong></span> <span class='ocrx_word' id='word_1_381' title='bbox 304 3215 332 3265; x_wconf 89' lang='lat' dir='ltr'><strong>et</strong></span> <span class='ocrx_word' id='word_1_382' title='bbox 346 3208 484 3282; x_wconf 84' lang='lat' dir='ltr'><strong>plumare,</strong></span> <span class='ocrx_word' id='word_1_383' title='bbox 493 3207 544 3260; x_wconf 86' lang='lat' dir='ltr'><strong>sed</strong></span> <span class='ocrx_word' id='word_1_384' title='bbox 560 3206 631 3262; x_wconf 81' lang='lat' dir='ltr'><strong>tutta</strong></span> <span class='ocrx_word' id='word_1_385' title='bbox 640 3205 783 3276; x_wconf 83' lang='lat' dir='ltr'><strong>tapetibus</strong></span> <span class='ocrx_word' id='word_1_386' title='bbox 797 3205 895 3272; x_wconf 81' lang='lat' dir='ltr'><strong>addas,</strong></span> <span class='ocrx_word' id='word_1_387' title='bbox 1080 3208 1225 3264; x_wconf 80' lang='lat' dir='ltr'><strong>Praedictis</strong></span> <span class='ocrx_word' id='word_1_388' title='bbox 1239 3209 1362 3263; x_wconf 86' lang='lat' dir='ltr'><strong>societur</strong></span> <span class='ocrx_word' id='word_1_389' title='bbox 1374 3225 1418 3273; x_wconf 89' lang='lat' dir='ltr'><strong>eo,</strong></span> <span class='ocrx_word' id='word_1_390' title='bbox 1431 3208 1473 3262; x_wconf 86' lang='lat' dir='ltr'><strong>vel</strong></span> <span class='ocrx_word' id='word_1_391' title='bbox 1487 3207 1601 3274; x_wconf 84' lang='lat' dir='ltr'><strong>itinero,</strong></span> <span class='ocrx_word' id='word_1_392' title='bbox 1612 3207 1716 3263; x_wconf 69' lang='lat' dir='ltr'><strong>verbis.</strong></span> 
     </span>
    </p>

    <p class='ocr_par' dir='ltr' id='par_1_33' title="bbox 241 3295 1770 3370">
     <span class='ocr_line' id='line_1_34' title="bbox 241 3295 1770 3370; baseline -0.003 -15"><span class='ocrx_word' id='word_1_393' title='bbox 241 3300 312 3356; x_wconf 83' lang='lat' dir='ltr'><strong>(lum</strong></span> <span class='ocrx_word' id='word_1_394' title='bbox 325 3297 453 3352; x_wconf 87' lang='lat' dir='ltr'><strong>cervicali</strong></span> <span class='ocrx_word' id='word_1_395' title='bbox 465 3295 651 3350; x_wconf 86' lang='lat' dir='ltr'><strong>cervicidante</strong></span> <span class='ocrx_word' id='word_1_396' title='bbox 665 3295 795 3349; x_wconf 81' lang='lat' dir='ltr'><strong>calorem·</strong></span> <span class='ocrx_word' id='word_1_397' title='bbox 1079 3299 1204 3370; x_wconf 88' lang='lat' dir='ltr'><strong>Vestigo,</strong></span> <span class='ocrx_word' id='word_1_398' title='bbox 1216 3307 1337 3362; x_wconf 86' lang='lat' dir='ltr'><strong>scrutor,</strong></span> <span class='ocrx_word' id='word_1_399' title='bbox 1356 3299 1480 3370; x_wconf 76' lang='lat' dir='ltr'><strong>exploro,</strong></span> <span class='ocrx_word' id='word_1_400' title='bbox 1493 3307 1654 3368; x_wconf 77' lang='lat' dir='ltr'><strong>quareque,</strong></span> <span class='ocrx_word' id='word_1_401' title='bbox 1668 3297 1770 3362; x_wconf 71' lang='lat' dir='ltr'><strong>cimon</strong></span> 
     </span>
    </p>

    <p class='ocr_par' dir='ltr' id='par_1_34' title="bbox 241 3383 1826 3460">
     <span class='ocr_line' id='line_1_35' title="bbox 241 3383 1826 3460; baseline -0.004 -15"><span class='ocrx_word' id='word_1_402' title='bbox 241 3388 362 3453; x_wconf 85' lang='lat' dir='ltr'><strong>Lucule,</strong></span> <span class='ocrx_word' id='word_1_403' title='bbox 375 3387 453 3448; x_wconf 87' lang='lat' dir='ltr'><strong>lune,</strong></span> <span class='ocrx_word' id='word_1_404' title='bbox 466 3384 638 3456; x_wconf 85' lang='lat' dir='ltr'><strong>nychelides,</strong></span> <span class='ocrx_word' id='word_1_405' title='bbox 653 3389 777 3454; x_wconf 88' lang='lat' dir='ltr'><strong>torques,</strong></span> <span class='ocrx_word' id='word_1_406' title='bbox 799 3389 829 3438; x_wconf 89' lang='lat' dir='ltr'><strong>et</strong></span> <span class='ocrx_word' id='word_1_407' title='bbox 841 3383 966 3448; x_wconf 85' lang='lat' dir='ltr'><strong>inaures,</strong></span> <span class='ocrx_word' id='word_1_408' title='bbox 1081 3388 1181 3444; x_wconf 81' lang='lat' dir='ltr'><strong>Seitor.</strong></span> <span class='ocrx_word' id='word_1_409' title='bbox 1198 3388 1240 3443; x_wconf 88' lang='lat' dir='ltr'><strong>rel</strong></span> <span class='ocrx_word' id='word_1_410' title='bbox 1254 3388 1381 3460; x_wconf 78' lang='lat' dir='ltr'><strong>indagor,</strong></span> <span class='ocrx_word' id='word_1_411' title='bbox 1397 3394 1580 3459; x_wconf 71' lang='lat' dir='ltr'><strong>praecunctor,</strong></span> <span class='ocrx_word' id='word_1_412' title='bbox 1597 3386 1725 3441; x_wconf 87' lang='lat' dir='ltr'><strong>sciscitor</strong></span> <span class='ocrx_word' id='word_1_413' title='bbox 1736 3385 1826 3440; x_wconf 86' lang='lat' dir='ltr'><strong>addo.</strong></span> 
     </span>
    </p>

    <p class='ocr_par' dir='ltr' id='par_1_35' title="bbox 242 3471 1844 3548">
     <span class='ocr_line' id='line_1_36' title="bbox 242 3471 1844 3548; baseline -0.004 -14"><span class='ocrx_word' id='word_1_414' title='bbox 242 3479 395 3541; x_wconf 77' lang='lat' dir='ltr'><strong>Flammea,</strong></span> <span class='ocrx_word' id='word_1_415' title='bbox 408 3475 612 3538; x_wconf 81' lang='lat' dir='ltr'><strong>flammeolum,</strong></span> <span class='ocrx_word' id='word_1_416' title='bbox 624 3489 688 3528; x_wconf 86' lang='lat' dir='ltr'><strong>cum</strong></span> <span class='ocrx_word' id='word_1_417' title='bbox 705 3489 777 3528; x_wconf 88' lang='lat' dir='ltr'><strong>unca</strong></span> <span class='ocrx_word' id='word_1_418' title='bbox 803 3473 899 3540; x_wconf 78' lang='lat' dir='ltr'><strong>fascia,</strong></span> <span class='ocrx_word' id='word_1_419' title='bbox 912 3471 1038 3544; x_wconf 87' lang='lat' dir='ltr'><strong>peplum,</strong></span> <span class='ocrx_word' id='word_1_420' title='bbox 1079 3477 1159 3543; x_wconf 87' lang='lat' dir='ltr'><strong>Rete,</strong></span> <span class='ocrx_word' id='word_1_421' title='bbox 1175 3493 1290 3548; x_wconf 76' lang='lat' dir='ltr'><strong>sagana,</strong></span> <span class='ocrx_word' id='word_1_422' title='bbox 1309 3477 1401 3547; x_wconf 81' lang='lat' dir='ltr'><strong>plaga,</strong></span> <span class='ocrx_word' id='word_1_423' title='bbox 1418 3493 1483 3530; x_wconf 89' lang='lat' dir='ltr'><strong>cum</strong></span> <span class='ocrx_word' id='word_1_424' title='bbox 1501 3481 1588 3534; x_wconf 80' lang='lat' dir='ltr'><strong>casse,</strong></span> <span class='ocrx_word' id='word_1_425' title='bbox 1601 3473 1746 3545; x_wconf 80' lang='lat' dir='ltr'><strong>sagenula,</strong></span> <span class='ocrx_word' id='word_1_426' title='bbox 1762 3473 1844 3537; x_wconf 74' lang='lat' dir='ltr'><strong>liius,</strong></span> 
     </span>
    </p>

    <p class='ocr_par' dir='ltr' id='par_1_36' title="bbox 241 3562 1733 3636">
     <span class='ocr_line' id='line_1_37' title="bbox 241 3562 1733 3636; baseline -0.005 -12"><span class='ocrx_word' id='word_1_427' title='bbox 241 3565 410 3624; x_wconf 84' lang='lat' dir='ltr'><strong>Dextreolis.</strong></span> <span class='ocrx_word' id='word_1_428' title='bbox 421 3563 508 3618; x_wconf 82' lang='lat' dir='ltr'><strong>addas</strong></span> <span class='ocrx_word' id='word_1_429' title='bbox 522 3562 657 3621; x_wconf 83' lang='lat' dir='ltr'><strong>armillas.</strong></span> <span class='ocrx_word' id='word_1_430' title='bbox 669 3567 754 3633; x_wconf 88' lang='lat' dir='ltr'><strong>atque</strong></span> <span class='ocrx_word' id='word_1_431' title='bbox 769 3562 883 3627; x_wconf 85' lang='lat' dir='ltr'><strong>monile,</strong></span> <span class='ocrx_word' id='word_1_432' title='bbox 1080 3564 1215 3636; x_wconf 76' lang='lat' dir='ltr'><strong>aereque.</strong></span> <span class='ocrx_word' id='word_1_433' title='bbox 1227 3565 1386 3626; x_wconf 88' lang='lat' dir='ltr'><strong>reticulum,</strong></span> <span class='ocrx_word' id='word_1_434' title='bbox 1399 3564 1435 3618; x_wconf 86' lang='lat' dir='ltr'><strong>de</strong></span> <span class='ocrx_word' id='word_1_435' title='bbox 1447 3565 1516 3619; x_wconf 88' lang='lat' dir='ltr'><strong>retis</strong></span> <span class='ocrx_word' id='word_1_436' title='bbox 1530 3565 1602 3618; x_wconf 89' lang='lat' dir='ltr'><strong>retia</strong></span> <span class='ocrx_word' id='word_1_437' title='bbox 1615 3564 1733 3626; x_wconf 70' lang='lat' dir='ltr'><strong>dictum,</strong></span> 
     </span>
    </p>

    <p class='ocr_par' dir='ltr' id='par_1_37' title="bbox 246 3652 1655 3728">
     <span class='ocr_line' id='line_1_38' title="bbox 246 3652 1655 3728; baseline 0 -18"><span class='ocrx_word' id='word_1_438' title='bbox 246 3655 292 3712; x_wconf 90' lang='lat' dir='ltr'><strong>Sic</strong></span> <span class='ocrx_word' id='word_1_439' title='bbox 302 3665 365 3709; x_wconf 85' lang='lat' dir='ltr'><strong>cum</strong></span> <span class='ocrx_word' id='word_1_440' title='bbox 379 3653 500 3715; x_wconf 87' lang='lat' dir='ltr'><strong>cernale,</strong></span> <span class='ocrx_word' id='word_1_441' title='bbox 517 3653 636 3722; x_wconf 80' lang='lat' dir='ltr'><strong>spinter,</strong></span> <span class='ocrx_word' id='word_1_442' title='bbox 647 3653 690 3706; x_wconf 90' lang='lat' dir='ltr'><strong>vel</strong></span> <span class='ocrx_word' id='word_1_443' title='bbox 705 3652 896 3728; x_wconf 17' lang='lat' dir='ltr'><strong>llbulavmitra,</strong></span> <span class='ocrx_word' id='word_1_444' title='bbox 1081 3653 1152 3708; x_wconf 89' lang='lat' dir='ltr'><strong>llinc</strong></span> <span class='ocrx_word' id='word_1_445' title='bbox 1165 3653 1275 3708; x_wconf 81' lang='lat' dir='ltr'><strong>irretire</strong></span> <span class='ocrx_word' id='word_1_446' title='bbox 1285 3654 1358 3724; x_wconf 87' lang='lat' dir='ltr'><strong>qued</strong></span> <span class='ocrx_word' id='word_1_447' title='bbox 1374 3654 1477 3709; x_wconf 84' lang='lat' dir='ltr'><strong>dicitur</strong></span> <span class='ocrx_word' id='word_1_448' title='bbox 1489 3654 1655 3724; x_wconf 58' lang='lat' dir='ltr'><strong>ilMueare’.</strong></span> 
     </span>
    </p>

    <p class='ocr_par' dir='ltr' id='par_1_38' title="bbox 244 3739 1741 3812">
     <span class='ocr_line' id='line_1_39' title="bbox 244 3739 1741 3812; baseline -0.003 -14"><span class='ocrx_word' id='word_1_449' title='bbox 244 3744 383 3801; x_wconf 82' lang='lat' dir='ltr'><strong>Annulus.</strong></span> <span class='ocrx_word' id='word_1_450' title='bbox 394 3746 423 3796; x_wconf 90' lang='lat' dir='ltr'><strong>et</strong></span> <span class='ocrx_word' id='word_1_451' title='bbox 434 3757 557 3811; x_wconf 51' lang='lat' dir='ltr'><strong>wasme,</strong></span> <span class='ocrx_word' id='word_1_452' title='bbox 570 3739 689 3812; x_wconf 72' lang='lat' dir='ltr'><strong>lymber,</strong></span> <span class='ocrx_word' id='word_1_453' title='bbox 705 3740 874 3806; x_wconf 84' lang='lat' dir='ltr'><strong>chirotheca,</strong></span> <span class='ocrx_word' id='word_1_454' title='bbox 888 3739 989 3800; x_wconf 82' lang='lat' dir='ltr'><strong>thiara.</strong></span> <span class='ocrx_word' id='word_1_455' title='bbox 1081 3743 1222 3800; x_wconf 80' lang='lat' dir='ltr'><strong>Rusticus.</strong></span> <span class='ocrx_word' id='word_1_456' title='bbox 1236 3743 1369 3812; x_wconf 85' lang='lat' dir='ltr'><strong>agricola,</strong></span> <span class='ocrx_word' id='word_1_457' title='bbox 1386 3743 1473 3808; x_wconf 91' lang='lat' dir='ltr'><strong>rudis,</strong></span> <span class='ocrx_word' id='word_1_458' title='bbox 1486 3742 1598 3807; x_wconf 85' lang='lat' dir='ltr'><strong>ruralis,</strong></span> <span class='ocrx_word' id='word_1_459' title='bbox 1612 3741 1741 3812; x_wconf 82' lang='lat' dir='ltr'><strong>agrestis,</strong></span> 
     </span>
    </p>

    <p class='ocr_par' dir='ltr' id='par_1_39' title="bbox 243 3830 1691 3902">
     <span class='ocr_line' id='line_1_40' title="bbox 243 3830 1691 3902; baseline -0.003 -15"><span class='ocrx_word' id='word_1_460' title='bbox 243 3833 310 3888; x_wconf 87' lang='lat' dir='ltr'><strong>Istis</strong></span> <span class='ocrx_word' id='word_1_461' title='bbox 323 3831 455 3902; x_wconf 87' lang='lat' dir='ltr'><strong>pileolum</strong></span> <span class='ocrx_word' id='word_1_462' title='bbox 470 3830 637 3900; x_wconf 80' lang='lat' dir='ltr'><strong>conjungas,</strong></span> <span class='ocrx_word' id='word_1_463' title='bbox 651 3835 736 3900; x_wconf 81' lang='lat' dir='ltr'><strong>atque</strong></span> <span class='ocrx_word' id='word_1_464' title='bbox 748 3830 886 3900; x_wconf 87' lang='lat' dir='ltr'><strong>galerum,</strong></span> <span class='ocrx_word' id='word_1_465' title='bbox 1082 3831 1124 3894; x_wconf 83' lang='lat' dir='ltr'><strong>Et,</strong></span> <span class='ocrx_word' id='word_1_466' title='bbox 1141 3847 1204 3885; x_wconf 91' lang='lat' dir='ltr'><strong>cum</strong></span> <span class='ocrx_word' id='word_1_467' title='bbox 1219 3831 1350 3892; x_wconf 87' lang='lat' dir='ltr'><strong>ruricola,</strong></span> <span class='ocrx_word' id='word_1_468' title='bbox 1362 3832 1484 3887; x_wconf 85' lang='lat' dir='ltr'><strong>societur</strong></span> <span class='ocrx_word' id='word_1_469' title='bbox 1497 3832 1606 3886; x_wconf 63' lang='lat' dir='ltr'><strong>villicus</strong></span> <span class='ocrx_word' id='word_1_470' title='bbox 1620 3830 1691 3885; x_wconf 87' lang='lat' dir='ltr'><strong>istis.</strong></span> 
     </span>
    </p>

    <p class='ocr_par' dir='ltr' id='par_1_40' title="bbox 243 3917 1679 3990">
     <span class='ocr_line' id='line_1_41' title="bbox 243 3917 1679 3990; baseline -0.003 -13"><span class='ocrx_word' id='word_1_471' title='bbox 243 3921 284 3978; x_wconf 90' lang='lat' dir='ltr'><strong>De</strong></span> <span class='ocrx_word' id='word_1_472' title='bbox 298 3920 434 3975; x_wconf 81' lang='lat' dir='ltr'><strong>tricatura</strong></span> <span class='ocrx_word' id='word_1_473' title='bbox 449 3917 613 3974; x_wconf 84' lang='lat' dir='ltr'><strong>mulieribus</strong></span> <span class='ocrx_word' id='word_1_474' title='bbox 623 3923 666 3974; x_wconf 90' lang='lat' dir='ltr'><strong>est</strong></span> <span class='ocrx_word' id='word_1_475' title='bbox 677 3930 730 3973; x_wconf 88' lang='lat' dir='ltr'><strong>sua</strong></span> <span class='ocrx_word' id='word_1_476' title='bbox 747 3934 825 3974; x_wconf 83' lang='lat' dir='ltr'><strong>cura.</strong></span> <span class='ocrx_word' id='word_1_477' title='bbox 1082 3919 1219 3974; x_wconf 85' lang='lat' dir='ltr'><strong>Custodes</strong></span> <span class='ocrx_word' id='word_1_478' title='bbox 1233 3920 1326 3974; x_wconf 84' lang='lat' dir='ltr'><strong>ovium</strong></span> <span class='ocrx_word' id='word_1_479' title='bbox 1338 3937 1388 3974; x_wconf 90' lang='lat' dir='ltr'><strong>nos</strong></span> <span class='ocrx_word' id='word_1_480' title='bbox 1402 3919 1522 3974; x_wconf 88' lang='lat' dir='ltr'><strong>dicimus</strong></span> <span class='ocrx_word' id='word_1_481' title='bbox 1532 3919 1679 3990; x_wconf 88' lang='lat' dir='ltr'><strong>opiliones,</strong></span> 
     </span>
    </p>

    <p class='ocr_par' dir='ltr' id='par_1_41' title="bbox 244 4007 1733 4080">
     <span class='ocr_line' id='line_1_42' title="bbox 244 4007 1733 4080; baseline 0 -13"><span class='ocrx_word' id='word_1_482' title='bbox 244 4011 360 4072; x_wconf 72' lang='lat' dir='ltr'><strong>Urceus,</strong></span> <span class='ocrx_word' id='word_1_483' title='bbox 376 4007 516 4068; x_wconf 79' lang='lat' dir='ltr'><strong>urceolus,</strong></span> <span class='ocrx_word' id='word_1_484' title='bbox 528 4012 571 4062; x_wconf 88' lang='lat' dir='ltr'><strong>est</strong></span> <span class='ocrx_word' id='word_1_485' title='bbox 585 4024 666 4071; x_wconf 86' lang='lat' dir='ltr'><strong>urna,</strong></span> <span class='ocrx_word' id='word_1_486' title='bbox 684 4008 727 4062; x_wconf 91' lang='lat' dir='ltr'><strong>vel</strong></span> <span class='ocrx_word' id='word_1_487' title='bbox 741 4008 887 4078; x_wconf 87' lang='lat' dir='ltr'><strong>amphora,</strong></span> <span class='ocrx_word' id='word_1_488' title='bbox 903 4012 986 4072; x_wconf 80' lang='lat' dir='ltr'><strong>testa,</strong></span> <span class='ocrx_word' id='word_1_489' title='bbox 1082 4008 1522 4080; x_wconf 71' lang='lat' dir='ltr'><strong>Archimandritosconsutquos</strong></span> <span class='ocrx_word' id='word_1_490' title='bbox 1535 4021 1597 4063; x_wconf 87' lang='lat' dir='ltr'><strong>asse</strong></span> <span class='ocrx_word' id='word_1_491' title='bbox 1612 4011 1733 4067; x_wconf 80' lang='lat' dir='ltr'><strong>vocatos.</strong></span> 
     </span>
    </p>

    <p class='ocr_par' dir='ltr' id='par_1_42' title="bbox 245 4096 1694 4169">
     <span class='ocr_line' id='line_1_43' title="bbox 245 4096 1694 4169; baseline -0.005 -12"><span class='ocrx_word' id='word_1_492' title='bbox 245 4100 308 4157; x_wconf 91' lang='lat' dir='ltr'><strong>Olla</strong></span> <span class='ocrx_word' id='word_1_493' title='bbox 317 4099 362 4154; x_wconf 89' lang='lat' dir='ltr'><strong>vel</strong></span> <span class='ocrx_word' id='word_1_494' title='bbox 377 4096 488 4169; x_wconf 76' lang='lat' dir='ltr'><strong>hydria.</strong></span> <span class='ocrx_word' id='word_1_495' title='bbox 504 4105 552 4150; x_wconf 81' lang='lat' dir='ltr'><strong>vas</strong></span> <span class='ocrx_word' id='word_1_496' title='bbox 567 4097 622 4152; x_wconf 88' lang='lat' dir='ltr'><strong>vini</strong></span> <span class='ocrx_word' id='word_1_497' title='bbox 637 4096 682 4152; x_wconf 92' lang='lat' dir='ltr'><strong>dic</strong></span> <span class='ocrx_word' id='word_1_498' title='bbox 696 4113 757 4152; x_wconf 91' lang='lat' dir='ltr'><strong>esse</strong></span> <span class='ocrx_word' id='word_1_499' title='bbox 769 4097 909 4166; x_wconf 85' lang='lat' dir='ltr'><strong>lagenam,</strong></span> <span class='ocrx_word' id='word_1_500' title='bbox 1082 4097 1169 4152; x_wconf 86' lang='lat' dir='ltr'><strong>Muli&#39;o</strong></span> <span class='ocrx_word' id='word_1_501' title='bbox 1178 4098 1229 4152; x_wconf 87' lang='lat' dir='ltr'><strong>sed</strong></span> <span class='ocrx_word' id='word_1_502' title='bbox 1243 4105 1338 4152; x_wconf 87' lang='lat' dir='ltr'><strong>custos</strong></span> <span class='ocrx_word' id='word_1_503' title='bbox 1349 4099 1489 4153; x_wconf 85' lang='lat' dir='ltr'><strong>mulorum</strong></span> <span class='ocrx_word' id='word_1_504' title='bbox 1504 4098 1610 4152; x_wconf 87' lang='lat' dir='ltr'><strong>dicitur</strong></span> <span class='ocrx_word' id='word_1_505' title='bbox 1623 4112 1694 4162; x_wconf 84' lang='lat' dir='ltr'><strong>esse,</strong></span> 
     </span>
    </p>

    <p class='ocr_par' dir='ltr' id='par_1_43' title="bbox 244 4185 1801 4258">
     <span class='ocr_line' id='line_1_44' title="bbox 244 4185 1801 4258; baseline -0.004 -12"><span class='ocrx_word' id='word_1_506' title='bbox 244 4189 334 4246; x_wconf 89' lang='lat' dir='ltr'><strong>Obba.</strong></span> <span class='ocrx_word' id='word_1_507' title='bbox 349 4187 393 4242; x_wconf 90' lang='lat' dir='ltr'><strong>vel</strong></span> <span class='ocrx_word' id='word_1_508' title='bbox 405 4185 592 4258; x_wconf 79' lang='lat' dir='ltr'><strong>onophorum,</strong></span> <span class='ocrx_word' id='word_1_509' title='bbox 606 4186 691 4240; x_wconf 82' lang='lat' dir='ltr'><strong>sinvtd</strong></span> <span class='ocrx_word' id='word_1_510' title='bbox 702 4203 776 4251; x_wconf 91' lang='lat' dir='ltr'><strong>orca,</strong></span> <span class='ocrx_word' id='word_1_511' title='bbox 794 4186 896 4248; x_wconf 82' lang='lat' dir='ltr'><strong>fidelia,</strong></span> <span class='ocrx_word' id='word_1_512' title='bbox 910 4203 958 4242; x_wconf 90' lang='lat' dir='ltr'><strong>vas</strong></span> <span class='ocrx_word' id='word_1_513' title='bbox 968 4190 1020 4253; x_wconf 78' lang='lat' dir='ltr'><strong>est,</strong></span> <span class='ocrx_word' id='word_1_514' title='bbox 1082 4187 1125 4242; x_wconf 89' lang='lat' dir='ltr'><strong>Ad</strong></span> <span class='ocrx_word' id='word_1_515' title='bbox 1141 4204 1211 4258; x_wconf 91' lang='lat' dir='ltr'><strong>quos</strong></span> <span class='ocrx_word' id='word_1_516' title='bbox 1224 4205 1292 4242; x_wconf 88' lang='lat' dir='ltr'><strong>cura</strong></span> <span class='ocrx_word' id='word_1_517' title='bbox 1301 4187 1386 4242; x_wconf 88' lang='lat' dir='ltr'><strong>boum</strong></span> <span class='ocrx_word' id='word_1_518' title='bbox 1398 4191 1507 4258; x_wconf 75' lang='lat' dir='ltr'><strong>spectat</strong></span> <span class='ocrx_word' id='word_1_519' title='bbox 1519 4187 1565 4240; x_wconf 89' lang='lat' dir='ltr'><strong>dic</strong></span> <span class='ocrx_word' id='word_1_520' title='bbox 1575 4203 1637 4240; x_wconf 89' lang='lat' dir='ltr'><strong>esse</strong></span> <span class='ocrx_word' id='word_1_521' title='bbox 1650 4185 1801 4240; x_wconf 77' lang='lat' dir='ltr'><strong>bubulcos.</strong></span> 
     </span>
    </p>

    <p class='ocr_par' dir='ltr' id='par_1_44' title="bbox 243 4273 1779 4350">
     <span class='ocr_line' id='line_1_45' title="bbox 243 4273 1779 4350; baseline -0.003 -17"><span class='ocrx_word' id='word_1_522' title='bbox 243 4277 401 4350; x_wconf 62' lang='lat' dir='ltr'><strong>Mpullas,</strong></span> <span class='ocrx_word' id='word_1_523' title='bbox 413 4276 523 4348; x_wconf 83' lang='lat' dir='ltr'><strong>phialas</strong></span> <span class='ocrx_word' id='word_1_524' title='bbox 535 4275 675 4346; x_wconf 75' lang='lat' dir='ltr'><strong>predictis</strong></span> <span class='ocrx_word' id='word_1_525' title='bbox 689 4274 870 4330; x_wconf 85' lang='lat' dir='ltr'><strong>associamus.</strong></span> <span class='ocrx_word' id='word_1_526' title='bbox 1082 4277 1159 4331; x_wconf 79' lang='lat' dir='ltr'><strong>lnter</strong></span> <span class='ocrx_word' id='word_1_527' title='bbox 1167 4293 1197 4331; x_wconf 90' lang='lat' dir='ltr'><strong>se</strong></span> <span class='ocrx_word' id='word_1_528' title='bbox 1213 4276 1321 4330; x_wconf 86' lang='lat' dir='ltr'><strong>distant</strong></span> <span class='ocrx_word' id='word_1_529' title='bbox 1330 4275 1414 4330; x_wconf 89' lang='lat' dir='ltr'><strong>simul</strong></span> <span class='ocrx_word' id='word_1_530' title='bbox 1423 4275 1589 4334; x_wconf 85' lang='lat' dir='ltr'><strong>orbiculare,</strong></span> <span class='ocrx_word' id='word_1_531' title='bbox 1604 4273 1779 4329; x_wconf 87' lang='lat' dir='ltr'><strong>rotundum:</strong></span> 
     </span>
    </p>

    <p class='ocr_par' dir='ltr' id='par_1_45' title="bbox 243 4362 1828 4461">
     <span class='ocr_line' id='line_1_46' title="bbox 243 4362 1828 4461; baseline -0.005 -38"><span class='ocrx_word' id='word_1_532' title='bbox 243 4367 357 4434; x_wconf 82' lang='lat' dir='ltr'><strong>Fornix,</strong></span> <span class='ocrx_word' id='word_1_533' title='bbox 373 4365 570 4438; x_wconf 82' lang='lat' dir='ltr'><strong>prostibulum,</strong></span> <span class='ocrx_word' id='word_1_534' title='bbox 586 4365 713 4435; x_wconf 74' lang='lat' dir='ltr'><strong>genedea</strong></span> <span class='ocrx_word' id='word_1_535' title='bbox 737 4365 861 4436; x_wconf 86' lang='lat' dir='ltr'><strong>turpido,</strong></span> <span class='ocrx_word' id='word_1_536' title='bbox 871 4365 994 4436; x_wconf 80' lang='lat' dir='ltr'><strong>lupinar.</strong></span> <span class='ocrx_word' id='word_1_537' title='bbox 1051 4366 1198 4461; x_wconf 86' lang='lat' dir='ltr'><strong>Dllastaru</strong></span> <span class='ocrx_word' id='word_1_538' title='bbox 1210 4365 1515 4435; x_wconf 86' lang='lat' dir='ltr'><strong>dicteretem,pbianm</strong></span> <span class='ocrx_word' id='word_1_539' title='bbox 1527 4364 1571 4418; x_wconf 93' lang='lat' dir='ltr'><strong>dic</strong></span> <span class='ocrx_word' id='word_1_540' title='bbox 1585 4381 1646 4418; x_wconf 87' lang='lat' dir='ltr'><strong>esse</strong></span> <span class='ocrx_word' id='word_1_541' title='bbox 1661 4362 1828 4418; x_wconf 82' lang='lat' dir='ltr'><strong>rotundam.</strong></span> 
     </span>
    </p>

    <p class='ocr_par' dir='ltr' id='par_1_46' title="bbox 245 4452 1724 4527">
     <span class='ocr_line' id='line_1_47' title="bbox 245 4452 1724 4527; baseline -0.005 -13"><span class='ocrx_word' id='word_1_542' title='bbox 245 4457 361 4522; x_wconf 84' lang='lat' dir='ltr'><strong>Sumen,</strong></span> <span class='ocrx_word' id='word_1_543' title='bbox 378 4461 406 4511; x_wconf 92' lang='lat' dir='ltr'><strong>et</strong></span> <span class='ocrx_word' id='word_1_544' title='bbox 418 4456 526 4520; x_wconf 75' lang='lat' dir='ltr'><strong>arena,</strong></span> <span class='ocrx_word' id='word_1_545' title='bbox 539 4454 676 4525; x_wconf 66' lang='lat' dir='ltr'><strong>sagimans</strong></span> <span class='ocrx_word' id='word_1_546' title='bbox 691 4455 843 4525; x_wconf 88' lang='lat' dir='ltr'><strong>pinguedo,</strong></span> <span class='ocrx_word' id='word_1_547' title='bbox 859 4455 967 4525; x_wconf 76' lang='lat' dir='ltr'><strong>sagina,</strong></span> <span class='ocrx_word' id='word_1_548' title='bbox 1082 4455 1209 4526; x_wconf 81' lang='lat' dir='ltr'><strong>Effigiem</strong></span> <span class='ocrx_word' id='word_1_549' title='bbox 1220 4456 1296 4527; x_wconf 91' lang='lat' dir='ltr'><strong>pomi</strong></span> <span class='ocrx_word' id='word_1_550' title='bbox 1309 4456 1413 4510; x_wconf 85' lang='lat' dir='ltr'><strong>retinet</strong></span> <span class='ocrx_word' id='word_1_551' title='bbox 1425 4455 1466 4509; x_wconf 80' lang='lat' dir='ltr'><strong>sic</strong></span> <span class='ocrx_word' id='word_1_552' title='bbox 1479 4455 1599 4526; x_wconf 71' lang='lat' dir='ltr'><strong>sphaera,</strong></span> <span class='ocrx_word' id='word_1_553' title='bbox 1616 4454 1658 4508; x_wconf 84' lang='lat' dir='ltr'><strong>rel</strong></span> <span class='ocrx_word' id='word_1_554' title='bbox 1670 4452 1724 4515; x_wconf 84' lang='lat' dir='ltr'><strong>ori,</strong></span> 
     </span>
    </p>

    <p class='ocr_par' dir='ltr' id='par_1_47' title="bbox 243 4543 1781 4616">
     <span class='ocr_line' id='line_1_48' title="bbox 243 4543 1781 4616; baseline -0.003 -15"><span class='ocrx_word' id='word_1_555' title='bbox 243 4546 400 4611; x_wconf 76' lang='lat' dir='ltr'><strong>Abdonverr,</strong></span> <span class='ocrx_word' id='word_1_556' title='bbox 417 4545 459 4600; x_wconf 87' lang='lat' dir='ltr'><strong>rel</strong></span> <span class='ocrx_word' id='word_1_557' title='bbox 470 4545 585 4616; x_wconf 85' lang='lat' dir='ltr'><strong>adapes,</strong></span> <span class='ocrx_word' id='word_1_558' title='bbox 600 4543 739 4614; x_wconf 74' lang='lat' dir='ltr'><strong>praedictis</strong></span> <span class='ocrx_word' id='word_1_559' title='bbox 754 4544 825 4598; x_wconf 79' lang='lat' dir='ltr'><strong>adde</strong></span> <span class='ocrx_word' id='word_1_560' title='bbox 839 4544 977 4615; x_wconf 81' lang='lat' dir='ltr'><strong>popisma,</strong></span> <span class='ocrx_word' id='word_1_561' title='bbox 1083 4545 1224 4615; x_wconf 63' lang='lat' dir='ltr'><strong>Sphaerica</strong></span> <span class='ocrx_word' id='word_1_562' title='bbox 1237 4545 1272 4598; x_wconf 85' lang='lat' dir='ltr'><strong>ds</strong></span> <span class='ocrx_word' id='word_1_563' title='bbox 1285 4545 1394 4615; x_wconf 79' lang='lat' dir='ltr'><strong>sphaera</strong></span> <span class='ocrx_word' id='word_1_564' title='bbox 1407 4543 1448 4598; x_wconf 87' lang='lat' dir='ltr'><strong>sic</strong></span> <span class='ocrx_word' id='word_1_565' title='bbox 1461 4544 1587 4598; x_wconf 91' lang='lat' dir='ltr'><strong>creditur</strong></span> <span class='ocrx_word' id='word_1_566' title='bbox 1596 4559 1657 4598; x_wconf 87' lang='lat' dir='ltr'><strong>esse</strong></span> <span class='ocrx_word' id='word_1_567' title='bbox 1671 4549 1781 4597; x_wconf 67' lang='lat' dir='ltr'><strong>rocam.</strong></span> 
     </span>
    </p>

    <p class='ocr_par' dir='ltr' id='par_1_48' title="bbox 243 4633 1831 4705">
     <span class='ocr_line' id='line_1_49' title="bbox 243 4633 1831 4705; baseline -0.002 -15"><span class='ocrx_word' id='word_1_568' title='bbox 243 4634 388 4690; x_wconf 75' lang='lat' dir='ltr'><strong>Praedictis</strong></span> <span class='ocrx_word' id='word_1_569' title='bbox 405 4634 539 4705; x_wconf 84' lang='lat' dir='ltr'><strong>tegedum</strong></span> <span class='ocrx_word' id='word_1_570' title='bbox 552 4633 717 4703; x_wconf 58' lang='lat' dir='ltr'><strong>coniungas,</strong></span> <span class='ocrx_word' id='word_1_571' title='bbox 734 4639 819 4704; x_wconf 87' lang='lat' dir='ltr'><strong>atque</strong></span> <span class='ocrx_word' id='word_1_572' title='bbox 835 4637 976 4705; x_wconf 84' lang='lat' dir='ltr'><strong>proseuta.</strong></span> <span class='ocrx_word' id='word_1_573' title='bbox 1082 4633 1245 4704; x_wconf 85' lang='lat' dir='ltr'><strong>Regrediar,</strong></span> <span class='ocrx_word' id='word_1_574' title='bbox 1258 4639 1421 4705; x_wconf 79' lang='lat' dir='ltr'><strong>repetoque,</strong></span> <span class='ocrx_word' id='word_1_575' title='bbox 1434 4633 1577 4696; x_wconf 83' lang='lat' dir='ltr'><strong>remetior,</strong></span> <span class='ocrx_word' id='word_1_576' title='bbox 1588 4638 1673 4704; x_wconf 86' lang='lat' dir='ltr'><strong>atque</strong></span> <span class='ocrx_word' id='word_1_577' title='bbox 1686 4638 1831 4688; x_wconf 79' lang='lat' dir='ltr'><strong>revertor.</strong></span> 
     </span>
    </p>

    <p class='ocr_par' dir='ltr' id='par_1_49' title="bbox 245 4721 1795 4794">
     <span class='ocr_line' id='line_1_50' title="bbox 245 4721 1795 4794; baseline -0.004 -14"><span class='ocrx_word' id='word_1_578' title='bbox 245 4723 370 4788; x_wconf 84' lang='lat' dir='ltr'><strong>Sarcina,</strong></span> <span class='ocrx_word' id='word_1_579' title='bbox 384 4723 535 4787; x_wconf 76' lang='lat' dir='ltr'><strong>sarcinula,</strong></span> <span class='ocrx_word' id='word_1_580' title='bbox 549 4722 669 4793; x_wconf 86' lang='lat' dir='ltr'><strong>pondus,</strong></span> <span class='ocrx_word' id='word_1_581' title='bbox 684 4723 854 4792; x_wconf 88' lang='lat' dir='ltr'><strong>clitellaque,</strong></span> <span class='ocrx_word' id='word_1_582' title='bbox 868 4722 967 4789; x_wconf 80' lang='lat' dir='ltr'><strong>fasces,</strong></span> <span class='ocrx_word' id='word_1_583' title='bbox 1081 4723 1226 4794; x_wconf 83' lang='lat' dir='ltr'><strong>Rapturio,</strong></span> <span class='ocrx_word' id='word_1_584' title='bbox 1243 4727 1346 4784; x_wconf 84' lang='lat' dir='ltr'><strong>remeo,</strong></span> <span class='ocrx_word' id='word_1_585' title='bbox 1363 4722 1513 4794; x_wconf 81' lang='lat' dir='ltr'><strong>redeoque,</strong></span> <span class='ocrx_word' id='word_1_586' title='bbox 1530 4737 1653 4782; x_wconf 85' lang='lat' dir='ltr'><strong>recurro,</strong></span> <span class='ocrx_word' id='word_1_587' title='bbox 1669 4721 1795 4786; x_wconf 63' lang='lat' dir='ltr'><strong>recurso,</strong></span> 
     </span>
    </p>

    <p class='ocr_par' dir='ltr' id='par_1_50' title="bbox 244 4810 1835 4884">
     <span class='ocr_line' id='line_1_51' title="bbox 244 4810 1835 4884; baseline -0.003 -16"><span class='ocrx_word' id='word_1_588' title='bbox 244 4813 339 4868; x_wconf 88' lang='lat' dir='ltr'><strong>Prima</strong></span> <span class='ocrx_word' id='word_1_589' title='bbox 354 4821 439 4883; x_wconf 81' lang='lat' dir='ltr'><strong>quam</strong></span> <span class='ocrx_word' id='word_1_590' title='bbox 452 4812 544 4866; x_wconf 78' lang='lat' dir='ltr'><strong>fartim</strong></span> <span class='ocrx_word' id='word_1_591' title='bbox 557 4811 609 4866; x_wconf 86' lang='lat' dir='ltr'><strong>sibi</strong></span> <span class='ocrx_word' id='word_1_592' title='bbox 619 4812 745 4882; x_wconf 80' lang='lat' dir='ltr'><strong>posuisse</strong></span> <span class='ocrx_word' id='word_1_593' title='bbox 759 4813 889 4883; x_wconf 82' lang='lat' dir='ltr'><strong>lagenam</strong></span> <span class='ocrx_word' id='word_1_594' title='bbox 1081 4813 1205 4876; x_wconf 85' lang='lat' dir='ltr'><strong>Pessula,</strong></span> <span class='ocrx_word' id='word_1_595' title='bbox 1223 4818 1289 4868; x_wconf 92' lang='lat' dir='ltr'><strong>sunt</strong></span> <span class='ocrx_word' id='word_1_596' title='bbox 1302 4812 1404 4874; x_wconf 81' lang='lat' dir='ltr'><strong>obices,</strong></span> <span class='ocrx_word' id='word_1_597' title='bbox 1420 4827 1549 4884; x_wconf 85' lang='lat' dir='ltr'><strong>seraque,</strong></span> <span class='ocrx_word' id='word_1_598' title='bbox 1566 4810 1712 4882; x_wconf 82' lang='lat' dir='ltr'><strong>repagula,</strong></span> <span class='ocrx_word' id='word_1_599' title='bbox 1728 4815 1835 4863; x_wconf 62' lang='lat' dir='ltr'><strong>reum.</strong></span> 
     </span>
    </p>

    <p class='ocr_par' dir='ltr' id='par_1_51' title="bbox 244 4896 1835 4975">
     <span class='ocr_line' id='line_1_52' title="bbox 244 4896 1835 4975; baseline -0.004 -17"><span class='ocrx_word' id='word_1_600' title='bbox 244 4901 344 4959; x_wconf 87' lang='lat' dir='ltr'><strong>Cibum</strong></span> <span class='ocrx_word' id='word_1_601' title='bbox 360 4900 432 4972; x_wconf 85' lang='lat' dir='ltr'><strong>quud</strong></span> <span class='ocrx_word' id='word_1_602' title='bbox 446 4906 536 4967; x_wconf 87' lang='lat' dir='ltr'><strong>notes,</strong></span> <span class='ocrx_word' id='word_1_603' title='bbox 552 4899 640 4956; x_wconf 84' lang='lat' dir='ltr'><strong>fasces</strong></span> <span class='ocrx_word' id='word_1_604' title='bbox 655 4901 789 4956; x_wconf 78' lang='lat' dir='ltr'><strong>dicuntur</strong></span> <span class='ocrx_word' id='word_1_605' title='bbox 802 4902 932 4967; x_wconf 87' lang='lat' dir='ltr'><strong>honores,</strong></span> <span class='ocrx_word' id='word_1_606' title='bbox 1081 4903 1131 4958; x_wconf 81' lang='lat' dir='ltr'><strong>llic</strong></span> <span class='ocrx_word' id='word_1_607' title='bbox 1146 4913 1269 4974; x_wconf 88' lang='lat' dir='ltr'><strong>parmas,</strong></span> <span class='ocrx_word' id='word_1_608' title='bbox 1284 4904 1405 4975; x_wconf 82' lang='lat' dir='ltr'><strong>clypeos,</strong></span> <span class='ocrx_word' id='word_1_609' title='bbox 1417 4903 1516 4965; x_wconf 86' lang='lat' dir='ltr'><strong>ancile,</strong></span> <span class='ocrx_word' id='word_1_610' title='bbox 1533 4902 1575 4955; x_wconf 81' lang='lat' dir='ltr'><strong>vel</strong></span> <span class='ocrx_word' id='word_1_611' title='bbox 1589 4896 1686 4971; x_wconf 75' lang='lat' dir='ltr'><strong>regida,</strong></span> <span class='ocrx_word' id='word_1_612' title='bbox 1705 4903 1835 4965; x_wconf 71' lang='lat' dir='ltr'><strong>mutum,</strong></span> 
     </span>
    </p>

    <p class='ocr_par' dir='ltr' id='par_1_52' title="bbox 243 4988 1791 5063">
     <span class='ocr_line' id='line_1_53' title="bbox 243 4988 1791 5063; baseline -0.003 -14"><span class='ocrx_word' id='word_1_613' title='bbox 243 4991 430 5054; x_wconf 83' lang='lat' dir='ltr'><strong>Fasciculum,</strong></span> <span class='ocrx_word' id='word_1_614' title='bbox 446 4995 475 5044; x_wconf 93' lang='lat' dir='ltr'><strong>et</strong></span> <span class='ocrx_word' id='word_1_615' title='bbox 486 4997 570 5055; x_wconf 68' lang='lat' dir='ltr'><strong>&#39;onust</strong></span> <span class='ocrx_word' id='word_1_616' title='bbox 581 4989 692 5060; x_wconf 81' lang='lat' dir='ltr'><strong>globus,</strong></span> <span class='ocrx_word' id='word_1_617' title='bbox 709 4991 797 5044; x_wconf 89' lang='lat' dir='ltr'><strong>moles</strong></span> <span class='ocrx_word' id='word_1_618' title='bbox 807 4996 837 5046; x_wconf 91' lang='lat' dir='ltr'><strong>et</strong></span> <span class='ocrx_word' id='word_1_619' title='bbox 849 4995 975 5046; x_wconf 67' lang='lat' dir='ltr'><strong>comeus.</strong></span> <span class='ocrx_word' id='word_1_620' title='bbox 1080 4993 1170 5052; x_wconf 74' lang='lat' dir='ltr'><strong>rats,</strong></span> <span class='ocrx_word' id='word_1_621' title='bbox 1184 4992 1363 5056; x_wconf 87' lang='lat' dir='ltr'><strong>rotundatur,</strong></span> <span class='ocrx_word' id='word_1_622' title='bbox 1380 4991 1470 5063; x_wconf 86' lang='lat' dir='ltr'><strong>clypei</strong></span> <span class='ocrx_word' id='word_1_623' title='bbox 1485 5007 1550 5063; x_wconf 90' lang='lat' dir='ltr'><strong>pars</strong></span> <span class='ocrx_word' id='word_1_624' title='bbox 1565 4988 1649 5043; x_wconf 91' lang='lat' dir='ltr'><strong>umbo</strong></span> <span class='ocrx_word' id='word_1_625' title='bbox 1663 4993 1791 5044; x_wconf 88' lang='lat' dir='ltr'><strong>vocatur.</strong></span> 
     </span>
    </p>

    <p class='ocr_par' dir='ltr' id='par_1_53' title="bbox 243 5075 1763 5151">
     <span class='ocr_line' id='line_1_54' title="bbox 243 5075 1763 5151; baseline -0.006 -12"><span class='ocrx_word' id='word_1_626' title='bbox 243 5083 344 5142; x_wconf 86' lang='lat' dir='ltr'><strong>Panes,</strong></span> <span class='ocrx_word' id='word_1_627' title='bbox 357 5081 519 5151; x_wconf 71' lang='lat' dir='ltr'><strong>artocopus,</strong></span> <span class='ocrx_word' id='word_1_628' title='bbox 532 5079 654 5150; x_wconf 85' lang='lat' dir='ltr'><strong>pastilla,</strong></span> <span class='ocrx_word' id='word_1_629' title='bbox 671 5079 737 5144; x_wconf 80' lang='lat' dir='ltr'><strong>libri,</strong></span> <span class='ocrx_word' id='word_1_630' title='bbox 753 5079 889 5151; x_wconf 84' lang='lat' dir='ltr'><strong>pla‘cents,</strong></span> <span class='ocrx_word' id='word_1_631' title='bbox 1082 5082 1131 5136; x_wconf 86' lang='lat' dir='ltr'><strong>Est</strong></span> <span class='ocrx_word' id='word_1_632' title='bbox 1145 5081 1232 5142; x_wconf 87' lang='lat' dir='ltr'><strong>callis,</strong></span> <span class='ocrx_word' id='word_1_633' title='bbox 1245 5086 1360 5142; x_wconf 83' lang='lat' dir='ltr'><strong>trames,</strong></span> <span class='ocrx_word' id='word_1_634' title='bbox 1376 5087 1421 5135; x_wconf 89' lang='lat' dir='ltr'><strong>est</strong></span> <span class='ocrx_word' id='word_1_635' title='bbox 1435 5077 1536 5142; x_wconf 81' lang='lat' dir='ltr'><strong>orbita,</strong></span> <span class='ocrx_word' id='word_1_636' title='bbox 1554 5075 1664 5142; x_wconf 81' lang='lat' dir='ltr'><strong>semita,</strong></span> <span class='ocrx_word' id='word_1_637' title='bbox 1681 5077 1763 5131; x_wconf 84' lang='lat' dir='ltr'><strong>limes</strong></span> 
     </span>
    </p>

    <p class='ocr_par' dir='ltr' id='par_1_54' title="bbox 242 5167 1770 5242">
     <span class='ocr_line' id='line_1_55' title="bbox 242 5167 1770 5242; baseline -0.005 -15"><span class='ocrx_word' id='word_1_638' title='bbox 242 5171 376 5242; x_wconf 82' lang='lat' dir='ltr'><strong>lungitvt&#39;r</strong></span> <span class='ocrx_word' id='word_1_639' title='bbox 389 5169 545 5234; x_wconf 77' lang='lat' dir='ltr'><strong>arthocrea,</strong></span> <span class='ocrx_word' id='word_1_640' title='bbox 561 5169 645 5222; x_wconf 69' lang='lat' dir='ltr'><strong>amul</strong></span> <span class='ocrx_word' id='word_1_641' title='bbox 660 5169 841 5224; x_wconf 76' lang='lat' dir='ltr'><strong>arthocaseus</strong></span> <span class='ocrx_word' id='word_1_642' title='bbox 852 5169 918 5237; x_wconf 76' lang='lat' dir='ltr'><strong>illis,</strong></span> <span class='ocrx_word' id='word_1_643' title='bbox 1080 5171 1205 5232; x_wconf 88' lang='lat' dir='ltr'><strong>Viculus,</strong></span> <span class='ocrx_word' id='word_1_644' title='bbox 1218 5169 1345 5232; x_wconf 81' lang='lat' dir='ltr'><strong>otricus,</strong></span> <span class='ocrx_word' id='word_1_645' title='bbox 1363 5172 1407 5224; x_wconf 87' lang='lat' dir='ltr'><strong>est</strong></span> <span class='ocrx_word' id='word_1_646' title='bbox 1420 5169 1533 5241; x_wconf 89' lang='lat' dir='ltr'><strong>publica</strong></span> <span class='ocrx_word' id='word_1_647' title='bbox 1551 5173 1649 5228; x_wconf 78' lang='lat' dir='ltr'><strong>sueto,</strong></span> <span class='ocrx_word' id='word_1_648' title='bbox 1666 5167 1770 5237; x_wconf 67' lang='lat' dir='ltr'><strong>plastem</strong></span> 
     </span>
    </p>

    <p class='ocr_par' dir='ltr' id='par_1_55' title="bbox 242 5255 1802 5331">
     <span class='ocr_line' id='line_1_56' title="bbox 242 5255 1802 5331; baseline -0.003 -16"><span class='ocrx_word' id='word_1_649' title='bbox 242 5261 278 5315; x_wconf 85' lang='lat' dir='ltr'><strong>Et</strong></span> <span class='ocrx_word' id='word_1_650' title='bbox 290 5260 356 5331; x_wconf 85' lang='lat' dir='ltr'><strong>quia</strong></span> <span class='ocrx_word' id='word_1_651' title='bbox 365 5259 486 5314; x_wconf 82' lang='lat' dir='ltr'><strong>materia</strong></span> <span class='ocrx_word' id='word_1_652' title='bbox 495 5258 599 5313; x_wconf 79' lang='lat' dir='ltr'><strong>tlvaitur</strong></span> <span class='ocrx_word' id='word_1_653' title='bbox 614 5257 671 5312; x_wconf 89' lang='lat' dir='ltr'><strong>vice</strong></span> <span class='ocrx_word' id='word_1_654' title='bbox 686 5258 827 5312; x_wconf 82' lang='lat' dir='ltr'><strong>materiati</strong></span> <span class='ocrx_word' id='word_1_655' title='bbox 1080 5261 1130 5315; x_wconf 87' lang='lat' dir='ltr'><strong>Est</strong></span> <span class='ocrx_word' id='word_1_656' title='bbox 1142 5259 1247 5314; x_wconf 86' lang='lat' dir='ltr'><strong>bivihm</strong></span> <span class='ocrx_word' id='word_1_657' title='bbox 1263 5260 1306 5314; x_wconf 86' lang='lat' dir='ltr'><strong>via</strong></span> <span class='ocrx_word' id='word_1_658' title='bbox 1318 5259 1429 5330; x_wconf 85' lang='lat' dir='ltr'><strong>duplex,</strong></span> <span class='ocrx_word' id='word_1_659' title='bbox 1445 5264 1489 5312; x_wconf 88' lang='lat' dir='ltr'><strong>est</strong></span> <span class='ocrx_word' id='word_1_660' title='bbox 1502 5255 1616 5312; x_wconf 87' lang='lat' dir='ltr'><strong>trivium</strong></span> <span class='ocrx_word' id='word_1_661' title='bbox 1631 5256 1675 5309; x_wconf 81' lang='lat' dir='ltr'><strong>ria</strong></span> <span class='ocrx_word' id='word_1_662' title='bbox 1687 5255 1802 5326; x_wconf 83' lang='lat' dir='ltr'><strong>triplex,</strong></span> 
     </span>
    </p>

    <p class='ocr_par' dir='ltr' id='par_1_56' title="bbox 240 5344 1798 5420">
     <span class='ocr_line' id='line_1_57' title="bbox 240 5344 1798 5420; baseline -0.004 -16"><span class='ocrx_word' id='word_1_663' title='bbox 240 5349 362 5404; x_wconf 81' lang='lat' dir='ltr'><strong>Additur</strong></span> <span class='ocrx_word' id='word_1_664' title='bbox 373 5349 418 5403; x_wconf 90' lang='lat' dir='ltr'><strong>ltis</strong></span> <span class='ocrx_word' id='word_1_665' title='bbox 432 5347 534 5404; x_wconf 86' lang='lat' dir='ltr'><strong>simila.</strong></span> <span class='ocrx_word' id='word_1_666' title='bbox 551 5347 658 5418; x_wconf 89' lang='lat' dir='ltr'><strong>pariter</strong></span> <span class='ocrx_word' id='word_1_667' title='bbox 671 5348 809 5418; x_wconf 81' lang='lat' dir='ltr'><strong>similago,</strong></span> <span class='ocrx_word' id='word_1_668' title='bbox 825 5346 916 5418; x_wconf 83' lang='lat' dir='ltr'><strong>siligo.</strong></span> <span class='ocrx_word' id='word_1_669' title='bbox 1080 5349 1200 5420; x_wconf 88' lang='lat' dir='ltr'><strong>Sospita,</strong></span> <span class='ocrx_word' id='word_1_670' title='bbox 1218 5349 1393 5420; x_wconf 87' lang='lat' dir='ltr'><strong>quadrivium</strong></span> <span class='ocrx_word' id='word_1_671' title='bbox 1407 5347 1452 5402; x_wconf 94' lang='lat' dir='ltr'><strong>dic</strong></span> <span class='ocrx_word' id='word_1_672' title='bbox 1467 5356 1588 5418; x_wconf 86' lang='lat' dir='ltr'><strong>quatuor</strong></span> <span class='ocrx_word' id='word_1_673' title='bbox 1602 5359 1662 5399; x_wconf 89' lang='lat' dir='ltr'><strong>esse</strong></span> <span class='ocrx_word' id='word_1_674' title='bbox 1677 5344 1798 5410; x_wconf 67' lang='lat' dir='ltr'><strong>mamm,</strong></span> 
     </span>
    </p>

    <p class='ocr_par' dir='ltr' id='par_1_57' title="bbox 241 5429 1770 5510">
     <span class='ocr_line' id='line_1_58' title="bbox 241 5429 1770 5510; baseline -0.004 -18"><span class='ocrx_word' id='word_1_675' title='bbox 241 5437 341 5500; x_wconf 88' lang='lat' dir='ltr'><strong>Pallia,</strong></span> <span class='ocrx_word' id='word_1_676' title='bbox 358 5439 480 5510; x_wconf 82' lang='lat' dir='ltr'><strong>palliola,</strong></span> <span class='ocrx_word' id='word_1_677' title='bbox 497 5438 605 5498; x_wconf 83' lang='lat' dir='ltr'><strong>clamis,</strong></span> <span class='ocrx_word' id='word_1_678' title='bbox 620 5455 683 5492; x_wconf 88' lang='lat' dir='ltr'><strong>cum</strong></span> <span class='ocrx_word' id='word_1_679' title='bbox 694 5437 808 5498; x_wconf 88' lang='lat' dir='ltr'><strong>ciclade,</strong></span> <span class='ocrx_word' id='word_1_680' title='bbox 826 5437 910 5508; x_wconf 86' lang='lat' dir='ltr'><strong>palla,</strong></span> <span class='ocrx_word' id='word_1_681' title='bbox 1078 5437 1186 5492; x_wconf 79' lang='lat' dir='ltr'><strong>Acallo</strong></span> <span class='ocrx_word' id='word_1_682' title='bbox 1196 5437 1284 5502; x_wconf 89' lang='lat' dir='ltr'><strong>callis,</strong></span> <span class='ocrx_word' id='word_1_683' title='bbox 1301 5437 1349 5492; x_wconf 87' lang='lat' dir='ltr'><strong>sed</strong></span> <span class='ocrx_word' id='word_1_684' title='bbox 1365 5435 1401 5490; x_wconf 87' lang='lat' dir='ltr'><strong>ab</strong></span> <span class='ocrx_word' id='word_1_685' title='bbox 1415 5435 1492 5498; x_wconf 85' lang='lat' dir='ltr'><strong>orbe,</strong></span> <span class='ocrx_word' id='word_1_686' title='bbox 1508 5435 1540 5488; x_wconf 88' lang='lat' dir='ltr'><strong>llt</strong></span> <span class='ocrx_word' id='word_1_687' title='bbox 1554 5433 1653 5494; x_wconf 87' lang='lat' dir='ltr'><strong>orbita,</strong></span> <span class='ocrx_word' id='word_1_688' title='bbox 1667 5429 1770 5487; x_wconf 88' lang='lat' dir='ltr'><strong>turmis</strong></span> 
     </span>
    </p>

    <p class='ocr_par' dir='ltr' id='par_1_58' title="bbox 240 5519 1796 5596">
     <span class='ocr_line' id='line_1_59' title="bbox 240 5519 1796 5596; baseline -0.004 -16"><span class='ocrx_word' id='word_1_689' title='bbox 240 5527 280 5580; x_wconf 80' lang='lat' dir='ltr'><strong>Ac</strong></span> <span class='ocrx_word' id='word_1_690' title='bbox 295 5526 385 5591; x_wconf 88' lang='lat' dir='ltr'><strong>abilis,</strong></span> <span class='ocrx_word' id='word_1_691' title='bbox 398 5525 537 5582; x_wconf 86' lang='lat' dir='ltr'><strong>manibus.</strong></span> <span class='ocrx_word' id='word_1_692' title='bbox 555 5526 706 5580; x_wconf 85' lang='lat' dir='ltr'><strong>mantellus</strong></span> <span class='ocrx_word' id='word_1_693' title='bbox 717 5526 847 5596; x_wconf 87' lang='lat' dir='ltr'><strong>jungitur</strong></span> <span class='ocrx_word' id='word_1_694' title='bbox 860 5525 926 5589; x_wconf 90' lang='lat' dir='ltr'><strong>illis,</strong></span> <span class='ocrx_word' id='word_1_695' title='bbox 1077 5527 1280 5583; x_wconf 84' lang='lat' dir='ltr'><strong>Atranscendo</strong></span> <span class='ocrx_word' id='word_1_696' title='bbox 1295 5527 1380 5591; x_wconf 90' lang='lat' dir='ltr'><strong>venit,</strong></span> <span class='ocrx_word' id='word_1_697' title='bbox 1395 5525 1444 5579; x_wconf 87' lang='lat' dir='ltr'><strong>sed</strong></span> <span class='ocrx_word' id='word_1_698' title='bbox 1459 5525 1513 5579; x_wconf 90' lang='lat' dir='ltr'><strong>iter</strong></span> <span class='ocrx_word' id='word_1_699' title='bbox 1525 5523 1573 5577; x_wconf 88' lang='lat' dir='ltr'><strong>dat</strong></span> <span class='ocrx_word' id='word_1_700' title='bbox 1582 5521 1684 5576; x_wconf 83' lang='lat' dir='ltr'><strong>semita</strong></span> <span class='ocrx_word' id='word_1_701' title='bbox 1697 5519 1796 5575; x_wconf 79' lang='lat' dir='ltr'><strong>semis.</strong></span> 
     </span>
    </p>

    <p class='ocr_par' dir='ltr' id='par_1_59' title="bbox 240 5607 1880 5686">
     <span class='ocr_line' id='line_1_60' title="bbox 240 5607 1880 5686; baseline -0.002 -18"><span class='ocrx_word' id='word_1_702' title='bbox 240 5614 315 5668; x_wconf 88' lang='lat' dir='ltr'><strong>Dant</strong></span> <span class='ocrx_word' id='word_1_703' title='bbox 327 5614 413 5684; x_wconf 89' lang='lat' dir='ltr'><strong>pelles</strong></span> <span class='ocrx_word' id='word_1_704' title='bbox 428 5615 519 5685; x_wconf 88' lang='lat' dir='ltr'><strong>pallis,</strong></span> <span class='ocrx_word' id='word_1_705' title='bbox 535 5615 636 5669; x_wconf 85' lang='lat' dir='ltr'><strong>matrix</strong></span> <span class='ocrx_word' id='word_1_706' title='bbox 646 5614 727 5682; x_wconf 88' lang='lat' dir='ltr'><strong>bene,</strong></span> <span class='ocrx_word' id='word_1_707' title='bbox 747 5621 776 5669; x_wconf 89' lang='lat' dir='ltr'><strong>et</strong></span> <span class='ocrx_word' id='word_1_708' title='bbox 787 5615 946 5686; x_wconf 80' lang='lat' dir='ltr'><strong>cirogallus,</strong></span> <span class='ocrx_word' id='word_1_709' title='bbox 1079 5616 1136 5682; x_wconf 88' lang='lat' dir='ltr'><strong>Sol,</strong></span> <span class='ocrx_word' id='word_1_710' title='bbox 1149 5617 1231 5679; x_wconf 86' lang='lat' dir='ltr'><strong>titan,</strong></span> <span class='ocrx_word' id='word_1_711' title='bbox 1248 5615 1377 5686; x_wconf 70' lang='lat' dir='ltr'><strong>phaebus,</strong></span> <span class='ocrx_word' id='word_1_712' title='bbox 1389 5615 1488 5670; x_wconf 82' lang='lat' dir='ltr'><strong>titulus</strong></span> <span class='ocrx_word' id='word_1_713' title='bbox 1505 5612 1581 5668; x_wconf 80' lang='lat' dir='ltr'><strong>rsait</strong></span> <span class='ocrx_word' id='word_1_714' title='bbox 1591 5611 1676 5676; x_wconf 83' lang='lat' dir='ltr'><strong>hauc,</strong></span> <span class='ocrx_word' id='word_1_715' title='bbox 1693 5616 1724 5665; x_wconf 86' lang='lat' dir='ltr'><strong>et</strong></span> <span class='ocrx_word' id='word_1_716' title='bbox 1736 5607 1880 5681; x_wconf 75' lang='lat' dir='ltr'><strong>ephebus.</strong></span> 
     </span>
    </p>
   </div>
   <div class='ocr_carea' id='block_1_3' title="bbox 0 0 2039 6180">
    <p class='ocr_par' dir='ltr' id='par_1_60' title="bbox 0 0 2039 6180">
     <span class='ocr_line' id='line_1_61' title="bbox 0 0 2039 6180; baseline 0 0"><span class='ocrx_word' id='word_1_717' title='bbox 0 0 2039 6180; x_wconf 95' lang='lat' dir='ltr'><strong> </strong></span> 
     </span>
    </p>
   </div>
  </div>
 </body>
</html>
