3856 6176
83 273 132 329 4⁵25
499 269 609 328 LIBER
626 269 673 326 DE
691 265 860 324 CORPORE
877 266 921 322 ΕΤ
940 265 1125 324 SANGUINE
1143 269 1289 334 DOMINI.¹
1660 278 1714 342 426

82 397 246 470 myserium
263 401 315 463 est,
340 400 449 452 censeri
465 399 579 454 nomint
607 398 761 453 confflevit·
784 397 1087 468 Huiushabsnncant.
1104 411 1222 468 Frustra
1234 429 1301 483 ergo
1314 413 1401 469 infers
1411 419 1440 469 et
1453 413 1522 472 dicis
1533 435 1566 476 :a
1582 419 1612 476 Si
1626 422 1715 476 semel

82 487 119 542 rei
129 503 216 542 cansa
230 485 385 541 similitudo
400 491 444 542 est
456 503 541 558 quam
555 488 586 543 in
599 493 786 553 sacramento,
805 491 833 542 et
847 487 878 541 in
917 514 1016 570 passus
1037 503 1080 553 est
1095 499 1224 556 Christus
1245 501 1276 556 In
1297 503 1456 574 semetipso,
1472 508 1560 562 semel
1577 509 1663 564 etiam
1683 510 1714 566 in

81 592 109 628 rs
122 575 294 630 sacramenti
312 576 431 647 reperffl
444 591 556 648 semper
569 593 682 632 ηθθθθὸθ
695 581 746 644 est,
762 576 835 630 ⁸1⁰¹ss
848 574 878 629 1¹¹
918 603 1034 658 corpore
1047 604 1107 656 suo,
1126 604 1158 643 eo
1173 590 1247 660 quod
1261 607 1362 662 corpus
1377 607 1461 647 suum
1472 595 1648 652 nullomodo
1668 617 1713 654 se·

80 664 218 736 baptismo
234 664 337 719 attide.
350 665 507 736 Utrumque
522 665 598 720 eninr
610 666 694 732 lavat,
706 670 818 737 purgat,
829 680 879 735 pu·
919 676 1014 748 parari
1027 681 1147 747 potesta
1160 677 1262 748 seipso.
1281 679 1383 744 »Quod
1396 697 1453 737 noa
1467 685 1602 754 procedit.
1619 692 1714 755 ἰη

81 754 188 820 riticat;
201 752 274 808 illud
287 769 411 820 carnem,
426 755 480 809 hoc
493 760 628 810 ruentem.
919 765 1009 820 Itulta
1023 765 1126 837 quippe
1151 771 1218 822 sunt
1234 767 1265 821 in
1288 767 1382 834 rebus,
1399 786 1460 840 qua
1473 787 1569 828 rerum
1588 775 1716 846 partibus

114 843 195 898 Sicut
208 859 277 914 ergo
297 842 419 897 coelestis
432 843 524 914 panis,
538 860 600 914 quae
614 860 681 898 vera
695 843 800 898 Christi
814 859 879 897 08r0
919 854 1067 909 convenire
1085 871 1141 910 non
1156 861 1281 927 possunt.
1295 857 1367 912 Nam
1378 875 1442 913 curn
1456 860 1515 931 ipse
1524 861 1660 920 Dominus
1673 867 1717 921 le-

83 937 131 996 θεῖ,
149 931 298 986 ⁸¹10m⁰d0
313 937 429 1002 Vocatur
446 948 547 1004 corpus
561 932 677 996 Christi·
693 933 767 988 illius
782 931 879 987 Videli-
920 957 1062 997 ansverus
1078 943 1153 998 Deus
1165 943 1210 1011 sit,
1223 949 1251 998 et
1264 961 1346 1000 verus
1365 946 1458 1014 homo,
1475 949 1621 1022 omnisque
1632 953 1718 1009 homo

82 1019 345 1090 oetquodv'fflibiles
364 1020 514 1093 palpabile,
540 1023 670 1088 mortale,
688 1022 717 1076 in
741 1038 824 1077 cruce
838 1025 882 1076 est
921 1036 1031 1085 constet
1056 1032 1151 1086 anima
1174 1033 1304 1088 rationali
1335 1039 1363 1088 et
1390 1051 1515 1107 corpore,
1545 1055 1602 1094 non
1622 1045 1719 1098 tamen
1793 1051 1797 1060 “

83 1125 269 1180 suspensnm3
286 1114 456 1180 vocaturque
474 1110 537 1182 ipsa
559 1111 652 1166 caruis
674 1110 762 1182 Ipsius
782 1110 881 1164 immo·
920 1119 1016 1174 anima
1029 1120 1101 1190 ipsa,
1115 1120 1717 1200 antipsnmcorpnsrectevocabitarhomo,

83 1197 157 1264 latio,
183 1213 245 1269 quae
263 1198 417 1254 sacerdotis
441 1198 571 1254 manibus
597 1201 630 1254 tit
652 1199 757 1255 Christi
776 1198 878 1270 passio,
920 1206 964 1264 vel
975 1208 1061 1264 Deus,

82 1303 169 1352 mors,
185 1286 339 1352 crucifixio,
363 1303 420 1342 non
442 1287 484 1342 rei
499 1287 625 1352 veritate,
641 1288 691 1343 sed
704 1287 881 1358 significante
1216 1299 1333 1356 CAPUT
1346 1302 1420 1360 XVI.

83 1375 227 1447 mysterio.
253 1375 294 1430 sic
318 1380 526 1431 &emmenum
547 1377 624 1444 fidei,
646 1378 721 1448 (11¹0d
744 1377 883 1448 baptisma
954 1386 1077 1441 Bariana.
1100 1404 1114 1438 a
1142 1387 1302 1456 Consentio,
1318 1390 1410 1462 inquit
1424 1393 1604 1464 Burgundus‚
1618 1402 1722 1452 sancte

83 1465 226 1536 intelligit,
242 1466 313 1521 frdes
325 1471 381 1524 est.
926 1473 1089 1529 «Romanae
1108 1475 1247 1531 Ecclesiae.
1269 1477 1377 1533 Revera
1395 1495 1452 1535 non
1474 1487 1600 1538 sanctam
1627 1485 1723 1541 Eccle-

386 1553 504 1610 CAPU'I'
522 1556 581 1611 xv.
712 1547 718 1557 ’
926 1578 941 1615 c
957 1563 1029 1616 siam
1043 1567 1157 1634 experta
1171 1569 1215 1618 est
1227 1564 1330 1620 veritas
1348 1567 1419 1636 ipsa,
1436 1567 1485 1622 sed
1498 1569 1649 1626 Ecclesiam
1660 1589 1722 1626 ma-

114 1647 246 1700 Bsamve.
266 1660 281 1697 r
297 1645 402 1699 Beatus
415 1644 590 1716 Augustinus
601 1645 631 1699 in
646 1645 765 1716 epistola
778 1645 814 1700 ad
828 1645 883 1698 Bc-
927 1669 939 1700 ι
955 1651 1134 1722 liguentinm,
1147 1653 1296 1709 concillum
1307 1655 1449 1724 vanitatis,
1465 1673 1517 1712 nec
1530 1659 1721 1731 apostolicam,

84 1757 95 1786 e
109 1734 269 1790 nifacium:
284 1748 300 1778 «
315 1733 408 1789 Semel
420 1733 583 1789 immolatus
597 1738 640 1788 est
654 1733 781 1788 Christus
795 1733 825 1788 in
839 1723 916 1787 εει-Β
929 1756 943 1792 a
958 1740 1007 1794 sed
1018 1741 1112 1795 sedem
1124 1741 1244 1797 Satanae.
1258 1759 1270 1794 a

84 1843 96 1879 r
110 1823 249 1895 metipso.
262 1824 422 1878 »Ettamen
436 1823 466 1878 in
475 1827 651 1878 sacramento
662 1839 719 1878 non
734 1823 826 1878 solum
836 1839 886 1894 per
964 1829 1068 1883 Larsa.
1085 1830 1149 1884 Non
1167 1830 1284 1885 deberes
1296 1831 1389 1886 dicere
1405 1851 1411 1885 :
1430 1851 1444 1886 s
1459 1833 1621 1904 consentio,
1631 1837 1726 1910 inquit

85 1931 218 1969 «omnes
232 1914 344 1968 Paschae
358 1913 560 1980 solemnitates,
576 1912 625 1968 sed
640 1912 756 1967 etomni
775 1911 821 1966 dic
835 1929 886 1982 po-
929 1917 1135 1989 «Burgundus,
1150 1919 1224 1973 ased
1237 1919 1381 1974 consentio
1397 1923 1660 1995 egoBerengarIns3
1676 1932 1727 1981 tua
1769 1951 1775 1958 ·

86 2004 194 2075 :pulle
206 2003 378 2057 immolatur.
396 2021 410 2056 v
928 2005 1004 2060 enim
1017 2006 1077 2061 haec
1091 2006 1177 2063 verba
1190 2007 1316 2075 fuerunt,
1337 2011 1396 2064 haec
1410 2014 1438 2064 te
1462 2013 1576 2068 credere
1599 2019 1728 2070 sanctum

115 2093 229 2148 Laura
252 2092 284 2146 ln
307 2091 399 2162 seipso
413 2089 499 2146 semel
513 2088 676 2144 immolatus
689 2095 733 2145 est
747 2089 885 2155 Christus,
927 2093 1077 2150 concilium
1091 2094 1224 2162 fefellisti,
1239 2096 1299 2151 haec
1314 2101 1342 2151 te
1353 2101 1531 2154 servaturum
1542 2101 1728 2173 jurejurando

86 2181 202 2251 quinia
215 2179 439 2234 manifestatione
449 2179 493 2234 sui
511 2178 647 2250 corporis,
663 2179 886 2234 indistinctione
927 2183 1055 2238 firmasti.
1071 2182 1247 2238 Venerabilis
1276 2184 1458 2253 flambertus,
1486 2204 1569 2258 quem
1592 2191 1673 2262 quasi
1686 2207 1732 2246 ex-

84 2267 282 2324 membrorum
305 2267 433 2322 omnium
457 2283 539 2322 verus
554 2267 630 2323 Deus
652 2272 681 2322 et
703 2284 785 2323 verus
803 2269 888 2322 homo
930 2270 1089 2342 probrando
1104 2271 1288 2342 Burgundum
1302 2273 1443 2338 nominas,
1460 2277 1541 2346 quasi
1561 2294 1618 2333 non
1642 2279 1732 2351 possit

84 2357 178 2412 semel
196 2361 305 2410 tanturn
318 2356 348 2410 in
369 2371 452 2410 cruce
474 2355 617 2426 pependit,
632 2355 753 2411 offerens
765 2355 891 2427 seipsum
933 2359 1008 2413 Deus
1021 2358 1126 2413 hebere
1142 2359 1172 2414 in
1186 2360 1350 2432 Burgundis
1363 2378 1457 2419 servos
1473 2381 1548 2432 suos,
1568 2366 1640 2422 nihil
1653 2367 1731 2423 aliud

84 2445 168 2501 Patri
187 2445 306 2500 hostiam
323 2445 424 2511 vivam,
449 2444 620 2516 passibilem,
640 2445 799 2510 mortalem,
814 2444 890 2498 vivo·
934 2447 1009 2512 fecit,
1024 2446 1078 2501 nisi
1092 2447 1166 2518 quod
1176 2447 1344 2520 scripturam
1353 2450 1455 2521 ipsam,
1471 2453 1650 2525 precipiente
1668 2473 1733 2527 syn·

84 2551 153 2590 rum
167 2551 204 2588 ac
217 2539 392 2588 mortuorum
408 2533 609 2604 redemptionis
623 2534 775 2600 efficacem,
793 2549 891 2588 eorum
932 2535 994 2602 odo,
1010 2551 1096 2591 manu
1114 2536 1144 2592 in
1162 2552 1279 2592 manum
1299 2537 1352 2593 tibi
1373 2540 1506 2610 porrexit.
1523 2542 1640 2611 Oerum,
1660 2545 1734 2600 oin·

84 2623 223 2678 videlicet
244 2639 313 2692 qnos
337 2621 424 2677 divini
443 2621 552 2678 concilii
576 2621 696 2677 altitudo
714 2621 892 2676 redimendos
932 2625 997 2679 felix
1010 2625 1114 2692 anima,
1131 2624 1319 2681 dehaeresiad
1332 2629 1489 2698 periurium
1502 2631 1581 2702 prius
1594 2633 1732 2701 transisti,

83 2712 241 2783 judicavit,
262 2711 407 2783 prescivit,
424 2711 641 2781 predestinavit,
665 2711 782 2778 vocavit,
802 2710 893 2765 modis
933 2729 1009 2768 nunc
1040 2713 1144 2768 iterum
1169 2714 1204 2768 de
1227 2715 1352 2785 perjurio
1375 2717 1411 2770 ad
1430 2719 1559 2774 heresim
1577 2721 1735 2788 remeasti;

85 2809 182 2874 atque
195 2799 368 2871 temporibus
383 2799 485 2871 quibus
493 2799 523 2854 id
534 2799 594 2854 fleri
608 2799 788 2869 congruebat.
804 2800 837 2854 In
851 2815 895 2853 sa·
934 2805 1083 2874 propterea
1103 2801 1223 2856 traditus
1245 2803 1276 2857 in
1299 2803 1450 2874 reprobum
1475 2822 1588 2863 sensum
1608 2815 1735 2865 sanctam

86 2893 243 2946 eramento
257 2893 352 2943 tamen
366 2888 441 2960 quod
455 2889 485 2942 in
502 2888 587 2959 huius
601 2887 642 2942 rei
658 2888 825 2944 memoriam
838 2885 895 2942 fre·
936 2891 1093 2945 Romanam
1113 2889 1265 2945 Ecclesiam
1290 2907 1372 2946 vocas
1399 2893 1553 2949 Ecclesiam
1576 2896 1735 2968 mahgnan-

88 2983 218 3052 qaentat
231 2977 362 3040 Ecclesia,
378 2993 443 3032 caro
457 2976 569 3032 Domini
584 2976 709 3048 quotidie
722 2976 893 3042 immolatur,
936 2979 1018 3047 tium,
1039 2977 1188 3034 concilium
1205 2978 1346 3047 vanitatis,
1368 2982 1464 3036 sedern
1485 2982 1605 3040 Satanae.
1628 2985 1663 3040 Et
1682 2986 1736 3042 hoc

85 3066 244 3132 dividitur,
258 3065 423 3133 comeditur,
439 3070 468 3120 et
491 3065 607 3136 sanguis
621 3067 683 3136 ejus
697 3066 733 3120 dc
752 3065 836 3120 calice
860 3066 895 3120 fl-
905 3080 928 3140 ρ
938 3067 1025 3139 impio
1037 3083 1085 3121 ore
1094 3065 1218 3138 garristi,
1234 3067 1309 3138 quod
1317 3069 1441 3138 garrisse
1455 3086 1537 3127 nemo
1551 3073 1666 3144 legitur,
1677 3091 1736 3132 non

87 3159 205 3212 delium
219 3172 269 3210 ore
279 3160 402 3227 potatur.
420 3154 543 3226 Utraque
554 3170 628 3220 vera,
651 3154 819 3226 utraquede
832 3154 898 3208 Vir·
938 3155 1095 3223 haereticus,
1123 3171 1179 3210 non
1210 3155 1416 3224 schismetIcus,
1438 3175 1495 3214 non
1522 3160 1610 3216 falsus
1633 3163 1737 3234 aliquis

86 3247 161 3318 gine
180 3250 304 3316 sumpta.
315 3243 443 3299 Sumitur
455 3243 570 3315 quidem
588 3259 653 3298 caro
669 3259 720 3315 per
731 3259 771 3310 se,
787 3247 818 3297 et
835 3259 898 3298 san·
938 3244 1123 3300 Christianus.
1137 3243 1281 3315 Quotquot
1288 3245 1362 3299 enirn
1377 3263 1395 3300 a
1408 3247 1739 3317 prImordioChristianaa

88 3335 156 3406 guis
175 3351 231 3406 per
246 3349 342 3388 senon
354 3333 415 3387 sine
429 3332 498 3387 certi
511 3331 639 3404 mysterii
653 3331 774 3390 ratione.
796 3331 899 3396 Quam·
939 3332 1067 3388 Ecdesiae
1078 3331 1231 3388 Christiani
1246 3333 1369 3388 numiuis
1381 3333 1519 3406 dignitate
1528 3337 1642 3408 gloriati
1659 3345 1736 3408 sunt,

85 3425 132 3478 vis
157 3423 218 3477 alio
234 3421 384 3476 locutionis
402 3419 715 3475 modototusChristns
734 3418 898 3474 manducari
940 3421 993 3476 etsi
1008 3420 1105 3492 ailqui,
1116 3421 1213 3476 relicto
1224 3421 1349 3477 veritatis
1361 3423 1484 3492 tramite,
1501 3427 1644 3496 perderis
1659 3445 1739 3484 erro-

88 3511 209 3566 dicatur
223 3513 256 3564 et
274 3508 413 3575 credatur,
431 3508 537 3564 scilicet
552 3524 616 3564 cnm
633 3507 691 3563 vita
704 3513 897 3578 aeternaque
938 3509 979 3564 ris
994 3509 1124 3564 incedere
1144 3509 1314 3576 maluerunt,
1336 3511 1432 3567 sedern
1450 3518 1547 3570 tamen
1565 3514 1640 3572 beati
1658 3518 1726 3573 Petr

85 3600 154 3670 ipse
170 3605 226 3666 est,
244 3595 385 3669 spirituali
408 3597 548 3653 desiderio
563 3597 714 3670 appetitur,
731 3613 795 3652 curn
808 3611 899 3651 recor·
939 3597 1059 3670 apostoli
1074 3597 1223 3669 magnifice
1233 3599 1450 3669 honoraverunt,
1462 3603 1627 3676 nullamque
1638 3606 1739 3663 adver-

87 3689 173 3743 datio
187 3687 392 3744 mandatorum
404 3688 464 3757 ejus
478 3703 563 3759 snper
573 3687 630 3741 mel
643 3691 671 3741 et
685 3687 779 3741 favum
793 3683 900 3740 dulcior
941 3703 990 3741 sus
1000 3703 1063 3741 earn
1077 3685 1237 3756 hujusmodi
1245 3687 1451 3759 blasphemiam
1461 3691 1505 3746 vel
1515 3692 1607 3749 dicere
1621 3695 1663 3749 vel
1673 3695 1740 3751 scri-

84 3777 116 3832 in
133 3781 241 3832 mente
253 3775 382 3843 habetur,
394 3791 459 3830 cum
471 3776 595 3831 fraterna
614 3775 749 3845 charitas,
768 3775 849 3844 cnjus
861 3772 900 3828 si-
940 3773 1007 3830 here
1020 3781 1270 3846 presumpserunt.
1286 3776 1366 3840 Quod
1380 3778 1570 3836 Indubitatum
1590 3782 1676 3839 habet
1690 3785 1740 3856 qui

83 3883 186 3935 gnum
205 3866 262 3920 hoc
284 3868 493 3918 sacramentum
506 3869 609 3935 gestat,
622 3880 673 3935 pro
687 3863 792 3919 Christi
804 3877 900 3916 amore
941 3879 1039 3918 eorum
1058 3863 1164 3934 scripta
1186 3862 1263 3934 legit,
1285 3881 1347 3936 quae
1369 3866 1486 3922 diversis
1506 3871 1690 3941 temporibus,
1706 3889 1740 3928 ac

83 3954 239 4026 diligitur,
254 3969 317 4007 cura
332 3952 452 4008 dulciter
460 3958 545 4024 atque
558 3951 708 4008 salubriter
721 3952 751 4007 in
764 3951 901 4006 memoria
941 3951 1059 4007 diversis
1067 3953 1102 4006 de
1112 3951 1205 4006 causis
1216 3952 1296 4008 sedes
1307 3955 1460 4024 apostolica
1474 3955 1560 4012 abeis
1573 3959 1739 4015 aansmhss

81 4043 264 4098 reconditur
277 4042 353 4113 quod
376 4059 427 4114 pro
454 4042 546 4097 salute
559 4041 706 4096 hominum
725 4037 900 4095 contumeliis
939 4041 982 4096 vel
1000 4045 1130 4112 porrecta
1154 4041 1269 4111 recepit.
1290 4042 1416 4113 Denique
1428 4043 1489 4114 ipse
1502 4045 1638 4102 Dominus
1651 4049 1739 4104 hono·

81 4133 126 4186 sit
148 4133 287 4198 alredus,
309 4147 391 4186 cruce
410 4146 571 4203 suspensus,
595 4129 681 4184 clavis
705 4129 814 4196 affixus,
842 4127 902 4182 lan-
941 4129 1018 4184 ritice
1043 4127 1196 4200 alloquitur
1209 4145 1272 4184 earn
1289 4129 1319 4184 ln
1342 4130 1491 4201 Evangelio
1513 4133 1630 4190 dicens:
1658 4137 1698 4191 Ta
1712 4153 1739 4192 es

79 4239 140 4277 cea
158 4221 340 4276 vulneratus.
354 4221 480 4291 Utraque
489 4220 623 4294 comestio
638 4218 805 4283 necessaris,
822 4222 902 4272 utra·
942 4218 1049 4283 Petrus,
1074 4222 1098 4271 et
1116 4217 1286 4286 superbene
1306 4223 1419 4286 petram
1438 4221 1573 4288 edificabo
1587 4223 1737 4280 Emlesiem
1830 4247 1832 4253 ,

81 4327 148 4382 que
164 4311 326 4365 fructmsa.
340 4309 439 4363 Altera
452 4308 561 4380 indiget
578 4308 704 4376 alterins,
724 4312 757 4362 ut
770 4306 836 4362 boni
849 4305 901 4361 ali-
942 4305 1267 4373 meam.lltparteiaseri
1275 4309 1657 4375 nonwaeualcbrmtadncrsus
1666 4329 1737 4368 cam.

78 4400 164 4472 quid
182 4403 329 4471 operetur.
344 4399 419 4452 Nam
442 4397 520 4470 prior
540 4397 564 4452 si
579 4397 661 4464 desit,
682 4396 821 4469 posterior
844 4365 977 4450 nonDEt
991 4394 1042 4448 tibi
1056 4392 1126 4447 deba
1148 4396 1234 4448 claves
1256 4396 1485 4462 regnicolarum.
1510 4399 1546 4453 Et
1559 4401 1740 4472 quodcunque
1830 4461 1834 4468 ,

77 4489 195 4542 solum
217 4491 333 4558 poecata
357 4502 415 4541 non
434 4491 546 4557 purgat,
573 4485 622 4540 sed
645 4484 731 4538 etiam
754 4487 848 4554 auget,
875 4486 902 4536 et
944 4483 1166 4551 licaverissupcr
1180 4486 1294 4548 terrem,
1310 4485 1366 4538 erit
1384 4486 1504 4553 liparem
1522 4487 1549 4541 at
1562 4489 1594 4543 in
1608 4491 1689 4546 cetis.
1705 4491 1740 4546 Et

76 4579 323 4650 praeumptores
336 4574 454 4646 judicat.
472 4576 613 4642 (latentur
626 4575 778 4628 manducat
792 4577 816 4627 et
835 4573 903 4627 bibit
944 4573 1334 4641 quodeunquesotoerissuper
1343 4576 1458 4638 baram,
1468 4577 1522 4630 erit
1533 4577 1656 4632 solatum
1668 4585 1694 4635 et
1707 4583 1741 4636 r'rt

78 4668 231 4735 indigne,
243 4665 386 4732 iudicium
398 4665 452 4718 sibi
461 4663 614 4718 manducat
628 4666 653 4716 et
667 4662 735 4715 bibit
745 4663 773 4730 (f
785 4663 844 4717 Cor.
864 4677 901 4716 ru.
943 4663 1014 4716 celis
1026 4659 1131 4730 (narra.
1153 4673 1207 4726 xvr,
1224 4657 1266 4726 18,
1282 4657 1337 4728 19).
1357 4659 1424 4725 Quae
1440 4663 1554 4719 murata
1568 4665 1603 4720 de
1623 4670 1741 4738 pastori·

74 4753 145 4826 29).
180 4753 278 4810 Porro
300 4751 439 4824 posterior
460 4751 522 4807 sirie
544 4751 638 4823 priore
660 4765 798 4805 essenon
812 4752 904 4821 potest
944 4747 1108 4804 bussanctae
1116 4747 1244 4804 Ecclesia
1258 4746 1334 4804 dicta
1348 4751 1579 4822 essecredantur,
1596 4759 1625 4809 et
1642 4772 1660 4811 a
1677 4758 1741 4830 qui·

74 4851 133 4900 ant
152 4857 228 4898 non
243 4841 334 4896 debet.
350 4841 422 4896 llinr
441 4855 565 4912 namque
586 4838 668 4912 panIs
688 4837 868 4910 quotidianus
886 4854 903 4892 a
943 4835 1061 4892 busdam
1078 4836 1221 4892 catholicis
1240 4842 1424 4907 exponantur,
1440 4840 1579 4912 praecipue
1593 4848 1690 4900 tamen
1704 4848 1740 4902 de

72 4932 228 4990 Domino
243 4929 356 4998 dicitur,
373 4929 446 4985 sicut
459 4946 478 4984 a
494 4929 577 4984 beato
591 4927 739 4982 Ambrosio
755 4925 900 4994 (Sanam,
944 4925 1071 4981 Romana
1085 4926 1207 4981 Ecclesia
1219 4925 1401 4997 intelligenda
1412 4943 1474 4985 esse
1487 4931 1561 4988 sacri
1574 4948 1695 4991 canones
1712 4941 1742 4992 et

71 5041 101 5077 c.
118 5021 168 5088 tr,
188 5024 226 5074 et
240 5023 337 5074 sanem
346 5019 487 5090 Cypriane
503 5015 658 5089 exponitur,
670 5015 741 5070 etin
754 4995 904 5086 Evangelio
945 5014 1110 5086 pontificum
1123 5012 1235 5069 decreta
1248 5017 1397 5069 testamur.

72 5109 296 5184 legitunllirt
302 5109 659 5162 manducaveritiscornem
667 5105 734 5160 filit
743 5105 905 5172 hominiaet
1233 5102 1350 5170 CAPUT
1364 5104 1451 5161 XVII.

72 5199 234 5257 amris
250 5199 307 5265 ejus
316 5199 493 5265 uapularem,
505 5211 561 5250 non
571 5195 708 5250 habebibis
721 5196 808 5248 citam
819 5195 852 5247 r'n
862 5209 906 5248 oo·
982 5193 1102 5248 Basaro.
1122 5211 1134 5242 ι
1151 5191 1220 5256 Quis
1235 5191 1311 5248 eninr
1326 5198 1377 5248 aut
1392 5194 1502 5251 ratione
1524 5197 1671 5268 condpiat,
1692 5205 1743 5256 aut

73 5293 123 5346 bis
143 5289 259 5356 (lacn.
271 5297 309 5352 vr,
333 5283 387 5354 5⁴).
403 5285 439 5340 Et
450 5283 523 5340 sacri
537 5297 657 5338 canones
665 5279 768 5352 jubent
781 5295 838 5336 non
853 5280 905 5335 ha·
949 5297 963 5334 c
978 5297 1030 5352 per
1038 5279 1208 5335 musculum
1222 5279 1284 5334 fieri
1295 5296 1377 5352 posse
1387 5283 1529 5350 concedat,
1539 5297 1640 5355 panem
1649 5283 1743 5360 frangi

70 5379 213 5436 bendoe
241 5372 316 5427 inter
338 5371 491 5428 catholicos
512 5371 560 5443 qui
583 5373 758 5426 sacramento
783 5368 907 5440 corporis
950 5368 1009 5424 utu
1018 5367 1124 5423 Christi
1137 5383 1262 5440 corpore,
1278 5370 1353 5440 quod
1362 5375 1427 5441 post
1437 5372 1670 5430 resurrectionem
1683 5381 1744 5432 tcta

71 5463 209 5524 curtati
232 5476 291 5516 non
303 5461 522 5529 communicant,
545 5459 600 5516 nisi
619 5459 691 5514 forte
710 5457 908 5530 poenitentinm
951 5457 1056 5528 «viget
1068 5455 1342 5529 Incorruptibilitate,
1358 5463 1387 5512 et
1405 5459 1538 5531 usquein
1554 5465 1683 5534 tempora
1696 5481 1744 5524 η.

70 5573 182 5626 more,
203 5557 243 5610 et
254 5549 403 5624 episcopali
414 5550 531 5622 jndicio,
542 5565 593 5623 pro
604 5547 770 5622 capitalibus
783 5533 908 5620 peccatis
952 5565 965 5600 r
982 5544 1137 5604 stitutionis
1146 5545 1275 5630 nmmum
1287 5547 1356 5633 coelo
1365 5550 1461 5628 manet
1471 5545 1690 5612 indevocabile.»

247 5649 458 5738 Piraeagcbt
1063 5755 1065 5762 Ι
1571 5641 1624 5719 ‘rt
