3872 6162
92 267 143 324 alt
618 271 830 330 coNsrlrur.
854 271 1028 330 massua.
1049 301 1082 315 -
1101 273 1170 330 LlB.
1189 271 1214 330 1.
1683 275 1736 338 tlt

92 393 238 468 praemisso
251 394 377 466 generali
391 395 434 450 foc
449 411 585 469 apparere
598 395 924 471 linguam.applicato·A
935 399 1016 471 signo
1028 400 1110 466 aceti,
1119 399 1239 456 indicem
1253 400 1283 456 in
1297 399 1412 456 dextera
1421 403 1501 472 parte
1515 401 1640 472 gutturis
1648 403 1738 468 semel

92 501 144 556 que
155 483 253 539 indice
272 483 443 539 lambentem
457 485 634 546 simulaPro
643 489 724 558 signo
739 489 893 560 papaveris,
936 493 1047 544 tuntum
1058 490 1189 546 deorsum
1204 490 1294 545 trahe.
1313 492 1368 546 Pro
1392 491 1472 561 signo
1494 490 1552 546 vini
1566 491 1645 548 rubei
1663 481 1736 549 indiss

90 573 216 644 generali
227 573 374 644 praernisso
388 590 512 646 pugnum
527 591 638 631 sursum
653 577 726 636 leva.
746 575 802 633 Pro
815 577 896 650 signo
936 594 996 632 cem
1008 578 1036 632 in
1051 595 1123 649 gena
1137 579 1285 634 trahe-Pro
1299 579 1380 652 signo
1394 580 1452 636 vini
1466 579 1545 646 clari,
1556 579 1734 654 duosdigitos

89 663 140 717 lilii
159 662 443 734 praemissogeuerali
466 665 611 720 straminei
619 665 729 737 signum
744 668 825 722 adde.
838 668 892 724 Pro
935 668 1016 723 oculo
1024 667 1211 740 circumpone.

90 752 686 826 signorosae,praemissogenerali‚signum
697 756 777 811 rubei
791 757 893 812 coloris
1228 759 1346 815 CAPUT
1359 761 1421 816 XV.

89 841 168 897 adde.
178 839 237 896 Pro
252 841 334 912 signo
348 842 570 914 ysopi,generali
587 845 731 915 premisso
745 844 799 901 hoo
809 846 891 912 adde,
1179 849 1218 903 Dc
1231 850 1319 916 sienis
1338 866 1477 908 uasorum.
1589 843 1592 850 ’

90 935 120 984 ut
132 929 273 984 interiora
292 946 393 986 monus
407 947 536 1003 expansa
558 932 688 988 deorsum
714 951 791 990 versa
807 951 893 1008 prope
972 949 1028 1004 (uu.
1044 938 1099 992 Pro
1109 937 1190 1010 signo
1197 937 1328 1006 scutella,
1340 955 1453 995 manum
1473 939 1560 1006 eleva,
1573 939 1733 1014 digitosque

89 1025 311 1087 terramteneas3
328 1037 361 1075 eo
374 1021 447 1092 quod
463 1021 578 1076 humilis
593 1022 680 1077 herba
695 1030 747 1082 ost.
758 1019 792 1079 'et
804 1025 895 1079 humi·
935 1041 991 1082 non
1004 1027 1168 1097 coniunctos
1182 1027 1388 1099 aliquantulum
1408 1028 1530 1096 inflecte,
1542 1047 1575 1086 eo
1586 1029 1661 1102 quod
1671 1031 1734 1102 ipsa

89 1109 196 1163 litatem
212 1125 327 1181 semper
336 1110 509 1181 significans.
529 1111 584 1166 Pro
594 1111 673 1184 signo
685 1113 813 1168 abrotani
828 1113 892 1184 150),
934 1131 1055 1171 concava
1069 1116 1116 1171 sit.
1133 1117 1187 1171 Pro
1200 1117 1282 1188 signa
1295 1123 1399 1172 cavatae
1413 1116 1476 1185 (543,
1492 1119 1601 1190 pollicis
1618 1121 1735 1176 summi-

90 1199 160 1270 quod
174 1198 234 1253 alio
249 1199 365 1254 nomine
379 1201 543 1255 stobi-rourtz
565 1202 733 1273 appellatur,
750 1204 893 1273 praemisso
934 1207 1020 1259 tatem
1036 1205 1064 1260 in
1075 1205 1195 1261 sinistra
1208 1223 1307 1261 rnanus
1319 1206 1443 1261 medium
1457 1223 1530 1278 ponc
1541 1225 1548 1274 ;
1560 1213 1682 1278 quatuor
1691 1223 1736 1264 se-

88 1287 225 1358 generali,
243 1287 313 1359 ligni
328 1287 440 1360 signum
455 1289 536 1343 adde.
552 1290 606 1344 Pro
633 1291 713 1362 signo
740 1291 891 1365 absynthii,
935 1300 1053 1366 quantes
1067 1295 1170 1366 digitos
1185 1295 1325 1350 modicum
1341 1295 1562 1350 circumferendo
1576 1295 1732 1354 dimittens

88 1375 210 1447 generali
228 1377 374 1448 premisso
384 1377 436 1432 hoc
450 1377 531 1440 adde,
546 1386 578 1433 ut
588 1380 658 1435 duos
671 1380 784 1452 digitos,
800 1382 890 1449 idest,
933 1381 988 1437 Pro
1002 1383 1082 1453 signo
1098 1383 1259 1445 cochlearis,
1268 1390 1379 1438 tantum
1391 1383 1544 1454 digitorum
1555 1383 1733 1440 summitates

88 1465 205 1519 indicem
218 1473 249 1520 et
270 1465 392 1520 medium
410 1473 439 1521 et
452 1483 469 1521 a
483 1467 591 1522 caeteris
601 1469 758 1540 disjungas,
776 1476 804 1525 et
817 1471 892 1542 ipsos
932 1473 1081 1543 conjunge,
1098 1478 1127 1526 et
1141 1473 1325 1528 siclerantem
1339 1489 1402 1527 cum
1415 1473 1476 1545 ipso
1491 1473 1631 1528 cochleari
1646 1473 1735 1531 sorbi-

89 1569 197 1624 quoque
212 1553 251 1608 ab
265 1555 381 1610 invicem
394 1556 547 1626 disjunctos
556 1556 596 1611 ita
612 1573 733 1613 moveas.
746 1559 801 1613 Pro
811 1559 891 1631 signo
931 1559 1086 1616 tiunculam
1100 1562 1211 1616 simula.
1222 1562 1276 1617 Pro
1290 1562 1370 1632 signo
1385 1563 1580 1633 scyphi,quem
1587 1563 1733 1632 jnrtr'liom

88 1642 152 1704 allii,
171 1643 322 1713 praemisso
335 1645 470 1728 generali,
483 1645 600 1700 extende
614 1647 733 1718 digitum
747 1658 846 1704 contra
860 1667 891 1705 os
933 1647 987 1712 (55.
1002 1667 1143 1714 vocamus,
1154 1651 1257 1706 inclina
1268 1667 1383 1706 manum
1394 1652 1536 1718 deorsum,
1551 1651 1625 1706 etita
1635 1667 1732 1707 cavam

89 1733 234 1802 paululum
248 1740 379 1804 apertum
405 1734 460 1788 Pro
480 1734 560 1805 signo
588 1736 654 1790 rafae
680 1737 745 1808 151),
764 1739 890 1809 generali
902 1745 996 1814 plene
1006 1739 1102 1810 digitis
1117 1741 1323 1812 aliquantulum
1338 1740 1457 1796 inflexis.
1472 1742 1527 1796 Pro
1536 1742 1617 1813 signo
1626 1747 1731 1814 patera

87 1822 232 1892 premisso
248 1823 368 1878 extende
380 1823 500 1878 indicem
516 1808 638 1881 sinistr'ae
650 1842 760 1892 manus,
773 1833 801 1882 et
814 1828 888 1882 indi·
930 1845 963 1884 ex
979 1845 1035 1900 qua
1047 1829 1162 1896 bibitur,
1175 1837 1233 1886 tres
1264 1831 1367 1902 digitos
1395 1846 1494 1902 parum
1510 1830 1631 1898 inflecte,
1647 1837 1676 1886 et
1691 1832 1732 1886 sic

88 1927 144 1964 cem
159 1911 283 1966 alterius
296 1929 397 1967 manus
423 1913 452 1967 in
471 1930 504 1968 eo
522 1915 618 1970 trahes
631 1923 730 1971 contro
750 1923 788 1980 te,
810 1919 889 1988 quasi
929 1936 1042 1975 sursum
1054 1927 1129 1978 tene.
1154 1922 1209 1977 Pro
1232 1922 1312 1992 signo
1339 1921 1441 1976 cicothi
1456 1917 1519 1986 (561,
1536 1921 1633 1976 eodem
1649 1921 1731 1991 signo

86 1999 231 2055 radentem
249 2001 375 2056 simules.
392 2002 446 2056 Pro
461 2003 542 2074 signo
567 2021 652 2076 rapae,
678 2007 804 2076 generali
820 2025 888 2078 prae·
929 2011 1083 2081 premisso,
1098 2011 1149 2066 hoo
1163 2011 1235 2066 adde
1259 2017 1292 2066 ut
1303 2010 1422 2082 digitum
1438 2009 1526 2080 digito
1539 2009 1730 2064 circumferas.

86 2089 179 2158 misso,
194 2091 364 2163 praedictum
377 2091 497 2147 indicem
509 2109 595 2164 super
608 2094 696 2150 alium
707 2095 737 2150 in
751 2098 888 2152 annulum
927 2098 982 2153 Pro
994 2099 1075 2169 signo
1090 2099 1190 2170 phialae
1205 2099 1308 2166 vitreae,
1318 2099 1461 2172 praemisso
1471 2099 1551 2170 signo
1564 2106 1668 2170 patema
1678 2097 1732 2154 hoc

87 2179 172 2234 trahe·
928 2187 1010 2256 adde,
1023 2199 1055 2243 ut
1066 2189 1137 2244 duos
1151 2188 1255 2260 digitos
1266 2189 1340 2244 circa
1353 2190 1464 2243 oculum
1480 2204 1577 2259 ponas,
1590 2191 1624 2242 ut
1636 2186 1731 2259 splen·

389 2273 506 2330 CAPUT
519 2275 595 2330 Xlll.
929 2277 997 2332 dore
1009 2277 1093 2342 oruli,
1105 2279 1238 2350 splendor
1247 2278 1498 2350 vitrisignillcetur.
1514 2277 1569 2332 Pro
1583 2276 1731 2348 signovas·

319 2363 357 2416 Ile
370 2365 457 2431 signis
472 2369 640 2418 oromatum.
929 2366 994 2432 culi,
1008 2366 1037 2420 in
1049 2383 1104 2439 quo
1117 2369 1159 2422 sal
1173 2367 1302 2435 habetur,
1320 2367 1462 2439 praemisso
1477 2366 1558 2437 signo
1571 2364 1670 2420 itidem
1683 2382 1732 2438 pa-

117 2449 172 2504 Pro
184 2449 271 2521 signo
283 2450 416 2522 gingibri,
426 2453 552 2522 generali
579 2453 677 2508 itidem
694 2455 888 2526 signoherba-
928 2462 1006 2522 tero,
1023 2456 1145 2527 adjunge
1163 2457 1274 2528 signum
1299 2456 1367 2511 salis
1407 2456 1462 2510 Pro
1485 2455 1565 2526 signo
1584 2454 1728 2525 sportulae,

83 2555 142 2592 rum
158 2539 318 2610 praemisso,
331 2557 394 2594 cum
409 2557 504 2612 pugno
519 2541 616 2596 dextro
632 2542 660 2597 in
672 2544 835 2600 summitate
845 2547 888 2600 al·
928 2547 1073 2614 praemisso
1089 2545 1169 2618 signo
1180 2545 1249 2616 ligni
1264 2545 1396 2616 cuiusvis,
1406 2543 1526 2616 digitum
1542 2560 1655 2598 sursum
1666 2560 1730 2599 ver·

82 2629 168 2686 terius
184 2631 291 2685 simula
299 2631 541 2686 circumferentem
558 2632 680 2696 molam,
702 2632 770 2687 item
786 2633 889 2687 simula
929 2650 991 2689 sum
1006 2635 1132 2705 incurva,
1149 2633 1250 2688 deinde
1264 2633 1374 2704 signum
1391 2633 1471 2705 panis
1481 2632 1577 2688 facias.
1592 2631 1729 2702 l’rosigno

81 2720 342 2775 circumducentem
364 2721 486 2789 molam3
512 2721 612 2776 deinde
628 2721 672 2777 fac
684 2738 819 2794 apparere
833 2722 889 2776 lin·
929 2729 1022 2778 autern
1039 2723 1106 2794 ligni
1122 2723 1253 2793 cujusvis,
1267 2738 1330 2776 cum
1351 2726 1464 2776 extenta
1478 2736 1564 2775 manu
1578 2719 1678 2774 dextra
1698 2721 1729 2776 in

80 2825 175 2878 guam,
194 2809 394 2880 applicatoque
409 2809 509 2876 indice,
524 2809 695 2864 lambentem
728 2809 783 2864 Pro
806 2810 887 2881 signo
927 2812 1044 2867 alterius
1059 2828 1160 2866 manus
1170 2822 1199 2866 et
1209 2811 1314 2866 brachii
1326 2808 1729 2882 compaginaquasiincideu-

80 2898 181 2961 thuris,
199 2897 272 2953 saba
288 2899 400 2969 signum
416 2899 566 2970 praemitte,
593 2905 622 2954 et
644 2905 743 2971 postea
758 2900 886 2971 pollicem
927 2907 984 2957 tem
999 2919 1062 2958 curn
1076 2901 1190 2957 dolabro
1204 2900 1315 2956 fabrum
1342 2900 1453 2955 simula.
1477 2900 1531 2955 Pro
1545 2898 1626 2970 signo
1641 2898 1727 2968 vasis,

79 3003 141 3042 cum
158 2987 217 3042 sibi
232 2987 359 3060 proximo
379 2988 494 3044 naribus
507 2989 635 3044 admove.
925 2991 1023 3063 inquo
1038 2997 1147 3046 acetum
1170 2990 1276 3062 portari
1291 2989 1372 3052 solet,
1388 2989 1532 3060 praemisso
1559 2987 1727 3061 praecedenti

383 3077 504 3132 CAPUT
517 3077 589 3133 XIV.
931 3081 1022 3152 signo,
1038 3079 1110 3135 adde
1139 3080 1251 3151 signum
1275 3078 1347 3133 aceti
1374 3079 1428 3133 Pro
1454 3077 1633 3149 signorasis,
1652 3078 1727 3148 quod

282 3165 424 3234 Dorionis
438 3167 541 3221 diversi
555 3170 682 3236 liquoris.
923 3170 1006 3241 vulgo
1020 3171 1147 3226 cannoto
1165 3167 1217 3238 (hil
1230 3168 1342 3226 dicitur.
1358 3167 1483 3239 generali
1503 3166 1658 3238 praemisso,
1673 3167 1727 3222 hoc

113 3255 202 3311 'Pro
218 3255 300 3327 signo
315 3272 405 3326 aquae,
421 3271 519 3311 omnes
532 3256 652 3311 dexterae
667 3272 768 3312 manus
782 3257 884 3330 digitos
925 3259 1007 3325 adde,
1023 3265 1063 3325 ut,
1081 3260 1155 3314 sicut
1174 3258 1338 3330 pradictum
1359 3263 1411 3320 est,
1438 3255 1557 3327 digitum
1587 3256 1725 3324 incurves,

78 3349 230 3419 conjunge,
249 3355 278 3400 et
292 3361 343 3417 per
356 3343 500 3417 obliquum
516 3361 604 3400 more.
621 3345 675 3399 Pro
699 3345 778 3416 signo
798 3347 885 3403 bene·
925 3349 1059 3421 adjuncto
1070 3348 1126 3402 vini
1140 3347 1229 3419 signo.
1246 3347 1350 3402 Eodem
1366 3345 1448 3400 modo
1462 3343 1667 3416 faciessignum
1680 3362 1726 3400 ra·

77 3435 157 3490 dictae
185 3435 304 3508 laquel,
339 3435 482 3506 praemisso
504 3433 630 3504 generali
658 3439 773 3489 extenta
799 3453 884 3492 manu
925 3437 964 3492 sis
977 3438 1091 3509 sinapis,
1109 3437 1205 3492 addito
1220 3436 1346 3508 ejusdcm
1360 3434 1466 3506 sinapis
1478 3433 1569 3502 signo.
1582 3433 1726 3505 Prusigno

77 3524 190 3597 signum
209 3525 300 3580 crucis
313 3525 395 3579 adde.
409 3524 463 3578 Pro
477 3525 558 3595 signo
575 3524 715 3580 cerevisiae
739 3527 884 3596 premisso
924 3526 1118 3591 vasisrinarii,
1135 3525 1209 3598 quod
1235 3542 1252 3580 a
1267 3523 1347 3596 plebe
1367 3523 1453 3578 zuber
1467 3522 1520 3581 ’5111
1534 3529 1724 3596 nuncupatur,

77 3616 156 3686 signo
173 3614 304 3679 bibendi,
320 3614 459 3669 modicum
473 3613 554 3668 suffla
569 3622 667 3668 contra
689 3614 833 3670 dexteram
854 3615 882 3670 in
923 3616 1049 3687 generali
1063 3616 1219 3686 praemisso,
1235 3630 1348 3670 rursum
1370 3612 1491 3668 indicam
1513 3618 1667 3684 utrumque
1680 3629 1726 3668 su·

78 3707 198 3777 longum
224 3709 380 3760 extensam.
398 3704 451 3758 Pro
470 3703 551 3774 signo
573 3703 702 3758 medonis
729 3703 794 3774 15⁴2),
815 3722 883 3775 prae-
924 3723 974 3777 pra
986 3705 1060 3760 dicto
1075 3705 1158 3760 modo
1172 3703 1372 3774 incurvaquod
1389 3703 1725 3758 communecstomnium

74 3797 162 3850 misso
178 3795 265 3866 signo
288 3791 410 3855 bibendi,
440 3809 555 3846 manum
574 3791 615 3846 ori
636 3792 797 3864 applicabis
812 3793 882 3848 lam·
923 3810 1137 3866 vasorumquae
1154 3794 1234 3848 binas
1249 3790 1445 3847 aureshabere
1459 3790 1726 3861 videntursignum·

75 3885 251 3957 bentemque
273 3881 429 3950 simulabis,
446 3881 519 3953 quod
543 3888 572 3937 et
585 3881 678 3936 mellis
702 3881 812 3952 signum
829 3889 882 3938 est.
924 3901 978 3956 quc
993 3883 1050 3937 vini
1063 3885 1098 3938 ad
1112 3883 1242 3938 ultimum
1256 3881 1342 3939 adde.
1358 3880 1404 3935 Sic
1418 3880 1502 3934 etiam
1520 3881 1602 3943 vasis,
1615 3879 1646 3935 in
1659 3881 1724 3952 qui-

74 3975 128 4029 Pro
137 3975 224 4046 signo
239 3971 435 4036 vini,indicem
451 3970 562 4026 inflecte
574 3979 602 4024 et
612 3970 651 4024 ita
662 3969 880 4043 labiisadjunge.
923 3972 975 4027 bus
989 3973 1070 4044 panis
1085 3971 1190 4044 portari
1205 3970 1286 4030 solet.
1299 3985 1411 4041 semper
1421 3968 1581 4044 addendum
1595 3968 1724 4040 estpanis

75 4065 182 4119 Eodem
196 4063 283 4118 modo
294 4063 378 4116 etium
390 4061 503 4132 signum
514 4059 628 4114 bibendi
642 4059 793 4115 faciesPro
802 4060 883 4132 signo
924 4062 1045 4134 signum.
1061 4062 1116 4116 Pro
1130 4060 1211 4131 signo
1224 4058 1314 4118 fustis,
1331 4074 1386 4129 quo
1403 4057 1497 4111 vinum
1513 4056 1556 4110 vel
1576 4055 1652 4111 aliud
1668 4056 1723 4111 hu·

74 4155 202 4224 potionis
223 4153 416 4224 pigmentata,
442 4168 503 4222 quae
529 4151 665 4204 claretum
691 4148 754 4217 153),
780 4149 809 4203 id
840 4156 883 4205 est
920 4149 1045 4223 jusmodi
1056 4148 1161 4221 portari
1174 4149 1253 4210 solet,
1269 4146 1394 4218 generali
1407 4145 1552 4219 praemisso
1566 4143 1722 4214 signoligni

74 4245 226 4297 liittranch
241 4241 346 4294 dieitur
374 4257 390 4294 a
415 4239 557 4311 pluribus3
582 4236 717 4293 conclude
732 4245 882 4310 utramque
922 4239 1023 4312 pugnis
1038 4238 1123 4294 etium
1134 4236 1344 4310 superinvicem
1355 4234 1471 4306 junctis,
1485 4234 1659 4303 humeroque
1673 4233 1723 4288 ad-

71 4349 205 4396 mnnum,
218 4339 249 4386 et
261 4329 516 4384 circumducentem
542 4329 654 4392 molam,
676 4328 810 4400 adJ'unoto
825 4329 881 4383 vini
924 4329 1020 4385 hibitis
1034 4329 1125 4400 ipsum
1138 4333 1309 4398 portatorem
1324 4325 1434 4379 simula.
1453 4323 1507 4377 Pro
1521 4322 1602 4393 signo
1616 4322 1721 4377 scutel-

69 4423 166 4492 signo.
197 4421 255 4476 Pro
282 4420 362 4490 signo
382 4418 588 4491 potionisque
612 4423 655 4472 est
680 4435 743 4474 cum
760 4417 841 4472 melle
852 4393 1010 4473 etDlaein
1025 4434 1081 4488 qua
1090 4417 1167 4470 micas
1180 4413 1303 4485 recolligi
1313 4414 1412 4470 solent.
1427 4410 1549 4467 scutella
1563 4411 1643 4482 signo
1653 4427 1722 4484 pra-

69 4510 227 4584 absynthio
239 4510 376 4573 confecta,
393 4509 520 4579 ejusdem
546 4505 688 4579 absynthii
713 4509 879 4579 siguopra·
921 4508 1018 4562 misso.
1034 4506 1209 4562 deindecum
1226 4503 1325 4558 dextro
1346 4518 1431 4556 manu
1457 4501 1486 4556 in
1507 4500 1636 4555 interiori
1650 4501 1720 4555 alta-

67 4602 169 4660 misso,
188 4601 288 4654 itidem
300 4599 357 4652 vini
371 4599 484 4669 signum
496 4598 627 4667 adiunge.
648 4598 702 4652 Pro
713 4597 793 4668 signo
807 4597 881 4651 sina·
921 4596 981 4651 rius
995 4595 1096 4650 simula
1108 4593 1316 4664 recolligentem
1332 4591 1442 4646 easdem
1460 4607 1522 4645 oum
1539 4590 1649 4644 flabello
1665 4587 1722 4661 (59)

67 4689 403 4762 pis,pugnumdextrurn
420 4687 571 4741 inalterius
591 4687 880 4742 summitatecircum·
921 4685 1025 4741 adhoc
1049 4684 1139 4756 ipsum
1154 4691 1261 4754 aptato.
1286 4681 1342 4736 Pro
1363 4680 1443 4752 signo
1458 4679 1585 4751 praedicti
1605 4677 1721 4745 flabelli,

66 4779 117 4842 fer,
134 4778 225 4849 quasi
255 4777 407 4831 molentem
433 4776 557 4841 simules,
583 4775 685 4830 deinde
699 4775 827 4847 pollicem
849 4777 879 4832 in
920 4775 1063 4848 praemisso
1078 4773 1158 4844 signo
1168 4771 1247 4842 ligni,
1259 4771 1333 4842 quod
1348 4776 1523 4841 postremum
1537 4772 1581 4822 est
1601 4766 1720 4836 dictum,

67 4869 187 4924 minimi
204 4867 287 4939 digiti
303 4875 428 4921 extremo
442 4864 562 4920 articulo
572 4864 700 4936 prosilire
712 4865 808 4920 facias.
824 4865 879 4921 Pro
920 4865 1051 4938 adiunge.
1072 4863 1127 4918 Pro
1146 4861 1226 4932 signo
1250 4859 1333 4924 follis,
1355 4874 1427 4929 pone
1445 4874 1572 4930 pugnum
1590 4857 1722 4916 dexuum

100 5025 164 5095 150)
178 5029 367 5090 Abrotonum,
385 5041 436 5097 pro
451 5027 626 5079 abrotonum.
644 5025 718 5080 Gall.
741 5027 876 5081 furorne.
954 5023 1012 5094 (56)
1029 5025 1162 5091 Oiootbus,
1177 5027 1282 5095 patera
1292 5019 1408 5092 specics,
1422 5018 1497 5092 apud
1508 5023 1649 5076 nostrates
1658 5035 1721 5074 mo·

100 5099 159 5171 (51)
175 5099 290 5164 noscet
303 5099 387 5164 llopo,
405 5098 431 5150 in
456 5095 509 5150 hoc
527 5095 670 5158 differunt,
691 5096 766 5168 quod
780 5095 829 5152 ills
842 5097 879 5153 sit
919 5097 1032 5152 nachos.
1396 5162 1402 5174 ι
1522 5163 1528 5175 ·

64 5170 210 5240 oblonga,
226 5169 284 5223 hac
296 5168 452 5222 rotundaet
462 5166 536 5222 alba.
552 5167 647 5222 Germ.
661 5169 760 5232 Retiob,
772 5169 876 5224 noun.
956 5167 1010 5230 ‹57›
1026 5169 1163 5234 tlonncto,
1176 5165 1306 5239 poculum
1315 5165 1454 5220 vinarium
1472 5177 1575 5232 majus,
1584 5159 1719 5232 oeuopho·

1 5275 2 5302 r
99 5241 148 5298 (aa
166 5241 260 5299 Metto.
273 5237 368 5308 Meda,
388 5254 462 5310 aqua
483 5237 582 5302 mulsa,
595 5239 671 5308 potio
686 5239 768 5293 melle
783 5238 878 5294 mixta.
920 5257 983 5296 rum
1005 5239 1139 5294 German.
1151 5239 1376 5302 denuntiantia.
1521 5303 1529 5314 ·
1576 5301 1582 5313 .
1625 5300 1631 5313 ·

99 5313 160 5378 ‹53›
178 5309 255 5364 Vide
268 5317 364 5364 notam
383 5309 412 5363 in
428 5325 488 5380 cap.
508 5307 549 5366 13.
564 5316 636 5378 part.
656 5327 683 5364 n.
700 5309 835 5365 Bernard.
851 5311 881 5366 in
958 5309 1001 5375 (58
1023 5313 1121 5375 Zuber,
1139 5327 1187 5364 vas
1200 5307 1337 5363 vinarium
1350 5307 1477 5388 ligneum
1500 5301 1718 5383 hrcsrguficat3
1758 5364 1761 5376 ι

63 5381 124 5438 Ord
152 5381 288 5438 Cluniae.
921 5383 977 5438 duo
990 5380 1261 5453 hujusgenerisvasn
1271 5378 1398 5432 nonnihil
1411 5390 1518 5445 majora
1535 5388 1598 5425 vrno
1612 5372 1720 5444 repleta

99 5453 162 5517 ’541
182 5457 297 5516 touolo,
310 5451 420 5507 catinus
435 5450 607 5520 profundior.
921 5454 965 5507 vir
974 5453 1106 5508 robustus
1118 5448 1390 5506 ambabus-manibus
1404 5452 1507 5517 portat.
1522 5443 1585 5498 Vox
1594 5448 1638 5497 cst
1651 5443 1719 5498 Ger-

98 5525 149 5588 ‹55
170 5525 301 5581 lustitia.
315 5524 444 5595 poculum
459 5523 610 5588 vinarium,
626 5529 761 5594 quantum
779 5523 879 5596 cuique
920 5525 1013 5579 manis
1023 5530 1099 5588 nota,
1113 5523 1183 5578 olias
1199 5519 1458 5598 lliitsehenlioltrn.
1659 5586 1665 5598 ·

63 5597 180 5652 suflicit
194 5601 295 5670 potum
308 5595 466 5661 continens,
477 5593 540 5649 aliis
549 5598 637 5664 justo,
651 5595 715 5652 aliis
724 5600 851 5668 justello.
956 5593 1009 5662 159)
1025 5597 1178 5652 Ftobeltcm
1192 5609 1244 5648 vox
1255 5595 1332 5658 nota,
1353 5589 1402 5645 sed
1418 5587 1464 5642 hro
1476 5584 1629 5660 legendum
1641 5585 1721 5654 vida·
