4046 6186
203 292 275 354 teat
723 298 884 360 saccom
901 299 1152 362 Noviouatiffls
1173 303 1339 362 crisconi
1769 297 1838 358 ieet

203 419 342 478 ministris
359 420 484 478 debitam
504 423 595 478 solvat
607 423 851 480 consuetudinem.
871 425 952 492 Quod
972 427 996 483 si
1006 431 1032 490 A
1042 445 1105 484 eam
1120 427 1217 495 libera,
1234 435 1331 502 utpote
1345 427 1488 484 abbatiam
1499 425 1648 483 haberent.
1661 429 1691 480 et
1701 425 1771 481 inibi
1784 425 1840 480 sub

204 511 383 582 congregatio
392 511 495 568 ibidem
510 514 568 569 Deo
577 514 744 586 disponente
756 518 922 586 pervenerit,
938 518 998 572 cul·
1039 519 1140 590 regula
1149 520 1239 576 sancti
1248 518 1397 590 Augustini
1409 527 1545 589 tauquam
1555 517 1699 588 regulares
1710 514 1840 570 canonici

203 615 254 672 pas
275 601 425 656 emendare
446 601 476 657 in
495 608 633 674 potestate
654 603 692 658 sit
704 602 823 658 abbatis.
850 604 879 660 Si
903 611 998 661 autem
1039 609 1097 664 Deo
1108 608 1476 664 deservirenthnnoautem
1485 607 1575 661 altero
1583 605 1717 660 introitus
1726 619 1837 669 eornm,

203 687 290 744 abbas
304 697 354 745 aut
365 689 443 763 prior
459 691 743 764 negligenteregevit.
759 701 827 748 tunc
839 694 874 749 ad
889 695 997 766 episco-
1041 699 1142 771 majori
1154 700 1246 755 adhuc
1255 699 1389 754 divinitus
1402 697 1533 770 inspirati
1543 701 1611 752 sunt
1625 696 1775 762 desiderio,
1794 700 1841 751 ut·

200 794 268 849 pum
282 779 497 836 Noviomensem
513 781 648 836 eorrectio
669 784 871 839 monachorum
891 786 995 840 redun-
1040 794 1106 860 poto
1120 789 1234 861 quiJ‘am
1244 789 1382 843 bonorum
1397 787 1592 843 allaborabant
1605 786 1742 842 interesse
1755 785 1840 840 eolle-

203 870 291 927 dabit.
302 873 340 928 Ut
348 879 443 928 autern
458 873 676 947 chirographum
686 874 762 930 istud
775 873 879 930 futuris
892 886 1000 949 tempo-
1039 878 1095 949 gio.
1111 878 1148 932 Ut
1160 879 1235 933 enim
1247 879 1304 933 lieo
1311 878 1492 941 deservirent,
1508 876 1583 946 quod
1593 875 1699 930 arctius
1713 875 1839 930 0011ωο-

201 959 281 1018 ribus
293 962 403 1017 lirmius
417 963 774 1032 exisuteircumstantium
784 963 999 1022 subnotavimus
1039 965 1108 1019 bant
1117 971 1216 1037 sponte
1230 964 1385 1036 elegerunt,
1397 963 1535 1018 etdivinae
1549 979 1579 1017 se
1592 963 1691 1033 gratie
1702 962 1840 1017 devoven-

201 1051 317 1106 nomina
522 1097 525 1104 ,
1039 1053 1839 1127 tcshabitumsauctiBenedicticompunctesusceperunt.

239 1139 356 1211 Signum
371 1141 499 1198 Radbodi
508 1141 641 1214 episcopi.
1039 1143 1175 1216 Peroepta
1193 1143 1288 1216 itaque
1306 1141 1475 1214 infatigabili
1495 1158 1594 1198 eorum
1609 1141 1836 1213 perseverantia,

239 1229 298 1300 Sig.
319 1229 436 1286 Gerilini
451 1231 559 1286 decani.
1039 1232 1070 1287 in
1083 1233 1181 1288 eodem
1192 1249 1266 1288 anno
1278 1233 1336 1287 Deo
1345 1231 1705 1303 annuente,indigenarum
1714 1231 1841 1286 eleemo-

241 1319 299 1390 Sig.
320 1319 442 1375 Baldrioi
456 1320 655 1375 archidiaconi.
1039 1321 1118 1394 synis
1130 1323 1200 1377 adeo
1214 1322 1263 1376 ills
1276 1321 1412 1377 succrevit
1426 1321 1558 1387 Ecclesia,
1571 1327 1603 1376 ut
1620 1320 1660 1375 ihi
1676 1321 1840 1393 septemde-

238 1407 297 1480 Sig.
317 1408 462 1464 Walcheri
474 1409 654 1466 thesaurarii.
969 1431 971 1438 ’
1039 1410 1095 1465 cim
1109 1410 1281 1466 subditione
1296 1410 1421 1483 praedicti
1444 1411 1550 1467 Odonis
1573 1409 1683 1465 abbatis
1708 1407 1840 1464 monachi

239 1497 298 1569 Sig.
318 1497 461 1554 Odmundi
472 1499 627 1571 praepositi.
1040 1499 1288 1565 substituerentur,
1317 1507 1345 1555 et
1368 1500 1404 1555 ad
1425 1501 1603 1556 serviendum
1620 1501 1676 1555 [100
1695 1506 1725 1553 01
1738 1503 1839 1552 sancto

239 1585 297 1657 Sig.
317 1586 446 1642 Widonis
455 1589 624 1653 cancellarii,
1040 1589 1161 1644 Martino
1173 1589 1326 1645 secundum
1338 1588 1428 1644 sancti
1444 1587 1588 1644 Benedicti
1611 1587 1749 1659 Regulam
1763 1585 1840 1641 ordi·

239 1675 298 1746 Sig.
319 1677 411 1732 lvonis
423 1677 581 1736 castellani.
1040 1685 1186 1734 narentur.
1202 1679 1337 1733 videntes
1350 1695 1418 1749 ergo
1430 1677 1684 1733 circummanentes
1706 1675 1842 1748 aliquan-

238 1765 295 1837 Sig.
317 1767 472 1822 Winomari
487 1766 630 1823 liodberti.
1004 1767 1254 1855 Btuluinl'ratrum
1263 1767 1672 1838 devotionem‚tcrrarumquas
1679 1765 1840 1836 antiquit-us

238 1853 296 1926 Sig.
318 1855 457 1912 Gosberti.
1039 1856 1153 1912 abbatia
1160 1859 1209 1913 illa
1224 1863 1355 1912 tenuarat
1368 1856 1449 1912 nobis
1463 1856 1554 1912 fecere
1564 1855 1747 1920 mentionem,
1765 1870 1838 1926 qua-

238 1944 340 1999 Actum
354 1946 493 2016 Noviomi,
516 1966 591 2005 anno
614 1949 819 2005 Incarnationis
845 1950 997 2008 Dominicm
1036 1951 1119 2002 tenus
1133 1963 1181 2003 eas
1193 1947 1429 2018 recolligeremus,
1446 1950 1474 2000 et
1494 1945 1591 2001 usibus
1604 1947 1725 2000 tratrem
1735 1943 1842 2016 quibus

200 2029 282 2100 1086,
296 2033 449 2092 indictione
469 2051 506 2105 11,
524 2045 659 2110 regnante
679 2055 745 2110 rege
768 2039 907 2112 Philippo,
922 2056 996 2096 anno
1037 2036 1177 2108 deputate
1184 2036 1297 2091 fuerant
1307 2051 1357 2108 pro
1364 2035 1529 2090 remissione
1540 2040 1718 2106 peccatorum
1726 2039 1842 2088 nosem-

202 2137 266 2194 xxv,
281 2125 395 2181 domino
410 2127 544 2184 Radbodo
558 2129 745 2202 episcopante,
759 2146 833 2184 anno
848 2144 902 2185 rur.
1040 2142 1103 2180 rum
1118 2126 1308 2182 redderemus.
1335 2126 1462 2190 Quorum
1483 2123 1626 2179 benevolis
1640 2122 1841 2196 petitionibus,

587 2218 623 2272 ll.
1040 2215 1107 2270 licet
1128 2214 1325 2271 difficillimum
1344 2215 1497 2280 rideretur,
1512 2213 1645 2269 benevole
1664 2213 1838 2268 condescen-

227 2301 281 2356 Pro
295 2307 498 2360 restauratione
509 2307 625 2361 abbatia
637 2306 666 2363 S.
680 2307 801 2362 Martini
815 2309 972 2364 Tornacen-
1039 2304 1148 2370 dentes,
1161 2304 1327 2359 advocatum
1333 2301 1582 2374 Radullurn,quem
1593 2319 1641 2357 eas
1651 2307 1841 2372 tunotempo-

541 2399 580 2450 ris
594 2393 661 2466 (23).
1040 2393 1080 2448 ris
1093 2393 1123 2448 in
1132 2392 1267 2449 beneflcio
1280 2399 1377 2448 tenere
1389 2391 1547 2458 didicimus,
1568 2391 1688 2463 benigna
1702 2392 1838 2446 conveni·

502 2483 591 2554 (enno
608 2482 698 2555 l09l.)
1041 2496 1115 2550 mus,
1131 2488 1160 2537 et
1173 2499 1225 2555 pro
1238 2483 1429 2539 consolatione
1435 2482 1538 2537 animae
1551 2497 1618 2547 sum,
1633 2481 1700 2554 quid
1713 2482 1740 2537 ei
1753 2498 1842 2552 super

358 2573 447 2644 [Prae.
460 2573 530 2628 Eccl.
545 2576 577 2629 de
591 2576 690 2630 Raima.
708 2573 748 2642 ll,
768 2573 844 2646 liii]
1040 2570 1339 2626 hocsaoiendumsoret
1352 2588 1387 2627 ex
1397 2571 1593 2627 officiosostro
1604 2570 1712 2626 intente
1723 2587 1840 2642 sugges-

239 2659 273 2714 In
283 2661 397 2716 nomine
409 2661 512 2730 Patris,
527 2668 557 2718 et
570 2663 643 2725 Filii.
654 2674 684 2718 et
692 2663 814 2735 Spiritus
825 2664 929 2729 Sancti,
947 2681 998 2737 ego
1040 2661 1140 2726 amus,
1150 2666 1179 2716 ot
1188 2660 1377 2716 omnedicibili
1386 2661 1509 2732 Spiritus
1522 2661 1611 2716 sancti
1623 2661 1718 2731 gratia
1728 2660 1841 2714 iniiam-

203 2748 353 2806 Ransonus
366 2751 596 2808 Noviomcnsinm
615 2768 665 2808 seu
684 2753 904 2810 'l'ornaoensium
925 2754 1000 2826 epis·
1040 2755 1149 2805 matum
1163 2750 1239 2805 illico
1250 2749 1428 2806 oorhominis
1438 2749 1557 2820 benigne
1568 2750 1604 2804 ad
1615 2749 1711 2804 omnia
1724 2765 1843 2821 respon·

203 2853 289 2911 copus
299 2838 490 2896 omnimodam
500 2841 620 2897 salutem
633 2847 691 2897 tam
711 2842 815 2898 futuris
832 2860 917 2916 quam
931 2859 1000 2916 prae-
1039 2839 1083 2895 dit
1098 2857 1104 2893 :
1118 2840 1219 2895 Terras
1231 2840 1295 2895 illas
1308 2838 1403 2894 Sancti
1417 2839 1531 2894 Martini
1546 2839 1658 2911 quasin
1674 2855 1726 2894 suo
1743 2838 1839 2910 possi-

203 2928 341 2985 sentibus.
1039 2928 1125 2984 debat
1132 2928 1268 2992 dominio,
1276 2928 1364 2984 libere
1374 2931 1406 2983 ut
1416 2944 1464 2983 eas
1475 2929 1602 2983 Ecclesia
1620 2929 1661 2983 illi
1672 2929 1841 2983 restituere-

237 3019 353 3076 Noverit
367 3020 491 3076 charitas
505 3027 608 3089 vestra,
629 3022 731 3078 iratres
744 3021 928 3090 dilectissimi,
953 3039 998 3078 ec·
1040 3034 1103 3074 mus
1117 3018 1248 3083 reddidit,
1261 3017 1489 3089 aliasquoomnes
1498 3017 1624 3089 ejusdem
1634 3017 1758 3082 ditionis,
1769 3033 1842 3088 quas

204 3107 320 3166 clasiam
331 3109 427 3165 Sancti
436 3110 879 3184 hlartiniblodici,quaeinMonta
890 3075 1029 3169 ModicoC
1040 3108 1070 3162 in
1082 3107 1242 3163 vadimonio
1265 3124 1316 3163 seu
1338 3107 1473 3163 beneficio
1501 3107 1549 3161 ciii
1567 3107 1602 3162 de
1630 3107 1678 3162 iiic
1699 3105 1842 3161 hebebant

204 3213 292 3270 prope
306 3215 403 3254 muros
415 3199 493 3254 urbis
502 3201 687 3256 'tornacensis
701 3201 755 3256 sita
770 3206 822 3268 ost,
842 3202 999 3275 antiquitus
1041 3197 1301 3270 quomodocunque,
1326 3213 1376 3252 seu
1395 3213 1446 3269 per
1468 3195 1700 3268 redemptionem,
1721 3211 1773 3251 seu
1788 3213 1841 3268 per

204 3285 346 3342 abbatiam
355 3287 441 3344 finisse
450 3307 457 3356 ;
466 3305 563 3344 verum
578 3289 696 3362 paganis
708 3289 737 3345 in
755 3289 844 3362 ipsam
858 3291 999 3348 civitatem
1041 3303 1139 3342 corum
1153 3287 1202 3358 qui
1214 3286 1405 3342 eastenebant
1418 3285 1668 3357 eleemosynariam
1679 3285 1841 3340 manumis-

201 3375 376 3432 irruentibus
394 3378 575 3447 destructam,
589 3383 618 3434 et
634 3379 664 3434 in
679 3379 805 3435 laicalem
820 3382 1000 3453 postmodum
1041 3375 1198 3442 sionem,ad
1209 3375 1359 3430 Ecclesiam
1368 3375 1628 3448 devenirepossent,
1636 3373 1739 3429 liberas
1749 3375 1842 3429 votive

202 3465 352 3522 dictionem
359 3467 502 3523 redactam
512 3467 672 3524 adnihilum
680 3470 916 3539 penedevenisse:
928 3472 999 3526 adeo
1040 3463 1186 3522 concessit.
1208 3465 1324 3520 Noverit
1338 3481 1404 3536 ergo
1424 3471 1493 3520 aetas
1509 3470 1540 3519 et
1558 3481 1641 3519 sexus
1663 3463 1754 3518 omnis
1769 3480 1842 3534 quos

202 3560 299 3610 summ
308 3557 434 3627 ejusdem
444 3557 572 3612 Ecclesia
580 3557 740 3628 percrebuit
752 3558 897 3624 desolatio,
907 3567 939 3615 ut
947 3578 999 3617 nec
1040 3553 1189 3624 contigerit
1201 3553 1309 3621 cudite,
1324 3560 1416 3609 terres
1425 3569 1523 3609 omncs
1531 3553 1592 3607 iiics
1602 3569 1673 3625 ques
1683 3553 1842 3624 silliquilcs

202 3644 239 3699 ad
253 3642 368 3716 plenum
383 3647 468 3700 unius
482 3646 581 3701 saltem
596 3646 749 3701 sacerdotis
759 3647 894 3702 deserviri
904 3658 999 3720 posset
1039 3643 1163 3698 Ecclesia
1175 3643 1445 3718 iessciiipcaediciiim
1460 3643 1613 3698 Radullum
1630 3642 1841 3698 ucencbisccm

202 3731 312 3787 officio:
327 3733 509 3804 congregatio
523 3734 664 3806 siquidem
675 3735 725 3789 illa
738 3735 833 3790 hostili
857 3753 943 3793 manu
958 3739 999 3794 di.
1039 3731 1163 3788 ecclesia
1182 3731 1278 3786 Sancti
1292 3732 1404 3787 Martini
1420 3746 1588 3803 quacunque
1613 3730 1693 3798 hora,
1710 3747 1841 3803 quoquo·

201 3835 299 3892 sparsa
317 3827 360 3876 est
371 3821 498 3892 etabiit;
513 3823 621 3878 familia
635 3824 758 3895 ejusdem
770 3825 997 3883 Ecclesiaeintor-
1039 3822 1123 3877 modo
1146 3822 1181 3876 ab
1209 3821 1264 3876 illis
1286 3821 1334 3892 qui
1353 3837 1401 3876 eas
1421 3821 1558 3876 hactenus
1576 3820 1701 3875 habuere
1725 3820 1841 3876 libcrari

202 3915 297 3982 empta
311 3916 355 3966 est
364 3917 393 3966 et
402 3912 640 3984 deperiit'lerras
655 3915 716 3986 ejus
729 3914 836 3970 laicalis
852 3931 952 3972 manus
967 3917 996 3972 in
1037 3915 1180 3981 poterunt.
1200 3911 1301 3965 Ssncic
1323 3910 1444 3965 1111111110
1460 3909 1548 3964 iibere
1560 3910 1739 3974 concessisse,
1765 3914 1796 3964 ci
1810 3911 1841 3964 iii

201 3997 338 4056 benenom
348 4001 383 4056 de
398 4017 485 4057 mauu
498 4008 708 4059 antecessorum
727 4010 889 4060 nostrorum
907 4011 936 4061 et
948 4022 998 4062 no-
1037 4016 1091 4055 usu
1100 3999 1219 4054 iieirum
1230 3999 1298 4055 inibi
1308 3999 1471 4071 degentium
1479 3999 1581 4054 1111101111
1589 4004 1618 4054 ei
1631 3999 1840 4071 inperpetuum

202 4095 262 4145 stra
272 4090 356 4162 longo
371 4097 434 4163 post
442 4097 569 4164 tempore
580 4092 686 4155 babuit.
695 4094 776 4148 Anno
787 4111 851 4149 vero
865 4092 998 4150 Incarna·
1038 4090 1181 4145 habendas
1190 4089 1278 4144 libere
1287 4088 1450 4143 reddidisse.
1462 4087 1500 4143 Ut
1508 4104 1573 4142 vero
1584 4089 1643 4142 haec
1652 4095 1750 4142 nostra
1763 4105 1841 4142 reco-

200 4179 287 4235 tionis
302 4181 454 4236 Dominioae
467 4179 548 4244 1091.
566 4182 695 4237 Ecclesia
714 4182 789 4239 illius
806 4199 998 4240 rememorans
1037 4179 1128 4250 1111110
1138 4177 1302 4234 1110111111
1316 4185 1430 4232 1111111111
1444 4177 1475 4231 in
1489 4178 1633 4243 secutum,
1655 4177 1759 4234 charta
1773 4179 1841 4232 huic

201 4269 247 4341 pia
257 4270 309 4325 Dei
324 4269 527 4336 misericordia,
539 4271 634 4326 fratris
648 4270 754 4327 Odonis
764 4273 920 4328 stallorum
931 4291 998 4345 qua·
1038 4266 1186 4339 perviieiis
1200 4273 1303 4322 nostrae
1323 4266 1519 4338 impressimus
1535 4265 1672 4336 sigilium.
1688 4271 1721 4321 ct
1734 4267 1757 4321 si
1773 4268 1839 4338 quis

200 4361 266 4412 tuor
279 4363 388 4414 mentes
401 4359 541 4430 spirituali
557 4360 667 4415 celitus
686 4361 873 4417 inflammavit
891 4363 996 4434 gratia,
1039 4373 1102 4412 cem
1114 4356 1236 4412 scienter
1249 4356 1351 4411 amodo
1366 4355 1521 4416 violaverit.
1543 4355 1598 4410 nisi
1613 4355 1650 4409 cd
1667 4357 1843 4412 emendatio·

202 4447 250 4518 qui
265 4464 321 4503 uno
335 4448 490 4520 eodemque
503 4448 607 4514 animo,
618 4465 681 4503 cum
696 4465 726 4504 se
742 4451 825 4521 hujus
839 4453 934 4507 saeculi
945 4433 1103 4508 coa-iinem
1116 4445 1241 4510 redierit,
1252 4445 1302 4500 Dei
1315 4449 1344 4500 et
1355 4451 1518 4500 sanctorum
1531 4444 1657 4500 omniurn
1673 4451 1701 4499 et
1716 4453 1843 4517 postmo-

200 4537 701 4609 nnlentapertimescerentimplicari
710 4540 999 4613 voragineslsgemnt
1039 4535 1107 4590 dom
1122 4533 1417 4590 excommunicationis
1432 4541 1535 4589 nostre
1549 4534 1727 4590 inenodabile
1741 4534 1839 4590 incur-

201 4625 290 4695 magis
304 4627 334 4680 in
345 4627 462 4698 prefata
468 4627 590 4681 Ecclesia
600 4627 658 4682 Deo
668 4627 698 4682 iu
713 4630 847 4700 pauperie
856 4630 998 4686 deservire
1039 4625 1245 4679 ratvinculum.

202 4729 286 4785 quam
311 4715 346 4769 ad
369 4715 556 4787 perditionem
579 4717 739 4772 animarum
757 4735 873 4774 suerrum
892 4720 998 4776 divitiis
1074 4712 1313 4784 81111111111101111111
1330 4710 1606 4785 Radbodiepiscopi.

201 4802 381 4859 secularibus
394 4804 549 4860 abundare.
567 4805 638 4860 Cum
651 4822 718 4876 ergo
731 4806 784 4861 hac
799 4823 833 4862 ex
852 4823 937 4862 causa
950 4824 999 4863 no·
1075 4803 1132 4875 Sig.
1153 4801 1275 4857 Baldrici
1289 4799 1489 4855 archidiaconi.

200 4895 289 4947 stram
321 4890 458 4947 adiissent
484 4893 674 4964 praesentiam,
695 4894 811 4950 oonsilio
837 4901 866 4950 at
892 4896 998 4951 auxilio
1074 4895 1133 4966 Sig.
1154 4893 1231 4948 Petri
1246 4891 1380 4947 cantoris.

199 4981 312 5038 Radulll
324 4982 514 5054 advocati,qui
528 4989 595 5037 tunc
607 4985 742 5055 temporis
757 5001 820 5038 eam
832 4985 898 5055 jure
908 4985 998 5056 possi-
1075 4984 1133 5054 Sig.
1154 4981 1263 5038 Ornulli
1277 4977 1445 5053 presbyteri.

199 5071 481 5139 debathaareditario‚
493 5071 719 5127 subclericorum
733 5079 761 5128 et
771 5073 907 5128 laicorum
920 5075 998 5130 testi·
1074 5073 1133 5143 Sig.
1153 5069 1292 5126 Eoscelini
1307 5068 1474 5142 presbyteri.

199 5161 304 5224 monio,
314 5161 443 5217 camdem
454 5161 495 5216 eis
508 5176 573 5216 cum
588 5161 728 5231 adjacenti
737 5163 913 5218 solummodo
924 5163 997 5219 atrio
1074 5162 1133 5234 Sig.
1153 5161 1273 5216 hlaurini
1284 5159 1451 5232 presbyteri.

198 5251 387 5307 concessimus
403 5251 565 5317 Ecclesiam,
590 5266 624 5304 ea
646 5251 752 5306 scilicet
771 5251 939 5320 conditione,
965 5257 997 5308 ut
1074 5251 1132 5322 Sig.
1154 5251 1270 5322 Segardi
1281 5248 1402 5304 diaconi.

236 5392 432 5466 (iith'abbaye
440 5395 475 5449 de
486 5394 682 5450 saint-Martia
694 5394 943 5467 deTournayavait
953 5393 998 5451 etc
1039 5392 1075 5448 bs
1096 5393 1257 5448 edemeura
1271 5391 1382 5447 deserte
1392 5387 1602 5464 jusqu‘enlliiii
1612 5409 1618 5458 ;
1630 5390 1706 5447 alors
1717 5392 1840 5449 Radbod

197 5465 298 5520 fondis
318 5481 352 5521 cn
369 5465 420 5522 652
435 5482 486 5536 par
499 5467 574 5521 saint
589 5467 658 5532 Elei,
679 5466 727 5537 qui
741 5483 759 5538 y
775 5467 854 5537 placa
867 5467 916 5520 des
931 5466 997 5521 reli-
1039 5410 1166 5537 yliabtit
1180 5464 1229 5518 des
1242 5463 1393 5518 chanoincs
1404 5462 1682 5534 regulieraquideux
1692 5480 1744 5519 ans
1755 5471 1840 5536 apres

218 5537 280 5590 ieux
290 5537 389 5591 sousla
400 5536 516 5608 reglede
524 5540 597 5592 saint
606 5537 769 5592 columban.
780 5537 997 5592 L’invasiondes
1039 5535 1246 5591 embrassltrcnt
1262 5535 1288 5588 la
1309 5535 1384 5606 regle
1398 5535 1433 5588 de
1448 5534 1522 5588 saint
1543 5533 1650 5596 Benoit,
1673 5541 1703 5591 et
1719 5537 1841 5609 recupe-

197 5554 359 5664 ilormands
371 5622 409 5662 au
428 5623 469 5662 uo
479 5607 563 5665 siecle
572 5609 674 5664 chassa
686 5609 729 5664 ies
742 5609 879 5680 religieux
889 5607 998 5665 01101-
1038 5609 1136 5663 nerent
1149 5608 1190 5662 las
1205 5606 1284 5662 biens
1298 5607 1347 5678 qui
1366 5604 1479 5662 armant
1491 5605 1537 5662 ete
1550 5604 1676 5662 onvahis.
