3882 6172
218 275 271 336 667
690 281 740 338 ΑΙ)
758 281 879 340 OPERA
897 283 930 340 B.
950 281 1159 340 LANFRANCI
1177 281 1371 340 APPENDIX.
1796 276 1850 334 668

323 404 421 470 Quoad
430 404 561 474 Gieufroy
571 409 640 462 Pare
655 424 681 462 se
696 409 793 462 demist
1020 406 1121 470 Asoris
1136 408 1180 463 sui
1190 407 1314 479 regentis
1334 406 1469 476 Parisius,
1491 412 1521 463 et
1547 422 1598 480 per
1610 404 1717 462 bullam
1732 403 1853 476 excipie-

322 493 533 562 Daousdaua,
546 497 686 552 ethereae
697 499 779 566 prist.
1053 495 1157 553 bantur
1169 496 1315 552 studentes
1329 495 1499 552 Pausias...

321 582 355 634 Le
365 585 685 653 preniicrjourd'rtvrtl,
696 602 760 642 sans
773 587 854 640 doute
1088 585 1122 642 Et
1135 586 1165 641 in
1179 602 1253 641 anno
1277 585 1389 642 Domini
1404 585 1552 642 millesimo
1570 582 1766 638 trecentesimo
1782 580 1852 635 duo-

323 669 392 722 Dieu
406 673 491 738 parde
501 673 645 736 l'boslet,el
659 675 760 728 l'ordrc
771 679 853 727 toute.
1051 672 1167 742 decimo,
1184 675 1351 747 praesidente
1364 675 1393 729 in
1417 674 1542 729 Ecclesia
1565 671 1678 727 domino
1703 670 1852 725 Clemente

249 753 323 810 Nota
346 759 420 829 quod
436 757 550 832 (1334),
565 765 691 833 ternpore
709 762 816 816 domini
834 761 1008 830 Guilleberti,
1051 763 1159 834 quinto,
1169 779 1245 818 mere
1260 769 1288 818 et
1299 763 1453 819 liberaliter
1467 763 1595 818 dedimus
1605 777 1656 834 pro
1666 759 1852 815 subventione

214 847 765 920 summuspontilexClemensregnabat,
777 849 1008 906 filialidevotione
1050 852 1309 925 sedisapostolicae,
1326 854 1420 908 decem
1435 853 1512 907 mille
1532 853 1652 906 florenos
1676 854 1737 905 tum
1760 847 1851 901 etiam

213 932 294 998 moti,
307 950 363 989 non
378 935 497 1004 inducti,
512 940 561 994 sed
577 956 655 994 mera
670 939 951 1013 libertate,praetextu
960 957 1009 996 ne·
1051 958 1101 1012 pro
1110 942 1230 1014 negotiis
1239 943 1343 997 nostris
1354 940 1551 1014 expediendis;
1567 945 1595 994 et
1609 939 1663 994 nisi
1672 939 1771 992 fuisset
1786 951 1852 1008 pro·

212 1023 284 1094 gatii
297 1029 379 1080 terrae
393 1031 506 1094 sanctae,
518 1033 547 1084 et
565 1029 742 1085 exaltationis
764 1029 832 1085 fidei
855 1030 1008 1096 catholica,
1053 1036 1175 1098 curator,
1190 1031 1234 1087 vel
1250 1032 1383 1104 magister
1403 1033 1525 1086 loannes
1536 1028 1655 1095 abbatis,
1672 1025 1851 1082 dedissemus

212 1111 340 1168 dedimus
355 1114 429 1170 dicto
444 1133 555 1172 summo
582 1119 707 1190 pontifici
735 1118 895 1189 quindecim
922 1117 1010 1173 millia
1052 1121 1211 1193 quindecim
1225 1121 1311 1188 mille,
1325 1125 1357 1175 ut
1369 1121 1486 1192 patetin
1500 1117 1679 1174 chartulario.

212 1200 383 1258 florenorum
397 1221 547 1276 parvorum
568 1209 603 1264 de
626 1209 777 1276 Florentia,
793 1225 843 1280 pro
871 1208 1009 1264 dictisne·
1040 1210 1048 1223 '
1086 1211 1121 1265 Et
1135 1227 1208 1265 anno
1218 1209 1331 1266 Domini
1346 1209 1494 1264 millesimo
1516 1206 1712 1264 trecentesimo
1735 1218 1852 1274 sexage-

213 1291 392 1348 cessitatibus
422 1297 639 1367 supportandis,
665 1313 784 1370 quorum
805 1296 899 1352 decern
922 1297 1011 1352 millia
1051 1297 1122 1352 simo
1134 1314 1209 1353 nono
1221 1297 1309 1354 voluit
1323 1315 1396 1370 papa
1413 1299 1506 1352 levare
1531 1313 1618 1351 unam
1645 1293 1785 1350 decimam
1798 1306 1852 1362 pro

213 1379 319 1435 tradita
334 1388 401 1438 sunt
412 1401 469 1455 prae
479 1385 620 1453 manibus,
635 1385 691 1440 alia
706 1385 829 1457 quinque
844 1385 942 1454 millia,
958 1402 1009 1458 po·
1050 1387 1229 1458 reparatione
1244 1387 1367 1442 ecclesias
1377 1392 1427 1442 aut
1441 1385 1604 1441 monasterii
1618 1383 1721 1439 Montis
1731 1380 1849 1446 Casini;

213 1472 284 1538 ntea,
300 1475 332 1525 ut
341 1476 419 1542 patet
431 1473 461 1528 in
472 1474 652 1541 chartulario,
666 1492 718 1546 per
724 1475 847 1530 litteram
862 1491 947 1547 super
956 1476 1008 1530 hoc
1049 1476 1124 1530 unde
1134 1475 1188 1530 fuit
1193 1481 1274 1548 pater
1282 1480 1378 1530 noster
1388 1475 1554 1530 Benedictus
1571 1472 1666 1540 abbas,
1679 1476 1707 1526 et
1720 1469 1853 1525 commis-

212 1556 376 1626 confectam,
393 1575 454 1630 quae
468 1560 570 1632 duplex
585 1567 627 1616 est
649 1561 678 1617 in
705 1562 826 1618 armario
850 1563 1009 1618 litterarum
1049 1580 1111 1619 sum
1122 1563 1175 1620 fuit
1189 1562 1284 1619 abbati
1293 1564 1387 1619 Sancti
1395 1562 1522 1620 Audoeni
1534 1561 1665 1634 colligere
1684 1560 1714 1614 in
1733 1557 1853 1630 provin-

213 1644 391 1712 electionum,
404 1653 433 1702 et
446 1648 499 1704 fuit
513 1650 622 1705 decima
631 1651 771 1722 generalis
794 1653 885 1706 levata
901 1649 1006 1725 [vulga
1049 1651 1092 1707 cia
1105 1653 1335 1724 Rothomagensi‚
1349 1669 1434 1724 super
1448 1651 1578 1707 ecclesias
1600 1655 1650 1705 aut
1675 1646 1853 1704 monasteria

212 1735 366 1806 aneleeeeJ,
380 1737 410 1791 in
425 1753 511 1810 regno
540 1739 665 1796 Francia
682 1757 733 1812 per
751 1739 894 1808 dioeceses‚
910 1746 939 1795 et
958 1756 1039 1827 proB
1049 1739 1138 1796 sancti
1154 1741 1308 1807 Benedicti,
1318 1741 1366 1812 qui
1379 1739 1512 1812 penurias
1528 1739 1709 1794 ecclesiarum
1724 1736 1853 1790 declara-

210 1820 260 1877 illa
275 1821 382 1880 decima
397 1826 654 1884 rationeterrarum
669 1833 829 1884 nostrarum
843 1829 1008 1884 diffusarum
1049 1830 1106 1884 vit:
1124 1835 1152 1884 et
1161 1829 1271 1884 decima
1280 1830 1462 1885 nihilominus
1476 1828 1567 1885 solnta
1581 1833 1624 1883 est
1639 1845 1645 1880 :
1666 1831 1696 1881 et
1712 1825 1851 1880 solvimus

209 1927 262 1984 per
269 1913 416 1983 predictas
426 1915 558 1972 dioeceses
572 1917 715 1986 solvimus,
726 1917 831 1988 absque
847 1918 926 1972 bonis
935 1919 1009 1991 prio-
1047 1933 1099 1990 pro
1114 1924 1193 1990 parte
1209 1924 1237 1972 et
1248 1919 1377 1990 portione
1390 1923 1488 1972 nostra
1497 1913 1852 1990 quadragintanovemllo·

209 2007 323 2058 ratuum
337 2009 509 2074 nostrorum,
525 2007 581 2062 tria
607 2008 695 2062 millia
721 2008 826 2063 sexcies
846 2013 958 2064 centum
975 2008 1006 2062 li·
1047 2023 1140 2074 renos,
1151 2011 1184 2062 ut
1196 2011 1274 2078 patet
1287 2007 1318 2061 in
1331 2005 1448 2061 fardello
1462 2005 1488 2060 l.

209 2088 294 2158 bras3
309 2092 443 2148 tredecim
457 2092 552 2162 libras,
569 2095 639 2150 duos
652 2095 765 2162 solidos,
773 2113 821 2173 sex
834 2097 1008 2165 denarios‚ut
1083 2096 1240 2167 Notaquod
1251 2111 1325 2150 anno
1344 2093 1457 2152 Domini
1474 2093 1623 2149 millesimo
1649 2089 1851 2146 trecentesimo

207 2185 287 2252 patet
298 2197 349 2252 per
363 2182 471 2238 litteras
485 2184 655 2254 quittanciae.
1049 2184 1168 2256 septimo
1179 2184 1411 2239 ettrecentesimo
1419 2182 1635 2256 quadragesimo
1643 2180 1750 2253 quinto,
1760 2195 1851 2233 rene-

244 2270 326 2326 Auno
337 2271 450 2326 Domini
477 2273 626 2329 millesimo
649 2275 846 2330 trecentesimo
860 2275 1006 2348 trigesimo
1047 2273 1149 2328 rabiles
1160 2273 1223 2339 viri,
1235 2273 1369 2344 magister
1395 2272 1527 2327 Nicolaus
1554 2270 1589 2325 de
1614 2270 1734 2336 Quercu,
1752 2273 1851 2322 rector

208 2359 328 2430 septimo
342 2359 397 2416 fait
407 2361 438 2416 in
452 2361 575 2434 capitulo
590 2363 760 2428 ordinatum,
773 2369 805 2420 ut
820 2363 1006 2422 bulladomini
1048 2362 1170 2418 ecclesia
1176 2361 1272 2418 Sancti
1280 2361 1419 2416 Silvinidc
1430 2361 1506 2427 Glos,
1523 2359 1600 2415 dedit
1615 2357 1696 2414 nobis
1706 2357 1849 2429 quasdam

208 2447 353 2504 Benedicti
363 2467 533 2524 papaesuper
542 2452 717 2508 ordinatione
730 2454 898 2509 scholarium
913 2453 1006 2510 obser·
1046 2451 1209 2518 decretales,
1221 2467 1284 2506 carn
1295 2456 1433 2523 apparatu
1441 2449 1657 2517 ordinario,una
1667 2463 1729 2503 cum
1744 2445 1848 2518 quinto

209 2546 331 2600 iareim,
343 2543 372 2593 et
385 2544 524 2596 statutum
538 2546 583 2596 est
595 2545 626 2596 ut
650 2541 768 2614 quilibet
791 2542 868 2614 prior
886 2543 1007 2599 solveret
1047 2539 1240 2606 decretalium,
1254 2557 1316 2594 cum
1329 2556 1379 2594 suo
1395 2544 1553 2611 apparatu;
1572 2537 1717 2593 decretum
1727 2551 1849 2607 camap-

209 2625 291 2682 dictis
306 2628 522 2684 scholaribusde
538 2630 662 2700 quolibet
676 2631 772 2687 franco
790 2631 916 2687 redditus
928 2633 1006 2703 prio·
1047 2636 1150 2700 paratu
1163 2627 1319 2697 ordinario,
1336 2634 1365 2682 et
1374 2627 1509 2698 magister
1526 2627 1647 2682 loannes
1658 2625 1692 2680 de
1705 2624 1847 2695 Doesseyo

207 2720 287 2771 ratus
301 2717 346 2771 sui
360 2721 418 2772 tres
429 2718 542 2786 solidos,
553 2735 618 2774 cum
636 2719 727 2774 tribus
751 2720 884 2786 denariis,
900 2721 1007 2792 persol-
1047 2721 1140 2771 rector
1153 2716 1275 2771 ecclosiae
1289 2716 1385 2771 Sancti
1400 2714 1532 2786 Gregorii,
1553 2716 1588 2770 de
1614 2713 1694 2780 Tilia,
1711 2713 1759 2784 qui
1774 2729 1792 2766 a
1801 2714 1850 2784 ιιι-

208 2810 286 2860 verat
297 2805 473 2876 integraliter
481 2807 509 2862 in
524 2823 609 2864 manu
621 2809 791 2880 pitantiarii;
806 2810 845 2864 sic
860 2809 933 2881 quod
945 2827 1005 2864 ma·
1046 2811 1160 2860 ventute
1170 2803 1263 2859 fuerat
1272 2805 1396 2859 nutritas
1405 2804 1435 2859 in
1445 2804 1528 2858 domo
1539 2809 1646 2870 nostra,
1658 2807 1687 2857 et
1697 2800 1851 2856 beneficia-

207 2891 296 2964 gister
308 2894 337 2950 in
347 2895 489 2967 theologia
502 2897 608 2968 legens,
624 2898 812 2971 quadraginta
835 2899 954 2967 francos,
976 2903 1004 2954 et
1045 2898 1101 2960 tus,
1111 2893 1189 2948 dedit
1202 2892 1385 2947 nobisomnes
1392 2892 1478 2947 libros
1493 2909 1568 2960 suos,
1584 2897 1647 2963 post
1661 2896 1783 2945 mortem
1797 2890 1851 2944 ha·

208 2982 325 3039 studens
334 2983 363 3038 in
377 2984 519 3056 theologia
532 2987 660 3053 totidem,
670 2988 804 3042 etdootor
815 2987 1002 3056 decretorum,
1045 2983 1170 3050 bitures,
1187 2983 1253 3037 etsi
1267 2981 1416 3053 contigerit
1431 2998 1495 3037 eum
1510 2981 1674 3036 infirmitate
1688 2979 1730 3034 vel
1745 2995 1851 3034 neces-

206 3071 272 3146 jura
284 3075 420 3129 canonica
443 3075 549 3145 legens,
577 3076 799 3148 quinquaginta,
817 3083 845 3130 et
870 3047 1130 3132 scholariscsitate
1142 3072 1272 3139 vendere,
1289 3078 1465 3126 exsecutores
1484 3071 1529 3126 sai
1543 3075 1678 3124 tenentur
1695 3067 1777 3122 nobis
1789 3069 1851 3122 sol-

207 3160 323 3216 stadens
335 3162 411 3234 jura,
420 3162 688 3220 etbaccalaureusin
696 3165 811 3232 eisdem,
826 3165 945 3236 triginta
957 3182 1005 3221 sex
1045 3177 1110 3216 vere
1119 3161 1270 3216 ducentum
1284 3159 1388 3229 libras;
1416 3166 1444 3215 et
1453 3165 1515 3215 erat
1527 3159 1587 3231 ipse
1602 3159 1699 3214 doctor
1718 3157 1747 3212 in
1757 3157 1851 3212 medi-

206 3249 303 3318 libras,
319 3255 352 3306 ut
362 3257 441 3323 patet
454 3252 484 3308 in
505 3253 677 3308 chartulario
702 3253 731 3308 in
761 3253 877 3308 fardello
895 3254 1005 3326 signato
1046 3251 1118 3318 cina,
1132 3256 1161 3305 et
1172 3250 1297 3322 ejusdem
1313 3249 1430 3305 eximius
1442 3249 1592 3322 professor.

203 3355 255 3413 per
272 3357 299 3393 ιι.
1081 3342 1161 3396 Anno
1179 3339 1293 3396 Domini
1315 3340 1464 3395 millesimo
1486 3336 1683 3395 trecentesimo
1697 3334 1852 3407 trigesimo

241 3429 323 3482 Anno
340 3427 451 3484 Domini
466 3429 615 3484 millesimo
628 3431 825 3486 trecentesimo
840 3430 947 3486 decimo
960 3449 1005 3486 oc·
1045 3427 1153 3500 quinto,
1168 3428 1213 3483 die
1225 3429 1310 3496 Joris,
1327 3435 1393 3484 ante
1407 3429 1510 3484 festum
1518 3427 1608 3482 sancti
1619 3424 1735 3481 Joannis
1749 3423 1851 3495 Bapti-

205 3519 280 3582 avo,
296 3515 350 3571 fuit
364 3533 381 3570 a
395 3517 461 3572 sede
471 3517 624 3590 apostolica
644 3519 784 3574 indultum
798 3520 927 3592 Philippo
943 3521 1003 3592 regi
1044 3523 1103 3585 stae,
1120 3517 1164 3574 die
1174 3519 1309 3590 vigesima
1322 3518 1407 3574 tertia
1431 3517 1536 3572 mensis
1555 3513 1638 3582 lanii,
1655 3518 1719 3587 post
1732 3517 1850 3584 sponta-

205 3603 378 3660 Francorum
392 3606 572 3673 etNararree,
589 3607 673 3662 certis
688 3607 831 3676 decausis,
852 3609 880 3663 in
895 3610 1005 3680 provin·
1045 3623 1128 3662 neam
1147 3607 1367 3678 resignationem
1391 3606 1519 3662 (leufridi
1546 3605 1617 3660 Fare
1637 3603 1748 3668 factam,
1761 3607 1796 3656 ut
1809 3603 1848 3656 ad

206 3681 479 3766 cia'Rothomagensi
492 3695 586 3752 levare
601 3697 756 3766 decimam3
771 3704 801 3753 et
814 3715 864 3769 pro
878 3703 959 3770 parte
976 3705 1003 3753 et
1044 3696 1210 3768 praedictum
1231 3696 1422 3769 episcopatum
1449 3695 1675 3765 transmigraret,
1690 3695 1802 3746 astante
1819 3697 1852 3746 et

206 3781 336 3856 portione
349 3788 446 3839 nostra
469 3784 574 3841 fuimus
594 3786 681 3840 taxati
708 3787 743 3842 ad
765 3804 903 3842 summam
927 3787 1003 3842 mille
1044 3785 1213 3856 praesidente
1221 3785 1380 3858 incapitulo
1391 3785 1470 3839 Decci
1480 3784 1567 3839 fratrc
1576 3783 1685 3838 Ioanne
1697 3781 1732 3836 de
1740 3780 1849 3835 Sancto

204 3877 371 3928 sarmatan
400 3873 579 3945 septuaginta
599 3874 755 3944 librarum,
783 3893 853 3948 quas
871 3876 1003 3932 solvimus
1044 3873 1185 3928 Mellanno
1200 3872 1294 3944 priore
1304 3873 1393 3938 Becci,
1408 3889 1534 3928 unacum
1548 3871 1690 3945 prioribus
1705 3868 1794 3924 totius
1802 3885 1850 3923 or-

206 3960 282 4032 apud
296 3961 425 4028 beccum,
449 3969 587 4034 praesente
615 3981 691 4036 rege,
706 3965 752 4020 die
772 3965 880 4021 decima
900 3971 1002 4038 quarta
1043 3961 1126 4028 dinis,
1141 3961 1246 4017 electus
1260 3962 1315 4017 fuit
1329 3963 1415 4017 frater
1428 3963 1550 4019 loannes
1574 3962 1608 4017 de
1625 3958 1851 4029 Grangiis‚tunc

204 4050 325 4121 Augusti
338 4051 406 4106 anni
419 4051 554 4122 predicti,
570 4057 603 4107 ut
630 4059 708 4125 patet
730 4070 781 4126 per
806 4055 1000 4126 quittanciam,
1040 4051 1312 4122 justiciariusBecci,
1324 4052 1353 4106 in
1367 4058 1509 4123 pastorem
1523 4050 1590 4105 dicti
1604 4045 1782 4115 monasterii;
1797 4047 1851 4118 qui

205 4139 360 4212 quaestio
374 4140 546 4196 chartulario
556 4141 586 4196 in
600 4141 717 4197 fardello
728 4143 772 4198 de.
782 4189 788 4201 .
840 4145 874 4198 Et
885 4145 913 4198 in
928 4160 1002 4199 anno
1044 4139 1197 4196 Ecclesiam
1223 4140 1404 4196 laudabiliter
1429 4157 1540 4212 regens,
1565 4140 1640 4193 inter
1657 4141 1757 4192 caetem
1770 4135 1850 4191 bona

203 4229 709 4301 trecentesimoquadragesimosexto
721 4229 793 4302 (74);
819 4232 874 4287 fuit
888 4232 1003 4287 collecta
1045 4249 1106 4304 quae
1120 4232 1160 4288 ibi
1174 4234 1271 4303 gessit,
1287 4231 1354 4288 fecit
1367 4233 1498 4288 dedicare
1525 4231 1671 4287 ecclesiam
1691 4245 1794 4284 novam
1810 4227 1848 4283 de

203 4317 236 4374 in
245 4335 333 4389 regno
346 4319 480 4386 Francia,
495 4324 524 4374 et
536 4319 628 4376 levata
652 4338 704 4392 per
720 4320 884 4393 pradictum
899 4320 1034 4392 Philipl)
1044 4339 1115 4379 noro
1131 4315 1300 4394 completam
1316 4321 1506 4389 laudabiliter,
1517 4327 1549 4377 ut
1560 4327 1658 4392 postea
1670 4316 1789 4391 patebit.

203 4423 282 4480 pum,
299 4409 347 4480 qui
362 4407 556 4464 duxitbellum
580 4415 679 4466 contra
693 4427 787 4482 regem
812 4410 931 4481 englisc,
950 4427 1001 4483 pro
1077 4412 1159 4466 Anno
1169 4411 1283 4465 Domini
1298 4411 1447 4466 millesimo
1463 4409 1659 4465 trecentesimo
1683 4407 1848 4479 quadrage-

140 4531 143 4540 =
205 4497 406 4570 quasolrimus
420 4515 470 4569 pro
486 4497 1002 4572 nobisetprioratibussummamcen·
1041 4499 1122 4566 simo,
1135 4499 1243 4555 decimo
1259 4501 1357 4571 quinto
1370 4500 1416 4556 die
1425 4499 1540 4571 Aprilis,
1550 4499 1620 4554 obiit
1633 4498 1686 4570 pia
1700 4496 1848 4552 memoria

204 4585 371 4656 tumviginti
383 4585 529 4642 librarum.
537 4588 571 4644 Et
580 4587 609 4643 in
622 4605 696 4643 anno
708 4588 997 4660 millesimoquadrin·
1042 4589 1174 4646 dominus
1199 4589 1362 4644 Gaudiidus
1385 4587 1451 4658 Fae,
1467 4588 1618 4662 vigesimus
1638 4586 1724 4642 abbas
1748 4586 1844 4652 Becci,

202 4674 359 4748 gentesirno
372 4674 506 4746 vigesimo
521 4683 631 4749 quarto,
643 4678 697 4732 fuit
708 4678 800 4734 levata
822 4677 879 4732 alia
892 4679 1001 4734 decima
1040 4685 1139 4751 postea
1153 4679 1299 4752 episcopus
1312 4677 1496 4745 Ebroicensis,
1512 4693 1569 4734 non
1583 4676 1733 4731 immernor
1756 4675 1846 4730 eccle-

201 4779 334 4820 concessa
351 4765 464 4821 domino
477 4767 545 4838 regi,
562 4783 613 4838 pro
629 4783 685 4840 qua
697 4767 779 4822 soluit
791 4766 868 4839 prior
881 4767 916 4824 de
936 4769 1000 4824 Bel·
1041 4767 1089 4824 siae
1103 4765 1262 4836 Beccensis‚
1278 4767 1327 4822 sed
1341 4769 1415 4840 apud
1426 4783 1488 4822 eam
1502 4765 1622 4832 delatus,
1640 4769 1670 4820 et
1683 4765 1712 4820 in
1726 4765 1790 4836 ipsa
1797 4781 1844 4818 se·

201 4854 326 4910 lomonte
338 4871 389 4926 pro
403 4856 532 4927 portione
542 4873 604 4936 sua,
620 4855 864 4928 quinqueceutum
877 4857 998 4914 francos.
1040 4859 1136 4930 pullus
1150 4856 1180 4911 in
1189 4856 1303 4911 sinistra
1317 4855 1395 4911 chori
1409 4861 1499 4928 parte,
1513 4860 1545 4910 ut
1559 4853 1774 4926 ejassepultum
1784 4869 1846 4906 ma-

201 4944 238 5000 ut
257 4944 288 4999 in
300 4960 374 5000 anno
389 4945 539 5001 millesimo
554 4944 831 5017 quadringentesimo
853 4947 999 5018 trigesimo
1041 4946 1171 5016 nifestat;
1188 4947 1269 5018 cuius
1283 4944 1379 5000 anima
1389 4945 1419 4999 ia
1432 4961 1500 5017 pace
1511 4944 1679 5014 requiescat.

200 5033 480 5107 quaternitatibus
502 5035 625 5090 Thomas
653 5034 809 5102 absolutus,
832 5042 891 5104 m
904 5036 939 5091 ob
955 5037 1000 5091 de·
1076 5037 1157 5092 Anno
1169 5033 1280 5090 Domini
1295 5035 1444 5089 millesimo
1463 5032 1660 5089 trecentesimo
1685 5031 1845 5104 quadrage-

198 5123 305 5180 fectum
333 5122 481 5179 solutionis
499 5122 613 5179 decimae
632 5122 704 5179 datae
723 5123 1000 5180 adominoMartino
1041 5125 1113 5180 simo
1127 5125 1259 5192 secundo,
1276 5123 1383 5179 decimo
1408 5123 1505 5195 quinto
1529 5122 1574 5177 die
1590 5120 1696 5176 mensis
1714 5121 1844 5192 Septem-

199 5229 274 5285 papa
284 5212 382 5284 quinto
396 5211 461 5267 duci
475 5211 640 5280 Behfordiae,
657 5229 743 5286 super
752 5213 887 5270 fructibus
901 5214 930 5269 in
945 5215 998 5270 du·
1040 5214 1223 5278 bn's,decimo
1238 5212 1359 5286 septimo
1374 5212 1516 5268 Kalendas
1535 5211 1672 5278 Octobris,
1689 5211 1842 5282 pontifica-

198 5307 264 5358 catu
287 5300 499 5357 Northmanniae
522 5301 749 5368 consistentibus,
779 5303 846 5374 quia
866 5303 999 5374 imposita
1039 5310 1085 5361 tus
1095 5303 1264 5360 sanctissimi
1274 5303 1303 5358 in
1319 5303 1430 5358 Christo
1442 5301 1534 5356 Patris
1552 5300 1659 5357 domini
1675 5299 1840 5367 Clementis,

199 5389 262 5458 fuit,
283 5395 312 5446 et
329 5391 422 5446 lerata
440 5395 568 5463 tempore
581 5392 690 5448 domini
718 5392 834 5449 Roberti
847 5393 997 5466 praedeces-
1039 5394 1134 5450 divina
1146 5393 1296 5451 clementia
1311 5391 1471 5465 papaesexti
1493 5408 1567 5446 anno
1582 5391 1683 5464 primo,
1701 5393 1841 5460 regnante

233 5564 289 5640 (ll)
301 5568 376 5624 Anni
385 5569 500 5628 mutuae
514 5574 658 5628 ocantur.
