3970 6172
145 364 217 426 lter
633 372 805 432 nlsroma
821 373 1088 436 utmoutoamt
1106 378 1136 439 S.
1155 376 1297 435 suanm
1715 374 1785 436 ΗΒ

403 498 521 556 caput
538 495 692 557 Paluda.
952 489 1106 578 Aquarum
1131 519 1247 560 suarum
1269 502 1453 558 sauciaverat.
1478 499 1532 558 Ubi
1552 515 1617 557 cum
1629 500 1784 558 honorilice

144 604 311 660 mmmm
338 606 501 662 mmmm,
532 609 670 662 usp-acuta
693 607 731 661 aa
757 610 894 678 reliquias
914 609 944 665 s,
987 593 1022 649 ab
1046 593 1173 650 antistite
1196 591 1358 648 Lietbertho
1371 590 1426 658 (10)
1442 595 1598 662 cunctoque
1621 591 1708 662 ipsius
1729 591 1783 646 loci

289 677 411 732 elmundi
424 679 569 734 demereri
583 685 609 731 ct
624 678 711 732 dcccii
723 679 807 745 suctu.
987 683 1062 737 clero
1087 682 1200 753 recepti,
1229 680 1388 753 hospitandi
1411 679 1505 750 gratia
1530 694 1783 748 commaneremus,

180 762 946 840 t.teap.t.ngiturannoablnmrnstionwominitett,
987 771 1069 827 illum
1084 771 1219 826 miserum
1233 770 1331 825 donari
1347 770 1375 824 S.
1391 768 1519 823 hmando
1533 767 1782 840 interpellavimus,

144 852 703 922 aucusituveroamcnditeuva).subur
714 853 815 910 Iduum
825 856 947 912 Februa·
987 865 1126 932 quatenus
1148 860 1272 915 solutum
1294 857 1411 912 vinculis
1433 856 1634 928 corporalibus,
1659 863 1783 928 sanctus,

143 939 264 1006 riarum,
286 941 391 997 mucce
411 957 533 998 accensa
551 947 619 997 sunt
638 942 739 998 domus
757 944 787 998 in
800 945 862 1000 foro
876 945 947 1001 hora
986 947 1032 1003 cui
1046 949 1209 1015 donaretur,
1223 947 1299 1019 apud
1312 947 1433 1000 divinam
1449 945 1626 1000 clementiam
1645 945 1785 1002 obtineret

143 1029 205 1084 fere
219 1029 305 1084 tertia
320 1028 368 1097 (tt.
381 1030 456 1086 uude
471 1035 500 1085 et
518 1031 548 1086 in
561 1030 651 1102 ipsam
667 1032 791 1103 predicti
806 1034 945 1104 pontilicis
982 1037 1164 1104 ,demoniacis
1173 1036 1280 1092 absolvi
1294 1035 1419 1090 nexibus.
1432 1034 1512 1100 Quod
1525 1040 1553 1089 et
1565 1034 1605 1089 ita
1615 1034 1719 1090 factum
1730 1040 1784 1091 est.

145 1117 292 1174 sedeciam
307 1117 445 1190 plumbeis
459 1119 561 1174 tabulis
575 1125 689 1185 tectam,
707 1137 756 1191 per
769 1122 880 1193 tegulas
893 1123 945 1178 sub
986 1126 1057 1181 Nam
1074 1131 1102 1181 et
1115 1125 1239 1198 pontifex
1253 1125 1357 1179 nostris
1371 1139 1517 1178 assensum
1538 1122 1657 1195 praebuit
1670 1123 1784 1195 petitio·

143 1205 216 1279 ipsis
227 1207 387 1263 tabulaticis
401 1207 515 1263 flamma
528 1208 665 1280 prorupit,
676 1209 787 1281 antiqui
803 1210 900 1266 hostis.
915 1218 947 1268 ut
987 1213 1079 1279 nibus,
1096 1220 1125 1268 et
1138 1213 1185 1267 ille
1200 1211 1322 1284 pontifex
1337 1217 1441 1275 noster,
1463 1212 1544 1282 cujus
1566 1227 1667 1282 corpus
1682 1211 1785 1283 depor-

144 1294 299 1361 credimus,
315 1295 429 1352 invidia.
440 1296 507 1362 Qua
521 1296 583 1369 ipsa
595 1313 659 1352 cum
674 1297 804 1353 omnibus
816 1299 946 1356 claustris
986 1301 1233 1367 tabatur,libaram
1243 1305 1365 1356 mentem
1376 1305 1493 1354 eatenus
1502 1300 1784 1371 captivatoasummo

144 1383 206 1439 suis
219 1384 316 1440 statim
330 1389 373 1440 ast
386 1385 516 1441 incendio
529 1386 683 1454 devastata,
694 1402 746 1442 nec
759 1405 816 1444 non
833 1393 862 1443 et
877 1405 946 1461 apo·
986 1391 1118 1463 pontifice
1132 1390 1244 1446 Christo
1256 1388 1425 1462 impetravit,
1448 1389 1490 1443 ita
1503 1393 1536 1442 ut
1557 1387 1622 1444 inde
1638 1389 1784 1444 nobiscum

145 1472 284 1528 stolorum
309 1473 454 1546 principis,
469 1475 519 1531 sed
543 1482 572 1530 et
594 1475 650 1531 alia
662 1477 791 1547 germani
808 1475 843 1547 (5)
858 1477 946 1550 ipsius
986 1479 1179 1552 progrediens,
1187 1479 1295 1535 nullum
1308 1477 1444 1532 malesani
1453 1476 1552 1549 capitis
1563 1476 1697 1533 indicium
1710 1477 1785 1532 ultra

145 1560 275 1617 ecclesia.
292 1563 441 1635 campanae
457 1563 492 1634 (6)
514 1564 657 1620 fundendo
678 1565 708 1619 iu
723 1565 867 1637 pulverem
880 1572 947 1622 sunt
986 1569 1184 1640 pretenderet.

146 1649 284 1720 redactam
303 1651 398 1707 diruta
406 1651 492 1707 etiam
504 1668 621 1725 quaque
634 1658 801 1708 ornamenta
811 1654 943 1718 ecclesia,
1022 1655 1048 1712 fr.
1068 1655 1144 1729 (Gap.
1161 1655 1200 1723 3.)
1216 1656 1260 1710 ab
1275 1655 1337 1727 ipsa
1350 1671 1461 1728 quoque
1474 1655 1545 1710 urbe
1558 1655 1676 1728 vestigia
1690 1655 1786 1712 detor·

145 1739 295 1795 columnas
305 1740 367 1796 dicc
380 1741 415 1796 de
425 1740 507 1797 Pario
520 1742 614 1814 lapide
626 1759 690 1797 cum
704 1743 834 1814 analogio
845 1743 882 1810 (7)
897 1743 946 1798 ho-
986 1749 1174 1816 quentescum
1184 1745 1322 1800 immenso
1332 1745 1468 1800 comitatu
1478 1744 1590 1808 civium,
1599 1744 1786 1802 tendebamus

144 1833 235 1884 nete
247 1829 367 1886 fatuea.
377 1830 430 1886 Ubi
443 1830 576 1904 quiddam
588 1831 725 1904 contingit
734 1832 825 1887 relatu
840 1823 1082 1904 dignis-Eversus
1102 1835 1246 1906 oppidum,
1262 1835 1307 1890 cui
1321 1833 1486 1889 vocabulum
1510 1840 1553 1889 est
1570 1833 1701 1889 Cuccium
1717 1835 1784 1904 (ll),

143 1916 261 1976 dmum.
277 1918 362 1989 quod,
381 1917 454 1974 sicut
465 1918 591 1974 videntes
604 1925 633 1974 et
645 1919 792 1975 audientes
804 1920 834 1976 in
848 1926 945 1993 stupo-
985 1921 1034 1976 abi
1049 1923 1144 1977 multa
1158 1924 1318 1978 aversiones
1330 1922 1365 1977 ab
1379 1923 1528 1995 oppidano,
1543 1939 1592 1977 seu
1605 1923 1701 1994 judice
1713 1923 1786 1994 ejus·

143 2019 208 2061 rem
231 2006 316 2062 vertit
333 2023 390 2062 uon
412 2007 572 2076 minimum,
597 2009 638 2063 ita
663 2009 785 2073 lecturis.
810 2015 842 2065 ιιι
870 2026 944 2077 reor,
986 2009 1049 2064 dem
1060 2010 1123 2072 loci,
1134 2009 1248 2065 familiae
1259 2009 1450 2065 inferebantur
1461 2009 1628 2073 S.Amandi‚
1641 2027 1702 2082 quae
1712 2010 1787 2066 circa

143 2093 202 2149 erit
215 2095 302 2150 veluti
316 2102 484 2152 monstrum.
502 2098 575 2154 Nam
590 2114 654 2153 mox
675 2103 706 2154 ut
722 2098 789 2171 ipsse
803 2115 946 2171 campana
985 2098 1077 2170 ipsum
1092 2098 1212 2170 degebat
1226 2099 1370 2171 oppidum.
1386 2098 1441 2154 Sed
1456 2097 1587 2164 ubilero,
1600 2115 1656 2170 quo
1669 2097 1785 2170 disposi-

143 2198 163 2237 a
177 2183 295 2240 tlamma
316 2191 384 2241 sunt
398 2185 509 2255 invase,
533 2193 679 2259 ceperunt
697 2187 824 2248 insimul.
839 2188 946 2245 nullius
986 2191 1048 2241 tum
1063 2193 1124 2242 erat
1134 2188 1260 2254 tendere,
1272 2187 1471 2260 propiavimus,
1484 2203 1547 2242 ecce
1562 2186 1713 2258 quemdam
1725 2202 1786 2257 pra·

142 2270 200 2328 nisi
224 2274 311 2329 solius
331 2274 383 2330 Dei
400 2275 536 2347 impulsu,
560 2292 692 2331 resonare
715 2293 748 2331 ac
770 2276 793 2332 si
813 2277 945 2332 divinitus
987 2276 1131 2348 sbyterum
1146 2277 1268 2333 ecclesie
1284 2276 1314 2332 iu
1327 2277 1434 2331 honore
1449 2277 1477 2332 S.
1489 2276 1611 2347 Remigii
1626 2281 1784 2345 exstructa,

143 2368 329 2418 monerentur
338 2363 471 2435 plangere
484 2363 593 2420 ruinam
604 2365 649 2420 sui
659 2370 689 2420 et
702 2366 834 2430 ecclesiae,
845 2366 942 2434 donec,
986 2364 1119 2421 Milonem
1133 2366 1255 2431 nonrine,
1278 2381 1341 2420 cum
1362 2364 1443 2438 plebe
1458 2363 1610 2437 promiscui
1625 2381 1707 2419 sexus
1729 2380 1786 2420 non

143 2455 179 2506 nt
192 2451 369 2524 prelibatum
385 2459 438 2514 est.
451 2453 481 2508 in
495 2454 637 2525 pulverem
652 2460 719 2509 sunt
732 2455 862 2511 redacta.
987 2454 1106 2524 modica,
1119 2454 1230 2512 obvium
1244 2455 1404 2518 habuimus,
1420 2454 1565 2510 humiliter
1580 2453 1784 2523 obsecrantem,

179 2539 208 2596 8.
225 2541 313 2612 Cujus
327 2541 509 2598 habitationis
523 2543 704 2598 restituendae
718 2544 821 2615 gratia,
842 2546 943 2600 tratres
985 2549 1019 2598 ut
1031 2544 1142 2600 thecam
1157 2545 1230 2600 tanti
1246 2544 1385 2616 pontilicis
1398 2545 1427 2599 in
1451 2543 1540 2616 ipsam
1556 2544 1583 2598 S.
1601 2543 1723 2616 Remigii
1740 2561 1786 2601 ec·

144 2646 210 2686 mm
225 2629 325 2686 abbate
340 2631 375 2704 (8)
391 2630 479 2703 ipsius
500 2631 563 2698 loci,
579 2648 612 2687 ex
631 2633 759 2688 consulto
774 2634 944 2690 marchionis
985 2633 1097 2688 alesiam
1118 2633 1220 2689 deterri
1237 2632 1340 2704 ubique
1363 2633 1509 2705 paululum
1529 2631 1705 2703 requiescere
1720 2650 1786 2705 per-

146 2718 183 2788 (9)
211 2724 305 2786 terre,
331 2725 417 2792 atque
442 2720 645 2793 episcoporum,
672 2721 807 2794 petitione
834 2740 945 2795 quoque
985 2721 1171 2777 mitteremus.
1196 2721 1248 2777 Est
1270 2729 1365 2777 eutem
1379 2722 1415 2775 ab
1431 2722 1484 2776 hoc
1503 2721 1564 2776 loco
1588 2737 1644 2776 non
1664 2722 1785 2777 multum

144 2807 319 2864 Francorum
345 2809 455 2876 obnixa,
488 2809 634 2875 feretrum,
665 2826 720 2882 quo
747 2813 944 2883 corpusculum
985 2810 1093 2865 distans
1103 2811 1216 2882 quidam
1226 2811 1341 2876 viculus,
1349 2826 1431 2882 quem
1439 2809 1785 2879 dicuntVernuliumss‘tt.

143 2897 297 2953 venemndi
307 2898 400 2954 Patris
408 2898 567 2962 recubabat,
580 2915 632 2971 per
640 2899 758 2955 Galliam
773 2901 946 2970 detulerunt,
987 2896 1021 2952 In
1035 2898 1088 2953 hoc
1101 2898 1214 2970 jacebat
1232 2899 1342 2963 mulier,
1358 2903 1449 2953 stratu
1464 2896 1601 2952 recubans
1615 2897 1650 2952 ob
1663 2897 1785 2952 immen-

56 2991 58 2994 '
145 3003 295 3059 quoscum
310 2993 390 3043 tauto
400 2988 532 3044 thesauro
543 2987 618 3045 Galli
633 2987 752 3044 ubilibet
762 2989 887 3045 locorum
898 2990 947 3045 ho-
986 3003 1049 3042 sum
1063 2988 1227 3060 languorem
1242 2987 1444 3054 membrorum,
1458 3003 1519 3059 quae
1533 3003 1551 3041 a
1564 2987 1636 3042 lecto
1650 2985 1785 3058 nequive-
1903 3041 1906 3048 ,

145 3075 264 3132 notifica
277 3081 307 3132 et
319 3093 430 3132 summa
443 3093 508 3132 cum
519 3077 665 3133 devotione
680 3083 874 3150 susceperunt.
891 3080 945 3136 Ex·
986 3081 1031 3131 rat
1044 3076 1138 3148 egredi
1151 3093 1202 3149 per
1216 3077 1356 3132 curucam
1370 3075 1412 3132 bis
1424 3075 1549 3148 quinque
1562 3092 1709 3131 annorum.
1719 3075 1786 3131 Hac

144 3164 285 3220 cessim
302 3181 369 3220 sane
390 3165 561 3222 monasterio
576 3166 696 3238 septimo
710 3167 777 3222 Idus
791 3167 887 3236 tuuii;
902 3143 975 3224 re·C
986 3164 1033 3220 ubi
1047 3182 1116 3221 aure
1130 3167 1254 3238 percepit
1267 3182 1351 3221 sonos
1371 3170 1401 3220 et
1421 3168 1521 3220 centus
1543 3162 1633 3236 plebis
1648 3181 1681 3220 eo
1695 3163 1785 3219 diver·

146 3253 312 3327 pedarimus
334 3254 365 3309 in
388 3253 462 3309 idem
483 3254 536 3310 sub
559 3255 605 3309 die
624 3269 652 3309 rr
667 3256 762 3311 Nonas
775 3254 856 3311 Julii.
871 3257 944 3323 Quid
985 3254 1081 3318 tentis,
1110 3271 1222 3310 causam
1251 3259 1460 3326 percunctatur.
1487 3253 1615 3324 (tumque
1642 3251 1787 3308 didicisset

145 3348 244 3398 autem
251 3342 304 3398 hac
312 3343 522 3416 intercapedine
529 3349 651 3416 quatuor
660 3343 877 3414 hebdomadum,
888 3363 944 3402 me-
984 3357 1085 3415 corpus
1096 3343 1123 3398 S.
1137 3342 1286 3397 Amandia
1302 3342 1430 3398 fidelibus
1445 3340 1549 3397 turmis
1561 3341 1612 3397 illo
1625 3339 1783 3410 transferri,

143 3431 210 3486 ritis
221 3447 295 3503 saepe
310 3431 377 3486 dicti
391 3433 532 3504 pontilicis
544 3449 638 3488 coram
653 3433 843 3490 immensitate
858 3435 942 3506 vulgi,
985 3432 1117 3487 contiuuo
1132 3431 1162 3487 in
1185 3433 1244 3487 haec
1259 3430 1343 3486 verba
1365 3432 1495 3503 prorupit
1510 3450 1518 3486 :
1534 3431 1594 3486 Osi
1611 3430 1728 3486 daretur
1738 3445 1785 3485 me

144 3519 176 3575 iu
189 3520 252 3592 ipsa
262 3520 376 3592 regione
383 3521 421 3577 sit
432 3527 554 3594 gestum,
566 3538 623 3577 non
633 3522 710 3578 ducit
718 3529 810 3578 mater
823 3524 945 3580 Ecclesia
985 3521 1085 3576 saltem
1102 3520 1234 3576 manibus
1248 3525 1417 3593 reptantem,
1434 3519 1516 3592 quasi
1535 3519 1746 3592 quadrupedem
1759 3519 1786 3575 ci

144 3608 344 3678 reticendum
368 3627 431 3682 qua
453 3611 526 3667 lilios
549 3628 614 3667 suos
635 3612 814 3680 orthodoxos,
835 3613 946 3669 filiatio·
985 3609 1096 3665 obviam
1111 3610 1182 3677 fieri,
1202 3610 1382 3681 implorarem
1397 3615 1535 3676 sanctum,
1548 3607 1787 3680 quatenusinter·
1884 3643 1886 3650 ,

145 3713 271 3769 nemque
280 3715 360 3754 suam
374 3699 404 3754 in
417 3698 489 3755 bona
503 3701 710 3772 perseverantia
720 3718 945 3773 quaquaversum
985 3699 1114 3754 ventione
1124 3715 1204 3754 sacra
1215 3715 1285 3754 mese
1298 3699 1500 3771 suffragaretur
1510 3697 1694 3753 imbecillitati
1706 3699 1713 3752 t
1725 3696 1786 3769 =Sed

144 3793 345 3842 conservantes
354 3789 466 3844 laetatur
474 3789 696 3845 functoshoncre
704 3791 945 3862 populorum.Sed
985 3804 1049 3842 cum
1071 3788 1215 3843 inhianter
1233 3789 1345 3843 arderet
1366 3805 1428 3860 quae
1451 3793 1595 3860 optaverat
1615 3787 1786 3858 completum

144 3877 206 3932 hves
222 3876 395 3943 omittentes,
403 3879 463 3948 jam
475 3878 511 3933 ad
521 3895 554 3933 ea
563 3895 626 3949 quae
636 3879 810 3935 decrevimus
822 3881 947 3936 notanda
985 3877 1031 3943 iri,
1045 3878 1205 3933 interventu
1218 3878 1291 3934 tanti
1307 3877 1408 3942 Patris,
1424 3878 1486 3948 ejus
1501 3882 1565 3931 vota
1579 3877 1699 3931 clemens
1715 3891 1786 3947 pra·

145 3980 179 4020 ac
189 3964 335 4020 memorie
346 3966 577 4034 commendanda,
593 3966 707 4038 stylum,
720 3983 882 4039 quanquam
891 3974 947 4026 sto-
985 3967 1063 4021 uenit
1081 3967 1221 4032 divinitas,
1239 3967 1295 4030 cui,
1317 3983 1379 4038 quae
1402 3966 1533 4021 mortales
1553 3982 1604 4020 nec
1619 3971 1716 4037 optare
1734 3980 1786 4020 au-

145 4052 248 4116 lidum,
263 4059 414 4110 vertamus.
987 4056 1062 4118 dent,
1080 4060 1242 4127 promptum
1261 4059 1305 4109 est
1326 4061 1470 4126 prestare.
1492 4053 1644 4108 Confestim
1665 4052 1787 4125 denique

182 4145 214 4200 t.
232 4141 318 4214 (Gap.
341 4141 387 4208 ἳ.)
404 4143 539 4209 Quaedam
561 4144 658 4216 itaque
678 4151 860 4217 peragrantes
875 4146 944 4213 loca,
987 4144 1101 4215 sanguis
1114 4145 1274 4201 discurrens
1293 4143 1367 4198 circa
1387 4159 1486 4198 nervos
1502 4141 1630 4196 membra
1648 4140 1788 4212 languida

145 4231 333 4287 Camaracum
349 4233 447 4288 urbem
462 4233 624 4290 devenimus
637 4234 778 4289 cluentem
792 4233 947 4307 pontificali
987 4233 1118 4300 llrrnnvit,
1140 4233 1275 4304 languora
1297 4232 1435 4299 exhausit,
1467 4229 1566 4286 robore
1594 4229 1785 4284 consolidavit.

145 4321 293 4377 cathedra.
307 4322 339 4378 ln
354 4337 411 4394 qua
428 4330 542 4395 propter
555 4323 648 4378 valvas
660 4323 773 4395 quidam
788 4323 948 4380 insensatus
989 4321 1089 4392 Sicque
1110 4322 1194 4386 lecto,
1216 4321 1261 4376 cui
1282 4319 1381 4374 clinica
1404 4319 1538 4375 diuturno
1559 4318 1695 4389 languore
1711 4318 1789 4374 incu-

146 4411 309 4467 ccustxictis
322 4411 479 4467 arctissime
501 4411 531 4466 in
556 4429 641 4467 nervo
664 4411 781 4482 pedibus
796 4411 1097 4480 residebatnbuerat,
1109 4410 1212 4466 leuiter
1221 4409 1361 4475 exsiliens,
1373 4425 1471 4463 exorsa
1483 4413 1526 4463 est
1534 4408 1706 4480 pedetentim
1722 4424 1788 4480 pro-
1896 4433 1900 4438 ·

147 4499 209 4572 qui,
224 4508 257 4554 ut
278 4500 313 4554 ab
336 4500 433 4556 incolis
447 4501 542 4573 palam
564 4502 669 4556 fartum
684 4505 728 4556 est
741 4500 832 4565 nobis,
847 4500 882 4555 ob
902 4502 947 4556 ni·
987 4499 1068 4571 gredi
1084 4515 1172 4570 usque
1185 4499 1221 4553 ad
1245 4498 1332 4553 limen
1352 4497 1469 4565 domus3
1493 4497 1559 4552 inde
1577 4512 1633 4550 non
1656 4501 1789 4552 contenta

146 4589 237 4644 mium
255 4588 347 4645 insani
372 4589 472 4663 capitis
485 4591 648 4658 amentiam,
664 4591 817 4662 quamdam
831 4591 948 4663 propin·
988 4589 1129 4656 incedere,
1148 4593 1181 4642 ut
1201 4591 1244 4642 est
1266 4602 1327 4641 mos
1346 4585 1521 4652 mulieribus,
1539 4590 1621 4657 rapto
1642 4601 1726 4640 cursu
1741 4601 1789 4640 ac·

147 4713 194 4773 li.
212 4717 250 4770 De
262 4721 400 4772 contracto
415 4723 522 4772 sancto.
1026 4710 1238 4781 (ilduclopium
1248 4715 1291 4764 est
1303 4711 1378 4764 locus
1389 4708 1482 4774 altior,
1492 4725 1543 4764 seu
1553 4709 1703 4780 pulpitum,
1715 4711 1790 4766 uude

144 4786 193 4843 43.
209 4788 248 4843 Dc
271 4790 388 4842 muliere
409 4789 497 4843 Duucv'
517 4793 625 4857 repente
639 4792 790 4852 contractu,
812 4791 837 4842 et
856 4803 950 4842 corum
990 4784 1125 4854 leguntur
1135 4798 1221 4837 sarrae
1236 4781 1377 4839 lectiones.
1399 4780 1427 4835 S.
1444 4780 1612 4836 Benedictus
1627 4782 1656 4835 in
1671 4781 1788 4852 Regula,

184 4860 289 4927 feretro
302 4857 331 4914 S·
346 4861 469 4914 Amenda·
479 4865 577 4914 erecta.
991 4872 1042 4926 cap
1069 4853 1086 4911 a
1103 4873 1109 4907 :
1128 4855 1300 4924 «Lagantur
1315 4851 1432 4906 vicissim
1451 4867 1468 4905 a
1485 4852 1621 4907 fratribus
1643 4853 1672 4906 in
1696 4853 1791 4908 codice

147 4929 195 4988 lt.
209 4930 249 4985 lte
262 4935 401 4985 carcerato
412 4932 499 4986 dcccii
510 4947 560 5001 per
574 4933 775 4986 invocationem
785 4930 813 4986 S.
827 4930 951 4986 Amouda·
992 4943 1078 4996 supra
1090 4925 1251 4996 analogium
1265 4931 1324 4979 tres
1337 4924 1481 4982 lectiones.
1501 4943 1512 4975 s

186 5000 314 5057 liberato.
1029 4997 1065 5066 (8)
1081 4995 1258 5058 humbertus,
1284 4996 1331 5066 qui
1353 5001 1382 5050 et
1402 4995 1556 5050 Fulcardus
1582 4994 1694 5060 dicitur,
1716 5008 1790 5048 anno

184 5069 225 5144 (3)
239 5071 374 5143 Sequitur
385 5071 497 5126 Milonis
508 5071 728 5142 chronologiam.
994 5067 1062 5126 1063
1084 5067 1171 5122 abbas
1194 5067 1372 5130 consulatus,
1397 5066 1454 5120 vita
1480 5067 1593 5121 functus
1616 5081 1690 5120 anno
1710 5061 1788 5131 1016,

187 5141 417 5212 (illionnmenta
432 5143 593 5198 Amandina
609 5143 726 5197 tradunt
743 5141 903 5198 incendium
919 5141 953 5197 il·
989 5142 1066 5213 jact'o
1081 5139 1263 5194 fundamento
1279 5137 1394 5222 majoris
1407 5136 1538 5193 basilicas.
1573 5206 1579 5218 ⁹
1654 5206 1660 5218 ·

146 5215 200 5270 lud
214 5214 352 5268 accidisse
364 5214 409 5268 die
424 5213 550 5274 Sabbati.
572 5214 603 5268 in
618 5230 700 5285 quem
716 5213 816 5269 incidit
829 5230 862 5269 eo
877 5229 951 5268 anno
1027 5208 1069 5276 (9)
1083 5209 1205 5265 Marchio
1220 5210 1367 5272 Flendnae,
1380 5205 1695 5273 BalduinusP1us,s1vc
1709 5203 1789 5260 Insu-

148 5285 169 5340 2
187 5285 348 5342 Februarii.
366 5285 489 5340 loannes
512 5285 661 5341 Buzclinus
682 5285 770 5340 refert
792 5285 865 5340 idem
887 5301 952 5340 cum
992 5282 1086 5339 lensia.

148 5357 298 5485 fflfflffl
317 5356 457 5428 adjunctis
473 5356 521 5412 lib.
547 5371 576 5414 ιιι
598 5357 750 5412 maelium
770 5356 952 5411 Gallo-Flan-
1030 5351 1086 5422 (10)
1097 5351 1400 5481 ἓῖιέἰίιῖξΙΙίὶθιιειιιιε
1415 5347 1625 5404 Cameracensis
1644 5346 1790 5419 episcopus

186 5428 192 5440 '
223 5469 230 5481 .
993 5431 1090 5482 annot
1142 5426 1160 5484 ¹.
1236 5440 1275 5478 u.

185 5500 226 5570 (5)
251 5497 282 5555 S.
305 5497 434 5567 meres,
459 5499 540 5570 cujus
561 5499 684 5556 decanus
705 5498 758 5555 fuit
780 5497 951 5554 Gillebartus
1029 5496 1083 5564 (Η)
1101 5495 1242 5560 Oocsium,
1260 5494 1342 5562 vulgo
1353 5491 1449 5559 (ἶσαι),
1467 5489 1541 5544 inter
1554 5489 1661 5545 hislam
1677 5495 1706 5546 et
1718 5490 1791 5546 Axo-

36 5577 42 5585 '
148 5571 207 5627 scri
228 5575 284 5624 tor·
992 5585 1059 5624 nam
1072 5565 1171 5622 fluvios
1182 5566 1264 5636 juxta
1278 5563 1418 5619 abbatiam
1430 5561 1599 5632 Negentum.

185 5646 197 5711 (
217 5640 369 5724 )·Numero
385 5637 417 5699 lt
437 5641 520 5714 juxta
544 5646 729 5702 monumenta
746 5640 906 5702 amandus
923 5646 953 5701 et
1030 5638 1081 5722 (ιι)
1097 5635 1262 5692 temulium
1276 5651 1365 5720 pagus
1380 5632 1489 5690 viduus
1502 5632 1656 5690 indioecesi
1676 5633 1790 5691 Laude

148 5711 328 5770 nmmum.
992 5725 1083 5779 uenat,
1097 5708 1182 5780 vulgo
1200 5708 1336 5765 Vernemt.
