3856 6176
208 283 262 346 507,
704 293 737 350 Β.
756 291 964 350 neumarum
982 291 1162 350 CAN'I'UAR.
1183 293 1354 352 ARCHIEP.
1771 301 1814 362 5oe

208 416 282 474 siem
294 418 417 476 infantes
428 420 573 493 dequibus
585 419 832 496 superiusdictum
843 425 894 486 est,
911 418 1241 488 cuam-Ainflrmomm3
1260 419 1360 492 inqua
1381 419 1465 476 domo
1486 420 1624 477 serviatur
1647 422 1672 476 ei
1683 427 1816 484 secundum

208 507 333 564 dicutur,
351 507 471 577 Remoti,
489 516 520 566 ut
535 528 630 584 snpra,
649 527 712 566 ase
735 509 853 564 invicem
869 508 986 564 sedeant
995 526 1003 574 ,·
1044 508 1098 564 loci
1113 507 1338 580 possibilitatem,
1354 515 1413 564 tam
1428 508 1463 566 de
1476 509 1733 568 communibuscibis
1744 531 1816 587 quam

209 600 288 676 extra
302 597 392 652 locum
407 598 540 656 custodiae
564 616 622 655 sua
643 599 704 655 sinc
728 597 842 654 custode
867 613 1006 670 nusquam
1046 596 1082 653 de
1096 613 1145 653 esu
1157 597 1259 662 carnis,
1275 603 1308 653 ut
1321 598 1427 654 nulllus
1435 598 1587 664 rci,si‘ticri
1602 599 1692 670 possit.
1705 600 1816 673 Indigen-

209 686 375 762 procedant;
389 686 455 753 duo,
473 694 503 743 et
515 689 571 744 duo
586 690 710 744 laternas
722 687 814 742 ierant
826 705 832 753 3
845 685 950 751 alibati,
964 685 1007 742 rel
1045 683 1115 740 tiam
1128 685 1262 756 patlatur.
1276 685 1315 740 Ex
1336 702 1392 758 quo
1415 702 1530 743 carnem
1552 687 1692 742 comedere
1709 689 1817 762 incipiet,

209 774 296 846 priori
310 779 339 830 ct
353 775 422 832 nulli
437 777 497 844 alii,
508 778 563 833 nisi
585 777 745 852 specialiter
766 775 944 847 designatum
959 774 1005 841 sit,
1047 790 1215 846 quocunque
1228 779 1328 846 perget
1340 781 1425 848 caput
1448 781 1562 848 opertus
1576 775 1682 848 capitio,
1694 783 1720 832 et
1735 777 1819 836 baculo

208 862 397 920 consessiones
408 883 473 922 suas
483 865 597 923 faciant.
613 866 776 924 bleridianis
790 864 867 921 horis
881 865 910 920 in
928 864 1007 920 lectis
1048 878 1078 918 se
1091 867 1253 918 sustentans
1264 863 1394 918 incedere
1405 863 1497 919 debet.

208 951 267 1008 suis
278 969 335 1009 non
346 953 451 1009 debent
461 955 565 1027 legere,
574 971 630 1012 non
645 955 776 1021 scribere,
792 970 848 1009 non
861 953 1007 1026 quidpiam
1084 952 1146 1017 Qua
1155 969 1221 1007 uero
1236 952 1280 1008 die
1291 952 1411 1008 sanitate
1423 953 1582 1027 receptaad
1597 958 1753 1009 conventum
1767 957 1821 1012 red·

208 1041 300 1114 operis
312 1041 413 1110 lacere,
429 1044 477 1098 sed
489 1044 614 1118 cooperti
628 1050 739 1100 tanturn
751 1043 904 1116 quiescere,
922 1043 1008 1098 lectos
1049 1040 1229 1108 ireroluerit,
1242 1041 1266 1097 si
1280 1058 1393 1098 carnem
1417 1041 1578 1106 comederit,
1596 1043 1671 1114 prius
1694 1043 1821 1106 menard

208 1145 275 1186 suos
290 1135 356 1186 ante
371 1132 414 1186 vel
426 1132 501 1188 inter
517 1134 603 1190 lectos
630 1133 831 1206 magistrorum
851 1132 964 1188 habere.
979 1132 1008 1188 Si
1048 1130 1159 1198 horam,
1176 1137 1318 1204 queunte
1333 1131 1486 1204 capitulum
1501 1133 1620 1198 canitur,
1629 1131 1737 1187 chorum
1751 1131 1824 1187 intro

209 1235 323 1275 necesse
333 1220 438 1276 habent
451 1239 577 1296 surgere,
588 1223 668 1296 prius
677 1222 827 1295 magistros
842 1221 970 1287 excitent,
980 1226 1010 1277 et
1049 1224 1105 1286 cat,
1122 1225 1151 1276 et
1164 1219 1187 1276 si
1202 1226 1267 1294 post
1281 1220 1371 1293 ipsam
1381 1222 1479 1276 horam
1493 1221 1522 1276 ln
1534 1225 1669 1276 consentu
1683 1220 1762 1276 missa
1769 1221 1824 1275 dici·

209 1313 308 1380 postea
321 1326 438 1366 accensa
458 1312 577 1377 laterna,
594 1312 686 1368 sinor
700 1317 752 1378 ast,
769 1312 805 1368 ad
828 1311 1008 1366 necessitates
1048 1313 1106 1377 tur,
1122 1309 1157 1364 ad
1168 1309 1259 1382 ipsam
1274 1325 1330 1364 non
1339 1310 1447 1366 oderat.
1461 1311 1608 1382 Ingressus
1617 1309 1824 1382 capitulumeum

209 1413 274 1454 suas
283 1399 446 1471 explendas,
460 1417 524 1456 cum
537 1401 679 1474 magistris
692 1400 847 1457 ambulent.
1049 1397 1186 1454 indictum
1200 1399 1285 1454 suerit
1300 1400 1335 1454 de
1349 1399 1447 1454 ordine
1460 1399 1547 1472 loqui,
1562 1399 1669 1472 primus
1678 1403 1766 1466 ηπ
1775 1415 1825 1453 sur

244 1487 352 1544 Praeter
366 1487 505 1555 abbatem,
519 1491 641 1563 priorem
665 1491 873 1562 magistrosque
898 1506 1006 1556 eorum,
1048 1492 1107 1560 gat,
1122 1493 1151 1542 et
1165 1487 1195 1543 in
1219 1488 1290 1552 loco,
1301 1486 1350 1543 ubi
1364 1488 1537 1544 consuetudo
1551 1493 1604 1555 est,
1628 1492 1776 1559 prostratus
1790 1503 1828 1542 re·

209 1575 280 1633 nulli
293 1575 412 1632 liberum
425 1578 463 1634 sit
476 1579 504 1634 in
519 1580 580 1635 loco
595 1580 728 1636 custodiae
750 1596 846 1639 corum
874 1579 1008 1652 deputato
1049 1577 1125 1632 niam
1141 1581 1227 1650 petat.
1241 1577 1436 1648 Interrogatus
1447 1583 1476 1632 et
1489 1576 1670 1650 respondens,
1680 1581 1713 1632 ut
1722 1576 1777 1631 lteri
1789 1593 1827 1630 so·

209 1665 316 1730 sedere,
333 1680 384 1720 nec
397 1665 482 1721 verbo
492 1667 632 1738 necslgnc
645 1667 751 1740 aliquid
764 1667 805 1722 eis
818 1667 1007 1734 innotescere,
1048 1664 1098 1732 let,
1111 1667 1208 1737 jussus
1222 1682 1339 1739 surgere
1349 1667 1459 1722 haecvcl
1470 1665 1576 1722 similia
1585 1664 1668 1721 uerba
1677 1665 1748 1720 dIcat
1761 1665 1828 1720 :allo

208 1751 263 1808 uisi
273 1759 387 1824 accepta
401 1753 514 1809 licentia
528 1754 564 1810 ab
577 1754 689 1820 abbate,
713 1756 755 1810 rel
770 1755 876 1828 priore;
897 1772 960 1828 quae
977 1740 1041 1810 1i·B
1051 1755 1305 1820 mine,iniirmitate
1313 1772 1376 1811 mea
1385 1767 1518 1828 gravatus
1530 1755 1558 1810 in
1573 1755 1657 1810 domo
1670 1754 1828 1810 infirmorum

209 1840 302 1896 centia
311 1857 375 1896 cum
390 1843 562 1909 conceditur,
576 1844 710 1916 magister
725 1844 823 1900 sedere
841 1844 926 1899 debet
936 1845 1011 1900 lnter
1050 1843 1098 1899 eiu
1113 1844 1168 1914 iui;
1186 1845 1215 1900 iu
1231 1844 1302 1911 cibo,
1319 1850 1349 1901 et
1361 1850 1438 1918 potu,
1460 1850 1489 1901 ct
1502 1844 1566 1901 aliis
1580 1843 1677 1900 multis
1689 1842 1793 1910 oileum,
1806 1847 1829 1896 et

206 1930 339 2002 juvenem
354 1936 383 1986 et
397 1947 461 1987 curn
478 1933 525 2002 qui
544 1933 641 2004 juveni
669 1933 803 2006 loquitur.
816 1933 930 1990 Iuvenis
944 1950 1009 1989 cum
1050 1937 1149 1988 contra
1162 1933 1288 1989 ordinem
1303 1939 1430 1990 nostrum
1445 1933 1507 2000 secl,
1523 1938 1553 1989 et
1574 1933 1641 1988 iude
1661 1936 1723 2005 peto
1737 1930 1832 1987 absolu·

205 2019 310 2090 jurene
322 2035 379 2075 non
394 2020 537 2092 loquatur,
555 2021 610 2077 nisi
634 2022 767 2079 audiente
788 2029 816 2079 et
835 2023 1010 2096 intelligente
1050 2022 1156 2079 tionem
1170 2029 1321 2079 vestram.»
1335 2025 1395 2079 Hoc
1408 2024 1482 2080 dicto
1496 2023 1624 2079 absolvat
1634 2039 1698 2079 cum
1710 2021 1831 2078 abbasdi·

208 2107 344 2180 magistro
359 2109 426 2182 quid
441 2109 705 2182 utrInqusdicatnr.
725 2112 852 2184 Magistri
873 2112 1011 2168 intereos
1051 2127 1116 2168 cens
1132 2130 1137 2167 :
1156 2112 1366 2186 «Omnipotens
1384 2113 1520 2170 Dominus
1542 2111 1669 2168 absolvat
1686 2127 1732 2166 vos
1744 2109 1776 2165 ab
1795 2110 1833 2164 bis

209 2195 335 2262 sedeant,
347 2198 391 2253 vel
405 2204 471 2254 ante
485 2198 558 2266 illos,
570 2199 610 2255 sic
623 2205 655 2256 ut
668 2216 726 2268 coe,
740 2218 804 2257 cum
819 2201 925 2268 volunt,
942 2217 1010 2258 con-
1052 2205 1082 2257 et
1090 2201 1126 2256 ab
1140 2201 1271 2258 omnibus
1282 2202 1345 2258 aliis
1356 2203 1456 2258 reatris
1469 2201 1589 2258 delictis.
1607 2221 1621 2254 s
1634 2202 1773 2256 Conventa
1785 2215 1833 2255 res·

209 2285 317 2358 spicere
330 2277 454 2345 valeant.
1051 2291 1203 2363 pendente,
1225 2311 1237 2344 s
1251 2294 1352 2356 Amen,
1365 2311 1376 2343 r
1394 2292 1494 2349 oderat
1505 2308 1536 2348 se
1548 2291 1638 2346 frater
1647 2290 1694 2346 ille
1703 2289 1736 2358 qd
1746 2288 1834 2361 pedem

244 2375 315 2430 (lum
329 2376 481 2432 dormitum
503 2378 618 2442 vadunt,
634 2378 733 2434 tandiu
763 2383 838 2435 stem
852 2383 919 2435 ante
933 2379 1009 2452 ipsos
1051 2378 1175 2448 abbatim
1188 2385 1286 2453 postea
1298 2397 1427 2437 reversus
1441 2381 1476 2438 ad
1490 2382 1582 2437 locum
1592 2379 1642 2436 ubi
1655 2395 1686 2434 ee
1698 2377 1835 2452 prostravit

208 2463 348 2536 magistri,
365 2479 454 2537 usque
467 2466 534 2521 dum
549 2466 602 2540 ipsi
612 2468 730 2538 juvenes
752 2468 782 2525 in
797 2469 876 2524 lectis
896 2469 1009 2540 jaceant
1049 2469 1156 2540 gratias
1174 2469 1299 2526 reterens
1311 2469 1417 2530 abbati.
1432 2476 1461 2527 et
1473 2469 1526 2526 toti
1540 2468 1700 2536 conventui,
1714 2467 1777 2540 quia
1789 2466 1835 2521 mi·

209 2552 341 2626 cooperti.
356 2553 384 2608 Si
391 2570 446 2609 nos
460 2559 504 2610 est
517 2571 580 2610 cum
593 2556 716 2612 candelis
730 2557 854 2612 accensis
863 2557 1007 2614 assistant.
1050 2557 1349 2632 nistratasuntei,quae
1359 2559 1519 2615 infirmitati
1530 2575 1588 2616 suae
1602 2558 1836 2615 fueruntneccma·

209 2642 243 2722 Iu
257 2642 437 2706 monasterio,
456 2644 589 2716 capitulo,
601 2645 757 2713 refectorio,
767 2647 945 2718 processione
956 2646 1009 2702 mi-
1050 2645 1103 2714 ria,
1114 2651 1173 2702 tres
1183 2648 1393 2719 genuflexiones
1404 2648 1487 2704 solito
1497 2665 1576 2704 more
1591 2647 1685 2704 faciat.
1709 2646 1771 2718 lpse
1786 2643 1834 2710 die,

210 2731 246 2788 sti
261 2730 318 2787 siat
331 2731 498 2799 senioribus,
510 2750 566 2788 non
581 2733 738 2802 observato,
754 2735 778 2790 si
789 2751 902 2791 necesse
911 2735 957 2803 sit,
967 2751 1011 2791 or-
1051 2739 1080 2791 ct
1092 2735 1232 2808 deinceps,
1248 2742 1385 2808 quantum
1401 2754 1471 2810 opus
1487 2737 1583 2806 suerit,
1595 2736 1728 2809 jubeatur
1735 2733 1837 2789 mistum

209 2820 275 2876 dine
289 2821 477 2877 conversionis
491 2838 599 2878 corum.
617 2823 646 2880 Si
662 2824 697 2879 ad
713 2840 839 2880 mensam
854 2825 1010 2896 legunt,rel
1051 2824 1188 2898 accipere.

210 2909 246 2966 de
261 2909 383 2981 coquina
391 2911 526 2978 serviunt,
543 2911 752 2984 surgentibusa
766 2930 864 2969 mensa
877 2913 1010 2970 tratribus
1088 2913 1118 2970 Si
1133 2930 1198 2970 vero
1211 2931 1325 2971 carnem
1335 2930 1393 2970 non
1403 2914 1533 2981 comedit,
1550 2915 1582 2970 iu
1608 2913 1787 2987 dispositione
1797 2909 1841 2966 ab·

210 3013 274 3054 cum
284 2998 325 3054 eis
335 2999 371 3054 ad
384 2999 586 3056 monasterium
600 3001 713 3068 vadant,
725 3008 753 3057 et
760 3003 844 3072 dicto,
863 3003 894 3058 st
907 3019 940 3058 no
951 3019 1009 3070 nos,
1053 3001 1127 3058 batis
1139 3001 1177 3058 sit
1187 3020 1243 3076 qua
1254 3004 1326 3059 hora
1338 3003 1366 3059 in
1378 3010 1546 3060 conventum
1565 3003 1658 3076 petita
1668 3001 1778 3058 licentia
1790 2997 1843 3054 rad·

210 3104 274 3145 oum
289 3088 454 3146 custodibus
467 3090 503 3145 ad
528 3090 705 3147 relectorium
733 3099 912 3150 revertantur
926 3111 932 3160 ;
953 3077 1039 3148 duoC
1050 3090 1102 3160 ire,
1119 3097 1148 3146 et
1163 3093 1304 3164 quomodo
1316 3110 1346 3148 se
1357 3092 1393 3149 de
1407 3099 1507 3148 caetero
1521 3091 1629 3148 habere
1643 3091 1751 3148 debeat.

210 3175 304 3260 sirum,
316 3182 367 3233 aut
379 3179 487 3250 plures,
498 3179 521 3234 si
534 3179 595 3235 lleri
608 3180 707 3254 possit,
723 3180 759 3236 ds
773 3187 910 3237 conventu
920 3197 1009 3236 rema·
1337 3180 1455 3238 CAPUT
1468 3179 1572 3237 XXIII.

209 3272 305 3324 neant.
320 3267 401 3332 Quod
417 3267 440 3322 si
452 3269 579 3342 paucitas
590 3271 740 3341 majorum,
762 3276 791 3327 et
803 3271 950 3343 pluralitas
962 3271 1010 3341 ju·
1193 3273 1230 3327 Dc
1244 3273 1440 3340 spectantibus
1454 3273 1540 3325 morti
1550 3273 1702 3341 proximis.

209 3373 312 3413 venum
326 3356 557 3429 aliteragendum
568 3359 699 3430 coegerit,
716 3359 886 3416 sullicientes
896 3359 936 3414 eis
949 3376 1011 3415 cus·
1087 3361 1117 3418 Si
1130 3361 1260 3417 infirmus
1272 3359 1362 3432 magis
1381 3359 1417 3414 ad
1433 3364 1553 3416 mortem
1566 3375 1656 3432 quam
1684 3357 1719 3414 ad
1732 3356 1842 3412 salutem

209 3444 289 3500 ΜΝ
303 3444 475 3516 deputemur
1049 3449 1346 3515 tendereridcatur,et
1355 3448 1682 3522 sepetatinungi,lrater
1697 3445 1745 3521 qui
1756 3443 1843 3501 domui

246 3532 343 3599 Porro,
358 3532 383 3588 si
396 3533 524 3589 custodia
538 3533 586 3589 illa
596 3533 742 3605 juvenum,
752 3551 814 3608 qua
822 3535 851 3589 in
867 3536 1010 3592 nonnullis
1051 3540 1228 3596 intirmorum
1240 3542 1344 3611 praeest
1356 3554 1417 3593 rem
1428 3537 1601 3594 tratribusin
1617 3537 1842 3610 capitulouarret;

211 3620 345 3676 coenobiis
353 3626 477 3688 tenetur,
486 3622 577 3694 magis
583 3623 685 3696 placet,
692 3631 725 3680 ut
736 3624 866 3680 videlicet
879 3624 908 3680 ln
922 3625 1011 3681 direr-
1051 3633 1119 3684 tunc
1129 3629 1248 3702 jubente
1259 3627 1370 3693 abbate,
1379 3627 1422 3682 rel
1437 3626 1485 3699 qui
1498 3626 1558 3682 loco
1567 3626 1681 3683 abbatis
1693 3627 1723 3682 in
1733 3621 1845 3697 capitulo

211 3708 250 3768 sis
261 3726 294 3766 ac
304 3711 444 3782 separatis
455 3711 490 3767 ab
504 3711 621 3767 invicem
637 3713 705 3769 locis
728 3730 779 3786 per
799 3714 954 3770 claustrum
970 3731 1012 3770 se·
1051 3718 1139 3785 sedet,
1156 3723 1257 3774 exeant
1269 3715 1399 3772 sacerdos
1409 3715 1661 3781 hebdomadarius,
1676 3713 1843 3775 secretarius,

210 3798 306 3866 deam,
322 3799 427 3872 singuli
440 3800 575 3872 singulos,
590 3807 641 3857 aut
665 3801 770 3875 plures,
787 3803 811 3859 ei
837 3808 917 3860 tanta
930 3804 1010 3878 copia
1051 3811 1172 3880 quatuor
1183 3805 1318 3871 conversi,
1328 3810 1532 3878 etparentquse
1546 3806 1583 3861 ad
1594 3803 1759 3878 hujusmodi
1771 3815 1845 3873 nege

212 3893 265 3955 est,
280 3889 410 3946 custodes
420 3889 557 3956 babeant;
573 3890 675 3962 singuli
696 3892 822 3965 singulas
843 3893 967 3950 laternas
981 3895 1010 3950 in
1051 3897 1123 3953 tium
1137 3895 1231 3969 parari
1245 3901 1365 3969 oportet.

212 3983 294 4034 nocte
308 3978 410 4035 ierant.
426 3978 527 4036 Custos
539 3981 671 4051 juvenem
700 3997 757 4037 non
784 3981 934 4054 relinquat,
955 3984 1010 4039 nisi
1087 3983 1194 4051 Quibus
1202 3984 1317 4058 paratis,
1329 3983 1503 4056 expletisque
1511 4001 1572 4056 qua
1583 3985 1615 4040 in
1630 3979 1847 4058 capituloagior-

210 4068 440 4140 commendatum
454 4069 537 4125 alicui
554 4069 645 4137 tratri,
662 4070 692 4127 in
704 4087 770 4142 quo,
784 4071 857 4126 etde
872 4088 927 4143 quo
938 4070 1010 4129 benc
1051 4073 1087 4128 do
1101 4071 1229 4144 requirit,
1247 4077 1380 4126 exeuntes
1392 4069 1427 4126 de
1441 4071 1615 4126 monasterio
1628 4073 1776 4126 transeant
1789 4069 1848 4120 ante

211 4158 581 4233 confidatommsdcniquc
595 4159 721 4216 custodia
735 4161 762 4216 ei
776 4159 1010 4235 adhibeaturque
1051 4161 1215 4234 capitulum,
1231 4161 1284 4214 hoc
1294 4159 1392 4215 ordIne
1407 4159 1591 4231 procedentes
1608 4175 1614 4210 :
1630 4159 1847 4232 primusescon·

209 4247 340 4320 superius
349 4248 489 4322 descripta
504 4254 556 4305 cat.
1050 4250 1291 4306 versisunuscum
1301 4248 1648 4320 situlaaquaebenedictsa,
1668 4248 1770 4304 dehinc
1782 4243 1849 4299 alius

495 4339 613 4394 CAPUT
627 4339 714 4396 XXII.
1049 4355 1112 4396 cum
1127 4355 1220 4407 cruce,
1232 4344 1297 4412 post
1309 4339 1360 4394 hoa
1383 4337 1438 4393 duo
1453 4353 1517 4392 curn
1531 4337 1724 4402 candelabris,
1740 4328 1847 4391 extremi

335 4429 372 4482 Ile
385 4430 579 4484 misericordia
593 4445 715 4484 coemere
729 4429 872 4483 debilibus.
1016 4400 1219 4484 Dsecretarius
1232 4442 1296 4482 cum
1312 4427 1384 4491 oleo,
1398 4431 1427 4481 et
1445 4427 1575 4482 sacerdos
1601 4426 1673 4492 alba
1687 4425 1810 4490 lndutus,
1825 4423 1849 4474 et

245 4515 345 4571 Frater
359 4515 453 4589 aliqua
463 4516 507 4573 sui
521 4516 645 4590 corporis
665 4516 895 4573 incommoditate
909 4517 1008 4573 deten-
1049 4518 1131 4583 stola,
1142 4533 1205 4573 cum
1217 4515 1361 4589 manipulo
1374 4520 1491 4588 portans
1498 4514 1614 4572 librum.

208 4608 266 4671 tus,
281 4604 305 4660 si
319 4612 486 4661 conventum
497 4606 577 4678 sequi
590 4622 646 4661 non
656 4611 758 4678 potest,
769 4607 915 4662 humiliter·
928 4606 1008 4680 prius
1084 4603 1850 4678 Ististranseuntibussurgenseonvencns‚percussaquc

209 4693 240 4750 iu
250 4693 373 4766 capitulo
384 4693 473 4766 petita
483 4694 573 4760 venia,
583 4695 680 4766 jussus
691 4711 806 4768 surgere
822 4701 899 4751 stans
923 4695 1008 4750 latea-
1047 4694 1154 4759 tabula,
1170 4694 1194 4749 si
1204 4694 1265 4750 dics
1273 4693 1338 4750 talis
1348 4699 1400 4760 est,
1409 4693 1556 4764 egrediens
1568 4693 1605 4749 de
1621 4693 1750 4766 capitulo
1755 4692 1850 4763 junga-

210 4787 259 4838 tur
271 4799 301 4838 se
316 4799 372 4839 non
387 4800 469 4856 posse
484 4783 634 4839 conventui
648 4784 784 4840 interesse
799 4791 915 4858 propter
927 4785 1007 4841 infir·
1048 4789 1097 4840 tur
1110 4783 1160 4850 sis,
1178 4789 1207 4839 et
1221 4782 1372 4855 psallentes
1387 4788 1494 4854 septem
1508 4782 1799 4855 psalmosadregrum
1808 4793 1850 4832 ve·

208 4870 339 4927 mitatem
357 4888 449 4927 suam.
464 4871 516 4928 (lui
528 4872 681 4944 respondet
698 4871 794 4941 abbas,
823 4872 865 4928 vel
885 4872 932 4944 qui
948 4873 1008 4928 loco
1048 4873 1144 4941 niant;
1162 4878 1191 4928 et
1204 4871 1332 4928 ordinate
1347 4871 1539 4938 circumstent,
1561 4871 1640 4927 sicut
1653 4867 1745 4936 locus,
1759 4870 1851 4940 inquo

207 4958 318 5016 abbatis
329 4961 421 5017 ordini
433 4961 594 5034 presidatu
609 4962 794 5035 Omnipotens
803 4961 1009 5018 DomInuscon·
1045 4963 1129 5034 jacet,
1144 4961 1205 5016 ficri
1220 4959 1368 5034 permittit.
1380 4960 1506 5016 Primum
1517 4967 1675 5034 spargatur
1687 4975 1763 5034 aqua
1775 4956 1854 5014 bene·

207 5049 290 5104 cedat
302 5048 380 5106 vobis
392 5051 490 5106 utilem
504 5051 665 5113 sanitatem.
686 5051 759 5107 sicut
786 5050 864 5108 vobis
878 5051 1008 5124 expedire
1048 5051 1133 5116 dicta,
1149 5050 1252 5107 dehinc
1266 5049 1354 5106 linitis
1364 5049 1480 5124 psalmis
1494 5053 1730 5124 aequaturKyric
1744 5050 1851 5108 eleison,

207 5138 357 5211 cognoscit
375 5140 483 5197 Amodo
493 5146 679 5208 tractateros,
695 5141 849 5197 secundum
861 5139 1009 5196 infirmita·
1049 5146 1078 5197 et
1095 5140 1228 5214 capitula,
1240 5140 1397 5196 etcollectae
1412 5157 1473 5213 qum
1487 5141 1627 5196 ordinatae
1643 5145 1714 5196 sunt
1725 5131 1852 5211 usquead

208 5233 265 5285 tem
279 5234 411 5295 vestram,
428 5235 612 5286 etremanete
626 5230 661 5286 de
672 5236 819 5298 conventu,
835 5229 908 5286 sicut
930 5229 1007 5285 vobis
1049 5230 1268 5298 confessionem
1285 5229 1359 5286 facta
1372 5229 1545 5286 consessione
1562 5228 1733 5286 absolvatur
1746 5228 1781 5283 ab
1799 5241 1853 5280 om-

206 5317 308 5374 melius
321 5318 412 5376 visum
431 5319 524 5376 tuerit.
547 5339 561 5376 a
1048 5319 1140 5390 nibus,
1157 5325 1186 5375 ct
1200 5319 1260 5392 ipse
1272 5317 1399 5374 absolvat
1414 5335 1522 5375 omnes.
1538 5317 1652 5375 Dellius
1664 5319 1809 5375 osculetur
1820 5311 1852 5369 ab

242 5405 273 5464 Si
282 5407 421 5480 egntum
432 5408 503 5465 adeo
513 5409 665 5465 invaluerit
676 5414 709 5466 ut
722 5409 898 5466 inconventu
912 5425 1006 5466 rema·
1047 5409 1187 5467 omnibus.
1206 5407 1322 5466 Interim
1333 5408 1464 5465 dicantur
1484 5409 1546 5464 alim
1567 5409 1699 5465 collectas
1713 5423 1803 5480 usque
1820 5401 1852 5458 ad

206 5489 345 5554 uere'non
358 5497 457 5572 possit,
471 5499 616 5574 precipiat
631 5497 718 5556 abbas
744 5499 835 5566 tratri,
850 5499 896 5556 cui
909 5499 1007 5572 hujus·
1047 5499 1225 5568 unctionem3
1240 5497 1313 5555 lacta
1336 5498 1477 5566 unctione,
1501 5499 1575 5554 lauet
1590 5499 1730 5554 sacerdos
1744 5508 1851 5558 manus,

207 5583 283 5641 modi
300 5583 369 5644 cura
381 5585 513 5662 imposita
528 5593 581 5658 est,
592 5593 625 5646 ut
638 5588 724 5646 ducat
739 5605 846 5662 regrum
861 5587 890 5647 is
906 5587 1005 5646 cellam
1048 5593 1077 5645 ct
1090 5588 1256 5662 projiciatur
1268 5603 1343 5662 aqua
1355 5588 1384 5645 in
1399 5587 1504 5660 Ignem
1521 5587 1563 5644 rel
1576 5586 1608 5642 ln
1632 5587 1792 5644 sacrarium
1805 5584 1851 5639 de·
