3856 6176
137 213 188 271 ⁴33
564 229 671 288 LIBER
690 233 737 290 DE
756 235 924 296 CORPORE
943 241 988 298 ΕΤ
1007 243 1192 302 SANGUINE
1209 243 1352 300 DOMINI.
1722 243 1777 302 434

31 341 32 348 ’
135 356 246 399 namur.
265 363 280 398 ι
296 347 332 403 Et
343 356 409 422 post
420 352 515 426 aliqua
524 371 553 410 :s
567 357 640 414 Vere
656 376 775 432 magnus
787 363 932 432 Dominus,
941 367 1010 428 Ade
1024 369 1201 423 tinnamento
1215 367 1349 434 veritatis,
1361 367 1395 421 de
1411 382 1467 439 quo
1480 368 1646 426 Caelestinus
1656 385 1729 443 papa
1742 371 1772 427 in

134 437 161 486 et
179 450 287 506 magna
300 438 493 497 misericordia
515 445 585 515 ejus,
605 465 670 503 vere
689 452 737 522 qui
758 453 838 510 nobis
857 455 934 510 dedit
975 455 1093 511 decretis
1109 457 1168 512 suis
1182 456 1283 511 asserit
1294 455 1410 529 (epistt
1425 457 1715 532 Adepisc.tiatl.,cap.
1726 458 1770 532 aot

133 523 305 581 manducare
315 544 416 602 corpus
426 546 519 600 suum,
529 532 621 606 inquo
631 541 711 593 tanta
720 556 870 612 perpessus
879 549 931 612 est,
974 545 1048 616 quod
1062 561 1114 602 nec
1137 546 1237 601 saltem
1255 545 1376 600 sinistrae
1395 545 1561 616 suspicionis
1574 561 1681 615 rumor,
1702 548 1770 604 dum
1820 581 1826 588 -

131 615 157 664 et
180 615 352 684 sanguinem
372 616 478 674 bibere.
506 639 519 674 ι
539 623 621 692 Item,
642 624 673 680 in
692 627 809 684 homilia
830 631 932 702 psalmi
972 633 1085 700 viveret,
1102 651 1167 689 eum
1181 633 1342 704 asperserit.
1369 633 1429 689 lmo
1452 650 1550 690 revera
1569 634 1597 690 id
1611 636 1682 692 dixit
1693 639 1769 709 quod

129 701 341 773 quadragesimi
354 707 456 777 quinti,
467 709 504 762 ad
517 709 628 766 ludaeos
639 713 757 786 loquens
770 735 776 770 ι
787 737 798 768 ι
811 719 843 772 In
855 719 930 775 illius
971 723 1107 778 catholica
1119 723 1241 778 Ecclesia
1252 723 1282 777 in
1297 722 1427 777 omnibus
1436 722 1569 778 membris
1579 725 1638 779 suis
1648 725 1769 781 fideliter

126 789 241 845 nomine
252 809 337 864 quem
347 795 488 852 occidistis
502 796 693 871 baptizamini,
704 809 732 858 et
747 805 930 863 dimittuntur
969 811 1076 867 fatetur
1090 817 1118 868 et
1131 811 1230 876 credit,
1251 811 1326 882 quod
1341 827 1392 880 ego
1415 827 1526 882 quoque
1549 812 1579 866 in
1593 813 1767 884 professione

115 875 206 932 souis
219 887 337 950 peccata
354 890 456 942 vestra.
472 886 612 942 Medicum
626 892 671 945 vel
682 898 781 962 postea
795 897 928 966 cognovi·
969 899 1034 955 {idei
1046 899 1167 956 breviter
1179 900 1271 973 posui,
1281 899 1403 954 breviter
1416 899 1625 970 comprehendi,
1636 901 1766 957 videlicet

23 979 25 1004 ι
127 964 191 1030 stis;
206 969 270 1037 jam
285 973 375 1026 securi
390 972 476 1028 bibite
492 978 658 1047 sanguinem
675 997 758 1052 quem
773 983 894 1039 fudistis.
912 1003 925 1038 ιι
968 987 1059 1059 ipsum
1085 1007 1145 1044 esse
1167 1004 1278 1061 corpus,
1295 995 1324 1043 et
1337 1004 1394 1042 non
1406 988 1509 1059 ipsum.
1524 989 1622 1060 Neque
1636 990 1711 1045 enim
1731 1006 1764 1046 eo

22 1133 23 1140 ἵ
124 1053 204 1122 Item,
217 1055 247 1110 in
257 1059 374 1114 homilia
388 1062 489 1133 psalmi
502 1066 667 1137 sexagesimi
681 1071 772 1141 quinti
792 1088 798 1123 :
815 1091 828 1124 ιι
843 1073 925 1128 Modo
967 1093 1022 1148 quo
1050 1079 1103 1150 ipsi
1129 1077 1266 1150 putabant
1284 1077 1367 1132 modo
1393 1076 1533 1132 credimus
1557 1077 1632 1148 quod
1655 1078 1766 1135 visibile

122 1141 272 1200 homicidis
284 1153 380 1216 ²⁴¹⁰
393 1149 611 1221 donatusest,et
622 1157 701 1212 susus
715 1159 830 1230 sanguis
842 1161 924 1217 inno·
965 1165 1069 1221 Christi
1093 1183 1193 1239 corpus
1216 1167 1405 1232 comedamus,
1428 1169 1478 1220 aut
1502 1165 1668 1236 sanguinem
1682 1182 1766 1238 quem

121 1233 221 1300 canus,
247 1240 277 1289 et
294 1235 388 1308 ipsum
413 1242 590 1312 sanguinem,
610 1261 694 1316 quem
715 1264 765 1318 per
782 1248 923 1306 insaniam
963 1254 1053 1310 fusuri
1067 1260 1096 1310 et
1109 1256 1195 1310 oculis
1211 1255 1269 1310 suis
1283 1253 1461 1325 conspecturi
1471 1259 1552 1308 eraut
1563 1260 1765 1325 persequentes

19 1342 20 1391 ι
119 1321 264 1393 fuderunt,
276 1343 327 1397 per
338 1330 460 1398 gratiam
471 1332 613 1390 biberunt.
634 1356 645 1387 ι
662 1337 744 1408 item,
757 1339 788 1393 in
805 1339 922 1396 homilia
962 1340 1100 1399 bibamus.
1116 1345 1170 1400 Sed
1183 1345 1276 1416 potius
1287 1343 1315 1398 id
1322 1343 1463 1397 credimus
1471 1343 1545 1414 quod
1555 1358 1612 1397 non
1620 1343 1769 1422 videmus,

120 1411 224 1480 psalmi
239 1417 416 1486 nonagesimi
431 1421 520 1474 octavi
539 1438 544 1471 :
566 1440 580 1476 ι
604 1423 703 1488 Quaero
719 1426 786 1498 quid
801 1428 838 1484 sit
859 1445 920 1484 sca-
961 1435 993 1486 ιιι
1006 1433 1098 1488 valeat
1111 1450 1170 1488 esse
1186 1433 1265 1499 tides,
1273 1449 1335 1504 qua
1349 1447 1405 1486 non
1421 1435 1514 1503 potest
1524 1447 1596 1492 esse.
1608 1431 1632 1486 si
1644 1447 1759 1503 resquae

116 1495 223 1555 bellum
243 1505 349 1574 pedum
368 1508 439 1576 ejus,
456 1515 485 1562 et
503 1509 572 1566 dicit
592 1512 662 1568 mihi
678 1515 823 1586 Scriptura
843 1519 917 1586 (lsai.
960 1521 1114 1576 creduntur
1127 1521 1318 1594 corporalibus
1338 1519 1468 1574 sensibus
1486 1520 1644 1575 constiterit
1659 1520 1758 1592 subja-

114 1599 191 1652 uvr,
208 1588 250 1657 l):
266 1593 352 1646 Terra
362 1598 618 1668 scabettompedum
627 1605 917 1662 meorum.Fluctuans
959 1623 1031 1663 cere.
1051 1609 1131 1664 Unde
1145 1625 1286 1682 exponens
1301 1607 1376 1680 quod
1392 1604 1509 1662 obscure
1521 1607 1634 1678 posuit:
1651 1625 1665 1658 a
1681 1607 1715 1662 Et
1733 1608 1757 1663 si

113 1685 247 1733 converto
260 1697 306 1734 me
319 1683 356 1736 ad
372 1684 525 1754 Christum,
538 1689 604 1760 quia
615 1690 708 1762 ipsum
720 1709 814 1763 quaero
828 1695 874 1749 hic
888 1704 916 1752 et
924 1717 948 1778 Β
958 1712 1070 1753 necesse
1085 1704 1137 1766 est,
1154 1715 1168 1751 r
1189 1699 1291 1770 inquit,
1310 1715 1323 1750 ι
1349 1696 1420 1751 illud
1442 1695 1591 1750 visibiliter
1607 1694 1754 1765 celebrari,

113 1763 225 1822 invenio
236 1770 377 1840 quomodo
391 1773 453 1828 sine
463 1775 609 1848 impietate
618 1779 752 1836 adoretur
761 1787 846 1849 terra,
855 1783 915 1840 sine
956 1792 1068 1857 oportet
1082 1792 1177 1842 tumen
1189 1785 1368 1841 invisibiliter
1382 1783 1535 1855 intelligi.»
1551 1782 1757 1840 Existimabam

112 1855 261 1928 impietate
275 1861 411 1917 adoretur
424 1863 575 1920 scabellum
591 1868 694 1939 pedum
705 1871 775 1940 ejvs.
787 1873 915 1944 Suscepit
955 1890 1078 1946 namque
1093 1875 1168 1948 quod
1184 1875 1351 1947 praeciperet
1363 1873 1403 1928 eis
1417 1872 1564 1939 Dominus,
1579 1877 1632 1927 aut
1644 1871 1755 1928 bestiali

111 1945 190 2001 enim
204 1948 239 2003 de
253 1953 330 2005 terra
347 1955 464 2021 terram,
479 1955 546 2026 quia
560 1972 625 2012 caro
639 1958 674 2013 de
689 1963 766 2014 terra
780 1967 832 2028 est,
841 1962 913 2017 etde
955 1979 1043 2030 more,
1059 1971 1109 2020 aut
1117 1965 1251 2030 humano,
1261 1960 1513 2035 corpuscomedere
1525 1961 1600 2032 quod
1609 1960 1753 2028 videbant,

110 2051 197 2090 carne
209 2037 306 2094 Maria
320 2057 435 2096 carnem
450 2045 567 2116 accepit,
580 2051 609 2100 et
625 2047 691 2118 quia
704 2049 734 2104 in
749 2049 811 2121 ipsa
828 2067 912 2106 carne
954 2052 1274 2124 autbiberesanguinem
1281 2067 1364 2123 quem
1371 2053 1571 2122 persequentes
1577 2048 1667 2104 fusuri
1674 2055 1755 2105 erant

109 2123 149 2178 hic
170 2125 339 2198 ambulavit,
357 2135 386 2184 et
400 2131 490 2203 ipsam
509 2149 623 2190 carnem
641 2135 722 2192 nobis
736 2139 772 2192 ad
791 2139 912 2194 mandu-
952 2139 1005 2194 hoc
1019 2139 1259 2204 estauterudum,
1270 2141 1591 2208 autequacoccumaut
1603 2135 1754 2192 subtractis

108 2214 234 2270 madum
254 2217 290 2272 ad
309 2219 430 2275 salutem
444 2221 532 2278 dedit.
545 2225 634 2279 Nemo
649 2231 744 2281 autem
759 2228 837 2282 illam
849 2245 911 2283 car·
953 2228 1120 2284 carbonibus
1135 2229 1164 2283 in
1175 2227 1297 2283 verubus
1307 2227 1494 2282 assumHanc
1503 2226 1644 2280 carnalem
1655 2241 1753 2282 eorum

107 2321 172 2359 nem
190 2306 352 2370 manducat.
367 2310 422 2364 nisi
437 2311 514 2381 prius
528 2313 695 2369 adoraverit.
708 2315 857 2371 Inventum
869 2323 912 2372 est
952 2318 1168 2388 intelligentiam
1190 2317 1363 2388 redarguens
1382 2314 1527 2382 Dominus,
1547 2314 1577 2368 in
1601 2313 1753 2386 Evangelio

105 2395 348 2464 quemadmodum
363 2398 498 2455 adoretur
510 2401 567 2455 tale
582 2402 733 2458 scabellum
745 2405 847 2476 pedum
858 2406 911 2460 Do·
952 2405 1105 2461 secundum
1116 2407 1130 2461 J
1133 2403 1337 2470 oannem,dixit
1349 2420 1355 2456 ι
1369 2405 1493 2472 Spiritus
1507 2407 1545 2456 ast
1554 2404 1605 2471 qui
1618 2405 1752 2472 vivifican

106 2483 191 2548 mini,
213 2489 245 2538 et
261 2502 318 2540 non
338 2487 429 2542 solum
448 2505 504 2544 uon
523 2506 670 2562 peccemus
690 2493 843 2559 adorando,
859 2495 908 2549 sed
951 2509 1015 2547 caro
1030 2499 1123 2548 autem
1142 2510 1199 2548 aon
1222 2495 1329 2562 prodest
1348 2493 1501 2562 quidquam
1521 2489 1613 2560 (toan.
1632 2503 1671 2558 ιιι,
1687 2489 1746 2562 bl).

103 2588 257 2642 peccems
275 2590 331 2628 non
350 2575 503 2631 adorando.
519 2595 533 2632 ι
550 2579 584 2633 Et
596 2580 680 2650 paulo
695 2585 780 2652 post:
799 2601 811 2633 ι
831 2583 908 2638 Tunc
949 2581 1030 2646 Quod
1043 2597 1184 2654 exponens
1198 2580 1297 2637 beatus
1308 2580 1484 2652 Augustinus
1497 2579 1527 2633 in
1542 2579 1675 2634 vicesima
1688 2595 1751 2652 sep·

103 2667 201 2716 autem
217 2663 332 2734 quando
342 2663 395 2718 hoc
409 2665 545 2722 Dominus
554 2670 769 2736 commendavit,
781 2670 908 2727 decarne
948 2671 1019 2726 tima
1043 2669 1170 2742 ejusdem
1195 2670 1338 2742 Evangelii
1361 2669 1487 2736 homilia,
1503 2668 1545 2723 ait
1561 2686 1567 2721 ι
1585 2667 1688 2733 «Quid
1706 2673 1750 2724 est

101 2767 151 2804 sua
166 2751 284 2806 locutus
298 2758 369 2819 erat,
385 2753 530 2810 etdixerat
541 2755 638 2811 :vNisi
653 2758 907 2828 quismanducave·
947 2776 1025 2830 ergo,
1054 2775 1112 2814 non
1137 2760 1252 2832 prodest
1274 2758 1429 2830 quidquam
1447 2756 1532 2812 carol
1552 2757 1615 2812 Non
1633 2756 1748 2827 prodest

101 2838 136 2892 rit
151 2856 273 2893 carnem
288 2857 456 2908 meam,non
465 2843 579 2900 habebit
593 2845 622 2900 in
631 2863 661 2900 se
671 2846 756 2902 vitam
771 2853 905 2905 aternam
947 2848 1102 2919 quidquam
1118 2849 1166 2902 sed
1184 2848 1323 2919 quomodo
1337 2846 1378 2901 illi
1392 2844 1612 2901 intellexerunt?
1626 2844 1747 2900 Carnem

101 2929 193 2994 poan.
202 2943 245 2996 vr,
256 2927 309 2998 at).
327 2931 535 2988 »Scandalizati
549 2939 619 2990 sunt
630 2935 760 3008 discipuli
771 2937 831 3008 ejus
842 2939 905 3008 qui·
947 2937 1051 3008 quippe
1066 2937 1105 2991 sic
1119 2933 1480 3006 intellexerunt:quomodo
1494 2932 1664 2987 insudavere
1674 2933 1746 2988 dila·

98 3015 163 3070 dam
179 3019 365 3088 septuaginta
376 3018 474 3088 ferme,
486 3027 514 3076 et
524 3023 656 3079 dixerunt
667 3043 689 3078 :r
702 3025 796 3081 Durus
807 3031 850 3082 est
859 3027 933 3094 bicc
946 3025 1050 3091 niatur,
1066 3025 1158 3080 autin
1180 3024 1297 3080 macello
1310 3022 1451 3090 venditur,
1466 3037 1523 3076 non
1538 3021 1677 3092 quomodo
1690 3022 1746 3093 spi·

98 3107 905 3184 sermo,quispotesteumintelligarelelltrecesseruntab
945 3113 1002 3169 ritu
1016 3116 1202 3184 vegetatur.v
1223 3115 1267 3168 De
1286 3111 1330 3166 his
1340 3112 1493 3166 hactenus:
1511 3110 1547 3165 ad
1568 3109 1744 3182 propositum

97 3211 138 3260 eo,
168 3201 199 3250 et
228 3197 351 3268 amplius
372 3216 436 3255 cum
464 3217 497 3255 eo
515 3218 572 3257 non
591 3202 806 3260 ambulaverunt
824 3209 902 3272 (ibid.
944 3207 1129 3258 revertamur.

97 3293 149 3346 ur,
159 3281 222 3346 67).
233 3283 342 3338 Durum
357 3285 412 3340 illis
432 3285 523 3340 usum
538 3289 671 3359 estquod
685 3288 902 3363 ait2sNisiquis
1243 3289 1361 3345 CAPUT
1371 3289 1446 3345 xlx,

95 3371 313 3427 manducaverit
338 3390 452 3428 carnem
471 3391 574 3442 meam,
601 3393 656 3431 non
681 3377 796 3434 habebit
814 3380 900 3436 vitam
976 3379 1192 3452 Augustinusin
1207 3377 1322 3433 homilia
1333 3376 1574 3447 undecimasuper
1586 3376 1741 3431 Ioannem:

94 3469 245 3516 aternam.
260 3481 271 3512 ι
288 3463 465 3534 Acceperunt
479 3464 549 3520 illud
563 3466 901 3525 stulteCarnaliterillud
943 3485 957 3520 a
973 3469 1005 3525 ln
1023 3468 1125 3540 populo
1145 3467 1221 3522 enim
1235 3466 1396 3522 Judaeorum
1410 3466 1549 3536 figuratus
1563 3469 1607 3518 est
1620 3463 1741 3535 populus

93 3551 301 3620 cogitaverunt,
324 3555 353 3606 et
365 3559 536 3624 putaverunt
549 3553 624 3625 quod
640 3555 807 3626 praecisurus
826 3563 901 3612 esset
940 3557 1175 3613 Cirristianorum.
1192 3554 1234 3610 lbi
1257 3556 1358 3625 figura,
1376 3553 1422 3608 hic
1433 3553 1553 3618 veritas3
1574 3551 1612 3607 ibi
1627 3549 1738 3618 umbra,

92 3637 234 3694 Dominus
247 3640 401 3712 particulas
412 3643 547 3713 quasdam
557 3643 593 3696 de
607 3659 724 3716 corpore
738 3660 799 3712 suo,
810 3650 839 3700 et
852 3647 899 3700 da·
940 3647 985 3701 hic
999 3647 1214 3718 corpus.»1tem
1226 3645 1255 3700 iu
1269 3643 1386 3700 homilia
1400 3643 1543 3698 tricesima
1558 3641 1650 3714 prima
1666 3659 1691 3696 :a
1702 3644 1740 3698 At
1815 3704 1818 3712 ,

91 3732 173 3782 turus
186 3729 256 3794 illis,
269 3735 300 3783 et
309 3729 460 3784 dixerunt:
474 3729 589 3785 «Durus
599 3737 641 3786 est
653 3732 699 3787 hic
709 3749 812 3788 senno.
824 3735 897 3806 »Ipsi
939 3734 980 3789 illi
994 3735 1125 3790 viderunt
1147 3734 1293 3789 Christum
1310 3749 1362 3788 suo
1383 3732 1487 3787 scelere
1514 3731 1691 3799 morientem,
1710 3734 1740 3785 et

90 3821 172 3870 erant
194 3817 273 3884 duri,
293 3833 352 3871 non
370 3835 474 3874 sermo.
502 3842 513 3869 ι
537 3821 572 3875 Et
594 3821 690 3893 paucis
717 3821 894 3890 intermissis,
937 3823 1116 3879 crediderunt
1125 3823 1156 3878 in
1164 3820 1736 3891 Christumsuissceleribusignosocutem.

90 3911 102 3954 ἰ
126 3905 334 3977 Spiritualiter,
357 3926 368 3959 ι
389 3907 490 3978 inquit,
510 3927 523 3960 ι
538 3909 688 3980 iutelligite
698 3911 773 3984 quod
787 3912 896 3967 locutus
937 3912 1088 3984 Quousque
1112 3911 1243 3967 biberent
1261 3911 1429 3982 sanguinem
1445 3923 1529 3980 quem
1544 3908 1686 3975 fuderant,
1701 3907 1737 3962 de

87 4009 162 4048 sum.
173 3993 241 4049 Non
249 3995 302 4050 hoc
310 4012 412 4067 corpus
422 3997 495 4068 quod
507 3997 608 4052 videtis
620 4000 818 4055 manducaturi
828 4001 895 4056 estis
935 4017 988 4057 sua
1002 4001 1092 4056 salute
1102 4001 1329 4072 desperaverant.
1344 3996 1443 4060 sltem,
1456 3997 1486 4052 in
1501 3996 1733 4068 quadragesima:

87 4091 114 4136 ct
135 4082 255 4138 bibituri
270 4085 351 4139 illum
366 4085 533 4157 sanguinem
552 4103 636 4158 quem
658 4088 749 4144 fusuri
764 4095 832 4144 sunt
846 4089 895 4160 qui
938 4112 951 4140 ι
967 4090 1021 4154 Qui
1029 4090 1173 4144 sevientes
1191 4087 1362 4154 occiderant,
1382 4085 1486 4140 imitati
1505 4083 1694 4151 crediderunt;
1707 4090 1736 4139 et

85 4187 131 4226 nie
141 4173 321 4246 crucifigent.
336 4192 348 4225 ι
935 4195 1020 4250 quem
1033 4178 1200 4249 sanguinem
1215 4175 1352 4254 sariendo
1362 4173 1505 4240 fuderunt,
1513 4172 1652 4227 credendo
1659 4170 1735 4226 bibe·

121 4262 155 4316 ln
172 4263 220 4316 bis
231 4261 384 4334 postremis
393 4261 470 4318 beati
484 4265 635 4337 Augustini
650 4265 740 4321 verbis
759 4267 892 4324 exsultas.
934 4272 1009 4323 runt.
1024 4287 1036 4318 ι
1052 4265 1170 4333 ltem,in
1182 4263 1354 4320 sermonead
1366 4261 1547 4334 Neophytos:
1562 4277 1575 4312 a
1588 4260 1647 4315 Hoc
1662 4259 1733 4315 acci·

83 4349 116 4404 ln
134 4351 184 4406 his
203 4351 303 4406 vicisse
316 4357 356 4416 te,
378 4357 407 4406 et
424 4353 597 4424 superiorem
610 4371 671 4409 esse
684 4355 823 4426 gloriaris,
848 4345 991 4428 hichite
1005 4355 1035 4410 in
1044 4371 1117 4427 pane
1125 4353 1200 4426 quod
1207 4351 1340 4424 pependit
1352 4351 1383 4405 in
1391 4365 1483 4405 cmce.
1500 4349 1536 4404 Et
1549 4350 1602 4404 hoc
1614 4348 1732 4422 accipite

82 4439 302 4496 firmamentum
313 4440 891 4516 tuaedefensionisteinvenissegratularis.
932 4445 962 4499 in
976 4445 1061 4500 calice
1076 4443 1151 4516 quod
1163 4443 1284 4497 effusum
1299 4447 1342 4496 est
1365 4439 1400 4494 de
1423 4438 1528 4495 Christi
1549 4438 1647 4493 latere.
1670 4438 1733 4494 Erit

81 4529 247 4598 Quomodo,
257 4529 362 4601 inquis,
373 4531 544 4600 persuadere
559 4533 705 4587 contendis
714 4533 788 4604 quod
798 4551 892 4590 veram
933 4534 1009 4589 enim
1030 4533 1072 4588 illi
1096 4548 1182 4600 mors,
1198 4546 1255 4586 non
1268 4529 1336 4596 vita,
1349 4528 1397 4601 qui
1412 4527 1576 4584 mendacem
1591 4528 1732 4599 putaverit

79 4637 204 4676 carnem
223 4633 378 4689 verumque
402 4621 568 4690 sanguinem
587 4621 616 4675 in
636 4621 688 4676 hoc
715 4628 891 4679 sacramento
931 4620 1185 4686 vitam.»1tem,in
1198 4619 1269 4674 libre
1284 4613 1729 4690 quartoDa'l'rinitate(cap.lb):

77 4723 323 4773 sumamus,cnm
337 4707 487 4762 manifeste
497 4708 595 4764 audias
610 4711 684 4782 quod
699 4727 799 4782 corpus
815 4711 889 4783 quod
932 4731 945 4763 s
969 4711 1052 4783 Apud
1071 4727 1136 4766 eum
1157 4707 1319 4781 paucissimi
1343 4710 1548 4772 remensem,
1574 4720 1730 4776 agnoscen-

78 4799 220 4854 videbant
230 4813 288 4851 non
301 4802 396 4852 essem
405 4797 535 4869 discipuli
550 4799 711 4864 comesturi,
719 4815 811 4871 neque
821 4797 890 4854 bibi·
929 4799 1006 4855 tibus
1024 4799 1164 4871 gentibus,
1188 4804 1217 4853 et
1237 4797 1284 4869 pia
1305 4795 1466 4855 humilitate
1485 4792 1645 4850 bibentibus
1663 4809 1729 4866 pre-

75 4891 135 4942 turi
151 4885 327 4957 sanguinem
342 4901 426 4956 quem
441 4887 636 4958 crucifigentes
657 4895 738 4943 erant
751 4889 889 4944 effusuri?
929 4888 1000 4943 tium
1024 4903 1117 4955 suum,
1140 4889 1260 4959 ejusque
1284 4885 1387 4940 ilducia
1409 4881 1604 4939 deserentibus
1617 4883 1728 4938 hostem

75 4975 269 5030 Calumniosa
283 4974 397 5047 quidem
413 4973 469 5030 ista
482 4975 602 5048 obiectio
615 4983 666 5032 est.
679 4977 733 5042 Qui
748 4978 823 5032 euim
838 4994 886 5032 su·
928 4993 1022 5031 suum.
1053 4995 1066 5029 ι
1095 4975 1131 5030 Et
1158 4976 1188 5030 in
1213 4973 1396 5046 subsequenti
1424 4971 1547 5044 capitulo
1576 4973 1649 5042 (cap.
1682 4969 1728 5041 lt)

75 5066 179 5136 perias
198 5069 321 5118 testatus
343 5065 480 5134 estquod
504 5081 627 5133 carnem,
648 5083 732 5138 quam
747 5066 782 5121 de
795 5073 886 5122 matre
928 5069 1020 5132 zm
1035 5069 1099 5136 post
1112 5063 1224 5134 aliqua:
1239 5081 1252 5116 ι
1268 5063 1341 5128 Quid
1351 5066 1410 5116 tam
1429 5060 1565 5116 mundum
1580 5073 1632 5130 pro
1645 5073 1727 5112 mun·

74 5155 201 5224 Virgine
215 5151 348 5224 sumpsit,
364 5157 392 5206 et
407 5151 436 5206 in
449 5155 544 5224 quain
562 5155 645 5210 terris
670 5153 833 5220 ambulavit,
850 5157 885 5211 ad
926 5153 1026 5208 dandis
1040 5153 1115 5207 vitiis
1129 5152 1301 5218 mortalium,
1320 5167 1405 5222 quam
1415 5149 1475 5204 sine
1490 5149 1549 5203 ulla
1559 5145 1725 5217 contagmnc

74 5239 887 5316 manducandumnobissalubritertribuit,quomodohuic
927 5241 1048 5297 earnalis
1073 5240 1304 5312 concupiscentie
1328 5255 1393 5294 caro
1411 5241 1479 5294 nata
1491 5237 1521 5290 in
1542 5239 1633 5299 utero,
1648 5238 1678 5288 et
1692 5249 1725 5288 ex

73 5341 135 5384 mm
151 5330 300 5402 preclarae
314 5331 461 5387 sententiae
477 5331 572 5404 aliqua
590 5333 731 5388 contraria
746 5333 886 5388 sententia
926 5337 1007 5388 utero
1017 5330 1166 5402 virginali?
1181 5331 1215 5384 Et
1229 5328 1297 5401 quid
1312 5333 1371 5383 tam
1382 5330 1463 5398 grate
1475 5322 1568 5379 offerri
1581 5328 1611 5377 et
1621 5321 1724 5394 suscipi

72 5419 177 5494 potuit
191 5419 326 5474 obviaret
354 5420 435 5475 Absit
452 5437 468 5475 a
482 5421 574 5477 sobrio
588 5423 691 5478 lectore
706 5427 734 5477 et
750 5421 885 5477 catholico
926 5424 1022 5494 posset
1035 5435 1120 5491 quam
1143 5435 1208 5474 caro
1223 5417 1352 5474 sacrificii
1366 5413 1456 5469 nostri
1478 5427 1580 5484 corpus
1595 5411 1725 5466 ellectum

72 5507 243 5586 expediere
253 5513 312 5565 lam
320 5526 451 5581 perverse
458 5511 601 5568 sentiredc
609 5511 882 5582 Ecclesiaecolumna,
925 5506 1078 5566 sacerdotis
1092 5507 1181 5564 nostri
1191 5506 1203 5560 l
1215 5506 1292 5562 »Leo
1304 5519 1377 5576 papa
1386 5503 1416 5557 in
1427 5515 1557 5556 sermone
1571 5499 1607 5556 de
1617 5498 1724 5570 jejunio
