3882 6172
676 289 725 346 Ab
745 287 865 346 OPERA
884 291 915 347 B.
937 289 1147 348 LANFRANCI
1166 288 1361 346 APPENDIX.

199 613 587 744 ADDlrlo
623 617 737 746 AD
768 617 1308 750 cuttoutcou
1348 619 1819 770 BECCENSE,

356 843 422 909 29
432 843 488 906 Ea
501 846 626 908 historic
641 846 773 926 ejusdem
788 847 927 923 abbatia,
945 857 1064 911 auctore
1079 847 1239 910 Froaca'aco
1253 851 1365 912 Correo
1380 849 1524 912 Becceasa'
1535 849 1690 912 coeaotito.

234 1085 407 1142 Cuillcrmus
423 1085 520 1150 postea
542 1078 676 1134 abbatum
697 1083 826 1134 successu
840 1079 1001 1151 trigesimus
1012 1084 1170 1142 Anondum
1193 1086 1375 1157 vigenariem,
1392 1100 1454 1138 cum
1470 1084 1546 1155 pacis
1560 1083 1681 1156 legibus,
1694 1085 1834 1156 posteriore

197 1175 309 1238 tertius,
327 1172 496 1242 Rotbomagi
521 1174 656 1233 sacratus,
678 1175 816 1239 apparatu
835 1169 1003 1224 solemniore
1044 1176 1128 1231 thoro
1143 1175 1194 1230 sibi
1208 1181 1266 1230 tam
1281 1174 1340 1229 seni
1364 1172 1489 1244 copulat.
1515 1173 1636 1244 Moxque
1652 1173 1706 1227 vita
1725 1173 1833 1242 sunaus,

197 1265 333 1320 insedem
346 1260 515 1315 admittitur.
529 1257 563 1312 Ia
578 1274 634 1329 qua
647 1256 748 1311 dirinae
759 1257 1004 1329 legispromptua·
1046 1282 1111 1320 curu
1126 1266 1207 1318 Anna
1218 1262 1350 1318 connubii
1359 1262 1505 1333 uxoris[s.,
1523 1262 1619 1332 arcora]
1633 1262 1731 1332 prioris
1740 1262 1766 1316 in
1778 1261 1835 1318 Dio·

197 1354 273 1408 rium
296 1349 410 1407 sedulus
432 1349 569 1414 evolvens,
592 1346 666 1401 inter
687 1349 802 1400 muros
826 1347 904 1402 velut
928 1347 1005 1402 sidus
1046 1354 1166 1425 nysiaua
1188 1353 1273 1424 jacet,
1291 1351 1376 1406 nullis
1390 1368 1423 1405 ex
1436 1367 1466 1404 se
1485 1349 1582 1405 liberis
1595 1351 1719 1405 maribus
1735 1350 1834 1407 relictis.

199 1440 388 1498 clarissimum
411 1437 538 1492 irradiat.
561 1435 648 1506 Cujus
673 1435 746 1489 sedis
765 1451 863 1490 mense
884 1437 1006 1490 secundo
1047 1442 1127 1498 Unde
1140 1442 1288 1496 Francicus
1303 1439 1415 1494 Valesio
1430 1439 1659 1510 Angolismorum
1675 1439 1835 1510 ducijusob-

199 1530 321 1586 Joannes
346 1526 478 1599 Aptotius
502 1525 579 1596 prior
597 1524 765 1590 claustralis,
782 1524 831 1595 qui
854 1542 902 1596 spa
929 1525 1003 1579 sedis
1044 1532 1108 1603 tigit
1123 1531 1242 1600 regium,
1259 1530 1305 1602 qui
1317 1529 1440 1583 Claudiae
1462 1528 1594 1582 Ludovici
1616 1529 1679 1582 Aliae
1694 1529 1775 1600 priori
1788 1545 1832 1583 uu·

200 1617 385 1689 adipiscenda
400 1615 429 1670 in
446 1613 543 1685 templi
562 1613 692 1668 decorem
715 1613 849 1681 casulam,
866 1614 1000 1682 tunicam,
1044 1625 1148 1692 psai-at.
1167 1619 1278 1673 Primus
1293 1619 1388 1688 itaque
1399 1618 1484 1688 hujus
1500 1617 1623 1670 nominis
1644 1623 1742 1688 regnat
1761 1618 1831 1688 quin·

199 1707 377 1764 dalmaticam
391 1722 460 1760 auro
478 1703 630 1775 purissimo
646 1700 817 1772 Rotbomagi
836 1702 1001 1772 confecerat,
1045 1708 1225 1780 quagesimus
1240 1707 1386 1778 septimus,
1398 1705 1451 1761 sub
1461 1721 1516 1776 quo
1527 1705 1651 1760 Garinea
1660 1706 1833 1776 resignatione

198 1796 320 1852 moritur
329 1795 418 1858 Berri·
435 1794 465 1848 in
479 1794 602 1864 capitum
616 1791 755 1846 ⁰⁰ssditilr·
1045 1817 1062 1853 a
1076 1800 1169 1853 Leone
1185 1798 1209 1850 X
1226 1796 1367 1867 expedita,
1389 1796 1511 1849 loannes
1536 1795 1673 1850 Ribaldus
1687 1794 1833 1866 trigesimus

235 1884 375 1941 Robertus
397 1899 462 1938 vero
485 1883 533 1954 qui
554 1882 659 1936 Carino
683 1885 814 1947 cesserat,
835 1881 955 1952 peractis
976 1881 1003 1935 in
1046 1891 1173 1959 quartus,
1190 1885 1289 1939 lubens
1304 1885 1468 1938 cathedram
1491 1884 1627 1938 ascendit.
1645 1883 1834 1954 Rothomagia

200 1974 267 2030 sede
295 1979 402 2044 septem
426 1971 517 2034 annis,
538 1971 567 2024 11¹
590 1969 665 2024 b⁰¹²a
686 1975 831 2024 Sssssrrlute
856 1969 908 2024 sub
932 1987 1005 2025 aerra
1045 1977 1172 2030 Tussano
1183 1973 1381 2044 archipraesule
1396 1977 1586 2027 consecratus.
1605 1971 1706 2026 Statim
1716 1970 1833 2036 Carinus,

200 2062 298 2118 tumba
317 2061 419 2116 celebri
443 2060 540 2115 lunera
561 2059 591 2112 iu
616 2058 747 2113 beccensi
766 2058 851 2112 citoro
875 2059 1002 2130 quiescit.
1046 2066 1087 2118 vir
1101 2065 1232 2135 optimus,
1251 2061 1515 2133 morboapopletioo
1530 2061 1694 2118 exstinctus.
1710 2060 1830 2131 caligine·

201 2151 360 2208 Priscorum
372 2146 1004 2220 pietatisaemulatorGuillelmus,majorisare
1046 2170 1105 2208 sam
1122 2151 1306 2207 beccensibus
1326 2139 1462 2222 eclipsim,
1476 2149 1558 2203 annis
1573 2149 1744 2220 longioribus
1755 2147 1834 2203 leren-

200 2239 301 2294 faciem
323 2237 420 2293 tabula
442 2241 542 2292 aurata
561 2235 645 2290 variis
668 2235 742 2307 passi
764 2235 868 2291 Christi
883 2235 1007 2290 historiis
1049 2242 1125 2306 darn,
1147 2240 1297 2312 relinquit,
1315 2240 1394 2309 cujus
1409 2238 1470 2309 pios
1482 2238 1592 2292 cineres
1610 2239 1639 2291 iu
1657 2237 1745 2292 nrcdio
1763 2237 1834 2290 choro

201 2327 299 2396 divite,
314 2334 398 2398 atque
413 2332 576 2396 argenteam
587 2341 710 2396 capsam,
728 2324 755 2378 in
777 2330 1006 2396 quesanctorum
1050 2329 1162 2400 lugubri
1176 2345 1280 2400 pompa
1294 2329 1440 2393 collocant,
1451 2327 1540 2398 pridie
1555 2327 1652 2382 Nonas
1666 2325 1764 2398 Aprilis
1783 2323 1834 2388 uua

201 2417 325 2490 plurium
340 2415 478 2470 habentur
488 2414 624 2485 reliquiar,
636 2414 764 2481 decoram
780 2414 925 2467 columnas
938 2430 1007 2484 qua·
1019 2395 1093 2474 Bdic
1113 2435 1207 2474 annua
1223 2417 1426 2489 supplicatione
1445 2421 1594 2471 revocatur
1608 2417 1669 2487 eJ'us
1685 2415 1771 2470 obitus
1785 2429 1834 2467 rne-

206 2510 273 2560 ttlor
287 2505 437 2576 angelicas·
457 2503 493 2557 ad
515 2508 637 2574 qualum·
656 2502 780 2572 ejusdem
805 2518 860 2556 arae
879 2503 1007 2572 angulos,
1050 2509 1146 2563 moria.
1158 2508 1258 2578 Sicquc
1267 2505 1385 2560 Ribaldo
1394 2510 1506 2577 pastore
1519 2505 1647 2576 speciosa
1657 2504 1749 2576 templi
1763 2501 1836 2574 porti·

204 2593 278 2648 mira
306 2592 458 2646 fldfflOdum
484 2591 628 2662 sculptura
646 2590 801 2655 defflffllrsa
827 2607 881 2645 ²⁰¹¹?
907 2592 1009 2662 Cyprio
1050 2613 1202 2668 nusquam
1212 2597 1306 2650 virens
1317 2595 1438 2649 Carinus
1448 2594 1611 2664 erigendam
1622 2591 1835 2656 conduxeratiu·

207 2683 354 2748 conflatas,
382 2679 481 2750 affigit·
498 2681 620 2734 Auream
633 2679 668 2734 ad
683 2679 742 2734 haer
756 2679 898 2751 capsulam
922 2680 1008 2734 trium
1050 2686 1164 2758 gauiose
1179 2686 1332 2758 perficitur.
1343 2685 1448 2738 Verum
1464 2682 1591 2738 moribus
1607 2682 1835 2754 hicjuniorquam

205 2771 268 2827 auri
284 2770 464 2825 marcharum
480 2769 612 2840 ponderis
626 2768 772 2839 ingenioso
790 2769 909 2822 artificio
925 2769 1010 2824 mira·
1053 2771 1836 2846 utpraesensexpostularetnegotiumperAdrianumcar·

211 2859 294 2915 bilem
306 2857 692 2931 sparsisgsmmisfamosam,
705 2857 799 2928 quain
812 2859 1012 2918 sanctasoiem,
1053 2865 1175 2936 niualem
1187 2863 1316 2936 Biysium
1328 2863 1561 2917 Constantianam
1578 2861 1740 2924 antistitem,
1754 2857 1837 2912 nescio

212 2949 300 3004 nitate
316 2964 426 3003 sacrum
448 2947 554 3002 domiui
578 2947 667 3001 nostri
690 2947 756 3000 iesu
772 2946 877 3002 Christi
900 2963 1010 3019 corpus,
1055 2971 1109 3026 qao
1130 2954 1205 3024 jure,
1230 2951 1404 3014 exturbatus,
1416 2957 1511 3006 creata
1524 2951 1668 3022 pensione,
1691 2947 1836 3004 cathedram

212 3055 277 3094 cum
304 3039 443 3092 immenso
462 3036 527 3091 littei
554 3037 648 3092 fructu
674 3035 878 3103 circumfertur,
907 3038 1013 3108 templo
1054 3043 1136 3097 cedit.
1157 3043 1273 3105 Tamen,
1294 3046 1430 3112 quantum
1446 3041 1611 3111 conjectura
1630 3040 1695 3094 licet
1708 3033 1836 3108 augurari,

210 3128 327 3183 devotus
352 3127 442 3181 offert-
472 3127 525 3181 Sex
553 3131 665 3197 pateras
689 3131 837 3195 argenteas
865 3123 1014 3180 conventui
1054 3137 1083 3186 et
1096 3136 1126 3185 ut
1141 3131 1316 3202 rumorapud
1326 3129 1576 3202 nospercrebuisse
1587 3129 1687 3202 potuit,
1698 3125 1837 3197 archiprior

206 3216 302 3272 donat.
314 3219 483 3286 argenteam
495 3213 653 3285 quindecim
665 3214 841 3268 marcharum
852 3214 1010 3285 lampadem
1053 3221 1202 3288 Bulisoius,
1219 3220 1261 3273 vel
1275 3219 1340 3291 quia
1356 3219 1441 3290 hujus
1455 3217 1582 3273 felicibus
1603 3217 1731 3290 auspiciis
1744 3213 1837 3270 inride-

207 3304 303 3360 subtili
312 3303 457 3359 fabrorum
468 3319 552 3374 opere
564 3301 727 3374 superbam,
744 3303 774 3356 in
789 3303 1011 3373 medioVirginis
1053 3309 1109 3368 bat.
1120 3311 1161 3362 vel
1170 3310 1235 3380 quia
1245 3325 1308 3363 aum
1322 3307 1492 3362 monasterio
1502 3307 1688 3379 perniciosum
1700 3303 1836 3364 ructuabat,

208 3392 518 3447 matrissacelloferrea
529 3397 628 3444 catena
642 3407 806 3462 suspensam
817 3390 913 3445 donat.
926 3391 1011 3445 Varia
1052 3399 1153 3454 litteris
1167 3397 1346 3453 Franciscum
1370 3414 1463 3468 regem
1489 3401 1594 3451 monet,
1615 3398 1671 3451 Nec
1691 3395 1736 3448 diu
1751 3395 1838 3464 pausat

208 3486 259 3536 aul
273 3485 374 3543 erecta,
393 3484 443 3534 flul
456 3485 587 3551 reparata
600 3480 717 3534 edificia
732 3495 787 3533 ¹¹0ss
803 3484 846 3533 est
858 3480 1012 3549 quodrom·
1056 3505 1108 3543 res.
1134 3487 1284 3550 Adrianus,
1298 3486 1449 3557 apostolico
1470 3501 1587 3540 munere
1614 3502 1631 3540 a
1654 3481 1791 3538 Francisco
1813 3477 1837 3530 io

208 3584 373 3634 memorem.
399 3584 482 3638 qaam
512 3568 686 3638 frequentius
709 3568 792 3621 nrum
818 3568 945 3637 ejusdem
967 3569 1011 3622 in·
1053 3576 1248 3631 commendam
1264 3575 1413 3640 annuisses,
1431 3574 1710 3646 praemisissemus
1725 3565 1837 3625 sutelliu-

208 3657 300 3727 siguia
323 3657 427 3728 passim
451 3655 586 3718 Carinum
607 3655 705 3710 vixisse
724 3661 873 3710 testentur.
894 3657 1011 3710 Carolus
1052 3665 1112 3732 bus,
1128 3665 1230 3719 bonam
1249 3663 1368 3718 fratrum
1395 3670 1504 3735 partem
1530 3663 1560 3717 in
1580 3663 1718 3735 prioratus
1741 3653 1838 3728 expellit

208 3751 304 3801 autem
319 3752 380 3816 post
393 3745 607 3816 Neapolitanam
627 3745 829 3816 expeditionem
847 3745 1041 3811 infirmitatae
1054 3758 1119 3822 (non
1135 3755 1209 3808 enim
1231 3754 1348 3807 deerunt
1367 3752 1414 3823 qui
1438 3751 1549 3806 Riualdi
1571 3759 1665 3823 partes
1683 3743 1837 3814 tutarentur)

210 3833 304 3890 subita
318 3832 395 3888 nullo
409 3833 505 3888 relicto
518 3831 605 3887 libero
628 3833 766 3887 Ambasim
782 3833 910 3900 moritur,
923 3834 1014 3888 Ludo·
1054 3843 1123 3898 alios
1137 3843 1213 3898 intus
1232 3842 1348 3896 vinculis
1372 3841 1506 3908 fatigans,
1523 3841 1637 3895 Interea
1651 3839 1836 3904 Rathornagum

210 3923 270 3978 vico
284 3922 569 3978 duodecimoAurelio
580 3937 749 3986 successore,
762 3922 796 3976 ad
813 3922 1012 3994 Dionysianam
1054 3932 1148 3987 natale
1161 3931 1251 3986 solum
1267 3935 1396 4002 repetens
1421 3929 1554 3984 Ribaidus
1578 3946 1641 3985 cum
1663 3940 1759 3996 magna
1775 3918 1836 3978 auri,

212 4012 348 4084 sepultus.
364 4011 485 4066 Joannes
501 4015 599 4082 postea
620 4010 813 4064 Morccnchius
828 4011 907 4066 Becci
920 4011 1014 4066 archi·
1054 4021 1174 4092 argenti,
1186 4025 1323 4091 tapetum,
1334 4020 1690 4090 insanumquacaelatorum
1704 4011 1838 4085 suppellec-

210 4102 366 4175 prioratum
377 4116 489 4172 gerens,
506 4098 595 4154 tibiali
609 4099 745 4154 exsiccato
759 4102 884 4167 vulnere,
900 4101 928 4154 in
943 4101 1015 4172 capi-
1055 4111 1114 4176 tile,
1131 4114 1215 4164 noctu
1241 4107 1352 4162 sublata
1376 4111 1438 4174 (nec
1460 4124 1477 4160 a
1499 4107 1611 4162 vasibus
1634 4104 1741 4177 quidem
1765 4095 1837 4152 eacus

212 4191 271 4246 tulo
286 4190 425 4245 conditur·
441 4188 493 4244 Cui
508 4188 627 4243 JACObUS
638 4187 737 4254 Faber,
753 4189 831 4259 1³⁶⁰r
846 4189 875 4244 S·
890 4190 966 4244 Pelii
979 4191 1014 4244 td
1055 4198 1206 4254 abstinensl
1224 4195 1349 4250 discedit.
1365 4197 1456 4266 Atque
1479 4194 1508 4249 id
1523 4196 1634 4250 saniore
1654 4191 1758 4264 quidem
1781 4200 1831 4240 con·

212 4279 388 4335 Pontisaram
407 4279 527 4331 fratrum
550 4276 695 4342 electione,
716 4277 887 4332 assentiente
902 4279 1013 4344 Carino,
1055 4283 1117 4338 silio
1134 4283 1249 4346 sactum,
1270 4279 1379 4350 regium
1397 4279 1521 4334 furorem
1538 4279 1561 4332 si
1586 4295 1648 4333 cum
1662 4273 1772 4330 taliviro
1785 4283 1837 4322 con·

213 4367 346 4429 succedit,
363 4366 439 4420 brevi
465 4371 604 4437 quartana
619 4365 755 4421 sublatus.
771 4367 803 4421 In
822 4367 902 4437 cujus
923 4366 1013 4421 locum
1055 4372 1184 4427 tenderat
1198 4369 1252 4424 sibi
1266 4369 1387 4422 conflare
1411 4368 1529 4435 reritus;
1556 4385 1588 4422 se
1610 4373 1739 4439 praterea
1762 4359 1836 4414 sciens

213 4453 314 4510 Pelius
328 4455 457 4509 sssslffllus
473 4455 663 4508 ⁰⁰¹18lilull11r·
1056 4461 1189 4516 suiacum
1207 4455 1352 4512 coenobitis
1373 4456 1512 4522 odiosum,
1533 4461 1565 4511 ut
1588 4463 1651 4526 pote
1665 4453 1712 4526 qui
1730 4445 1837 4504 moribus

250 4543 312 4607 Qua
326 4548 408 4597 aetate
423 4543 576 4597 succedunt
591 4543 705 4614 hyemes
720 4543 781 4600 duae
796 4544 888 4615 rigore
903 4542 1015 4599 insolito
1054 4549 1160 4621 junior.
1176 4547 1248 4602 tanti
1259 4545 1404 4600 coullictus
1414 4561 1527 4600 causam
1538 4545 1709 4616 praebuisset.
1719 4531 1837 4595 ludeVal·

214 4630 380 4702 uiribusque
392 4631 573 4685 horridiores.
590 4634 708 4687 Ineunte
723 4639 820 4704 postea
835 4649 1013 4699 rere,anmas
1055 4637 1179 4693 limoutis
1194 4635 1311 4689 coenobii
1332 4634 1359 4688 iu
1385 4635 1519 4688 Caietano
1542 4635 1667 4706 regimen
1687 4630 1794 4699 adeptus
1807 4621 1838 4674 lo·

214 4720 244 4774 in
259 4721 342 4791 plana
357 4719 448 4774 dillusi
464 4725 581 4790 segetes,
605 4737 706 4792 pecora
720 4722 874 4794 domosque
897 4723 1015 4777 subinde
1056 4743 1119 4784 oum
1134 4726 1226 4797 ipsum
1252 4722 1435 4778 Bcocerrsibus
1457 4723 1562 4794 spoliis,
1582 4725 1713 4778 renovato
1726 4710 1835 4771 edificio,

215 4809 370 4876 sullocant;
388 4825 473 4880 quam
488 4809 624 4880 temporis
634 4809 767 4882 injuriam
782 4811 1014 4884 subsequiturpe·
1058 4815 1151 4870 reddit
1160 4814 1309 4882 insignem.
1318 4813 1426 4866 Notum
1438 4811 1508 4867 initi
1519 4818 1682 4881 arctumque
1693 4809 1751 4872 ΒΟ
1761 4795 1837 4865 ῐῦῦἕῑῧ

214 4899 266 4953 stis
279 4898 448 4969 inguinaria,
466 4915 565 4969 agrum
592 4900 758 4954 Bacuensem
783 4901 868 4968 [salvo
883 4901 1015 4971 Virginea
1058 4903 1166 4958 vivendi
1183 4903 1303 4971 rigorem
1319 4899 1498 4955 introducere
1512 4905 1635 4964 tentans,
1655 4894 1711 4950 suis
1730 4890 1756 4945 id
1775 4897 1837 4978 aegrr

217 4987 575 5053 interventiouecoanobio),
589 4989 1017 5060 miserodepopulansAnuosus
1058 4991 1219 5054 terentibus,
1234 4989 1263 5043 iu
1276 4989 1497 5059 Rotbotnagensi
1513 4989 1687 5060 parlamento
1705 4981 1800 5036 trustra
1811 4971 1837 5024 ΙΙ·

216 5077 326 5133 interea
341 5077 509 5132 Guillelruus
529 5077 664 5132 incertam
687 5095 781 5134 rerum
803 5080 905 5133 seriem
930 5081 1018 5150 provi·
1030 5081 1132 5162 Dtigat

218 5166 287 5222 dens
307 5166 407 5222 Joanni
430 5165 547 5221 Ribalda
570 5184 603 5221 ex
626 5183 722 5222 sorore
745 5167 850 5240 nepoti,
865 5171 912 5239 jus
935 5186 1017 5223 urana
1094 5169 1235 5224 Adrianus
1255 5183 1318 5222 vero
1340 5172 1404 5239 post
1426 5165 1570 5221 biennium
1585 5167 1699 5220 Beccum
1714 5159 1835 5246 deserens,

217 5256 316 5312 cedere
338 5260 439 5311 tentat.
454 5257 558 5310 Verum
578 5255 671 5310 obstat
692 5257 856 5322 Ludovicus,
881 5258 1017 5312 Joauuem
1059 5259 1141 5312 allisa
1163 5258 1284 5312 claustro
1305 5257 1421 5328 virginis
1446 5255 1538 5310 Mariae
1563 5255 1701 5310 Christum
1724 5245 1836 5302 lactantis

216 5335 362 5400 Aurelium
380 5345 549 5399 Tolosanum
566 5345 792 5416 archipresulem
808 5347 899 5405 eidem
914 5347 1018 5402 Garinu
1060 5347 1195 5417 imagine.
1212 5345 1319 5400 Fiscani
1332 5345 1418 5399 sedet.
1437 5344 1564 5398 Succedit
1580 5343 1657 5398 Becci
1670 5341 1780 5395 ioannes
1792 5327 1837 5424 Du·

216 5433 365 5489 succedere
377 5434 480 5489 volens.
498 5435 580 5488 Anna
600 5434 636 5488 ad
660 5435 717 5490 haec
736 5434 876 5500 defuncta,
903 5453 1017 5506 quame
1058 5437 1161 5499 aestua,
1190 5434 1361 5488 Aurelicnsis
1384 5433 1543 5498 cardinalis,
1561 5435 1640 5506 cujus
1658 5442 1736 5498 supra
1752 5431 1837 5474 merul·

217 5522 378 5576 Britannico
401 5539 505 5594 genere
520 5521 675 5578 Ludovicus
690 5524 771 5577 thoro
786 5525 879 5595 priora
899 5525 1017 5578 duxerat
1059 5525 1162 5588 uiraus,
1180 5523 1404 5588 virmausuatus,
1421 5539 1452 5576 ac
1466 5527 1567 5594 suapte
1589 5529 1695 5582 natura,
1714 5515 1741 5568 iu
1761 5504 1836 5601 eccla·

216 5625 340 5677 uxorem,
368 5612 483 5664 Mariam
512 5611 624 5666 ilenrici
645 5613 798 5680 Anglaruur
821 5611 893 5682 ragis
919 5613 1015 5680 liliam,
1060 5613 1178 5667 siasticis
1192 5612 1322 5683 gerendis
1336 5611 1531 5680 cismarinus,
1549 5611 1678 5668 abbatum
1690 5599 1779 5658 ordino
1791 5599 1834 5647 trr-
