3872 6162
231 246 284 305 935
751 244 780 299 a.
801 243 999 300 eunnanur
1017 241 1170 298 nunnus
1188 242 1360 300 aiassae.
1775 253 1815 322 ,a
1890 218 1891 308 l

232 370 441 430 calefactorium
455 372 619 439 sequuntur,
635 366 701 438 quia
716 367 800 422 illico
816 368 958 438 provisore
981 383 1027 422 ra·
1036 366 1104 426 And
1119 366 1224 422 eumin
1240 369 1367 424 eamdem
1378 369 1477 426 cellam
1489 371 1609 428 veniunt.
1618 375 1681 432 Nam
1690 377 1817 440 inlision-

232 462 381 519 soriorum,
398 455 549 527 assumptis
574 471 623 526 per
637 456 803 526 magistrum
818 457 880 510 aliis
894 455 1028 510 iratribus
1068 455 1182 526 poribus
1196 457 1304 528 aliquos
1319 459 1487 514 novitiorum
1514 461 1649 518 venientes
1669 467 1720 536 ejus
1740 470 1819 527 doctri.

232 551 280 624 qui
294 565 359 604 eum
373 547 514 616 adjuvent,
531 551 597 599 sunt
611 545 736 599 radendi.
754 547 825 600 Nam
836 545 956 599 adillum
967 562 1028 616 per·
1069 560 1134 597 narn
1149 545 1188 599 ibi
1202 563 1302 617 capere
1316 547 1478 619 frequenter·
1504 550 1683 608 inveniuntur.
1709 555 1764 612 Posi
1781 579 1820 615 w.

231 639 304 694 tinet
313 641 344 692 ut
353 635 450 690 novitii
466 634 633 705 regulariter
648 634 792 688 radantur.
1070 649 1145 700 nam,
1159 635 1202 689 rel
1212 636 1282 690 intra
1297 638 1540 709 quadragesimam
1555 648 1614 712 pest
1626 645 1823 714 prandiunmnn-

268 728 362 783 Finita
376 742 440 780 vero
455 739 564 780 rasura.
578 723 854 778 camerariusndesse
869 739 924 778 non
940 723 1029 794 negli·
1071 739 1154 792 quam
1172 741 1221 794 pro
1246 727 1297 780 hac
1325 743 1410 781 causa
1433 728 1499 783 illuc
1521 730 1667 796 accedant;
1691 735 1824 804 quianemo

233 818 284 890 git,
300 824 329 872 et
343 833 390 872 eos
403 816 437 870 ad
451 814 612 869 vestiarium
626 812 713 867 ducit.
730 811 775 867 Illi
788 829 911 884 namque
933 829 1030 866 omnes
1071 815 1137 864 tunc
1152 811 1189 866 ibi
1201 813 1361 880 instruitur,
1386 816 1441 870 nisi
1455 818 1575 872 novitius
1587 819 1680 890 aliquis
1702 821 1764 876 inira
1782 831 1826 878 tres
1892 829 1893 880 l

233 913 299 964 sunt
311 905 445 962 vestiendi
462 921 478 958 a
497 902 610 957 damulis
642 902 731 973 ipsius
756 902 914 956 camerarii.
941 901 1031 954 Vesti·
1071 898 1131 952 dies
1153 902 1423 974 quandoaeeipitur.
1439 903 1826 966 inauditorieautemiratrum

233 1001 330 1053 menta
344 1011 408 1049 vero
419 993 520 1065 quibus
535 997 602 1046 tunc
618 996 768 1058 exuuntur,
790 1007 880 1061 usque
905 990 934 1044 in
956 990 1031 1046 diem
1072 988 1141 1042 nulli
1156 1005 1253 1044 corum
1265 1009 1349 1046 causa
1364 993 1520 1048 instruendi
1530 995 1651 1065 alioquin
1660 995 1823 1052 lacitrerbum.

233 1084 413 1159 professionis
428 1097 523 1137 eorum
535 1081 733 1134 reconduntur.
1072 1075 1144 1147 Ergo
1159 1093 1223 1132 cum
1236 1079 1358 1151 primum
1371 1081 1451 1146 hora,
1468 1097 1552 1151 quarn
1567 1082 1740 1152 praediximus,
1754 1103 1829 1140 conre-

270 1191 317 1232 un.
335 1173 424 1227 Vestis
443 1187 540 1226 eorum
564 1175 665 1224 nostrae
682 1168 905 1223 debetemnimo
929 1167 1030 1222 similis
1072 1167 1165 1231 niune,
1183 1167 1248 1221 licet
1261 1169 1415 1240 capitulum
1444 1187 1507 1224 cum
1531 1171 1587 1225 illis
1607 1171 1739 1234 habeatur,
1758 1180 1830 1230 amen
1894 1164 1895 1224 l

172 1283 183 1294 ·
235 1281 305 1330 esse,
320 1260 521 1334 praeterquod,
538 1259 662 1330 quandiu
686 1264 770 1312 erunt
792 1257 897 1328 absque
919 1257 1030 1310 benedi·
1071 1272 1167 1310 versus
1182 1259 1303 1312 Pretiosa
1317 1259 1347 1313 in
1359 1266 1456 1331 aperto
1468 1259 1502 1314 ab
1512 1261 1552 1314 eis
1572 1261 1681 1315 minime
1697 1263 1832 1332 prenuntia·
1894 1277 1895 1282 ¹

234 1354 335 1418 ctione,
363 1351 421 1406 sela
445 1350 555 1404 cuculla
583 1348 725 1403 carebunt.
763 1351 861 1403 Postea
890 1348 1027 1418 capellum
1072 1346 1188 1410 tur‚sed
1212 1349 1347 1418 magister
1374 1365 1471 1404 eorum
1493 1355 1603 1404 tantum
1624 1350 1689 1404 dicit
1702 1351 1830 1404 Benedictis·
1895 1399 1896 1424 ,

235 1445 325 1499 lrocco
339 1457 436 1496 eorum
451 1439 584 1504 assuitur,
601 1455 637 1492 ne
652 1437 787 1492 notabiles
802 1436 1031 1491 dissimilitudine
1072 1434 1143 1487 Nam
1163 1437 1355 1507 unusquisque
1371 1436 1481 1492 illorum
1499 1477 1505 1503 ,
1530 1439 1578 1509 qui
1603 1439 1724 1492 eumdem
1745 1453 1832 1491 remam
1895 1427 1896 1438 ἢ

236 1532 586 1588 nobiscumconversantes
607 1527 761 1581 videantur.
780 1528 865 1592 lieri
888 1527 960 1580 Nam
974 1525 1031 1578 sire
1074 1523 1177 1579 sciebat
1194 1542 1282 1596 usque
1306 1527 1336 1581 in
1355 1528 1426 1582 hanc
1450 1528 1549 1582 heram
1565 1543 1619 1583 neu
1633 1525 1764 1582 dilierebat
1780 1519 1833 1595 :qui

236 1623 293 1676 sint
307 1619 396 1692 pauci,
414 1618 457 1673 vel
472 1617 625 1674 multi.etsi
639 1616 827 1687 incepitulum
840 1621 1031 1669 nostrumnon
1073 1621 1167 1668 autem
1183 1615 1335 1680 nesciebat,
1352 1616 1526 1671 Dominicam
1543 1617 1694 1671 orationem
1707 1616 1758 1670 rice
1770 1615 1835 1684 ipsiu
1896 1637 1897 1666 ι

236 1711 361 1766 veniunt.
371 1718 400 1763 et
411 1707 574 1779 separatim.
589 1705 696 1759 scilicet
719 1704 746 1757 in
769 1705 839 1757 cella
862 1685 1117 1757 novitioruther
1135 1703 1278 1758 recitabat.
1301 1705 1374 1760 Sane
1385 1706 1408 1759 si
1423 1712 1490 1760 sunt
1500 1705 1553 1760 llll
1567 1705 1747 1768 Lectiones,in
1760 1703 1836 1774 primis

236 1817 299 1856 cum
315 1799 449 1870 magistro
464 1795 609 1851 dormiunt
621 1794 698 1864 tquia
714 1809 858 1863 nunqnam
870 1791 986 1846 veniunt
1004 1791 1033 1846 in
1075 1808 1204 1847 sermone
1219 1793 1385 1863 Evangelico
1401 1793 1600 1861 admonentur,
1618 1793 1665 1864 qui
1688 1797 1715 1846 et
1730 1807 1759 1846 eo
1771 1790 1838 1845 disin

235 1889 433 1944 dormitorium
461 1891 588 1940 nostrum
611 1883 664 1938 nisi
686 1882 850 1948 benedictii:
880 1888 975 1936 tamen
1004 1883 1033 1935 in
1075 1882 1197 1952 capitulo
1210 1882 1312 1952 agitur.
1330 1883 1384 1946 Qui
1396 1901 1459 1938 cum
1471 1887 1524 1940 Per
1536 1886 1633 1938 carnia
1649 1885 1740 1936 secale
1756 1883 1839 1934 racula-
1897 1873 1898 1890 ¹

236 1977 384 2033 refectorio
403 1982 431 2032 et
450 1975 479 2029 in
507 1973 569 2028 aliis
592 1973 659 2026 locis
684 1971 799 2025 minime
826 1977 994 2041 separantur
1017 1986 1033 2023 a
1076 1973 1338 2037 rnrrr,cencluditur
1352 1980 1383 2028 et
1395 1974 1430 2028 ab
1445 1970 1839 2042 omnibusiimcnrespondetur.

237 2068 327 2122 nobis.
344 2067 405 2122 Mox
421 2070 515 2120 autem
530 2069 563 2117 ut
573 2061 740 2126 vestiuntur,
758 2060 891 2130 magister
906 2077 952 2114 ees
962 2060 1034 2114 reci·
1076 2061 1110 2116 In
1129 2062 1245 2132 privatis
1259 2061 1359 2116 diebus
1372 2063 1523 2134 aliquando
1536 2080 1601 2118 cum
1627 2059 1840 2122 admonitiuncula,

236 2159 316 2230 piens
329 2157 358 2210 in
369 2155 530 2227 praedictam
544 2153 643 2208 cellam
663 2151 750 2206 ducit.
767 2149 860 2219 ibique
872 2165 919 2204 eos
934 2165 1034 2220 pauca,
1076 2175 1137 2230 quae
1153 2159 1209 2214 iliis
1224 2166 1369 2230 congruat,
1385 2167 1417 2214 ug
1427 2160 1454 2214 jn
1471 2161 1571 2216 ,nepus
1583 2160 1733 2233 proficiant,
1746 2155 1841 2210 megan.

237 2264 298 2318 quae
311 2245 346 2300 ad
362 2260 484 2316 praesens
498 2247 564 2296 sunt
587 2239 754 2304 necessaria,
778 2238 914 2294 instruit:
935 2238 1035 2292 deinde
1076 2249 1391 2303 tur,1nterdumetiam
1407 2249 1535 2320 quiedam
1556 2251 1591 2305 de
1609 2248 1713 2320 regula,
1741 2261 1793 2316 qua
1814 2241 1843 2294 eis

236 2337 352 2392 chorum
380 2349 444 2388 cum
472 2333 512 2386 eis
540 2329 637 2385 adiens
665 2329 693 2384 in
716 2329 777 2383 leco
794 2328 894 2382 idonee
925 2327 1033 2382 statuit.
1078 2338 1235 2409 expediant,
1262 2339 1458 2410 psaedjcamup·
1481 2341 1546 2396 post
1569 2355 1635 2394 ,epo
1657 2339 1690 2392 dg
1707 2335 1792 2391 ordine
1810 2331 1845 2383 in.

236 2424 346 2480 Deinde
357 2423 461 2483 omnia.
475 2437 536 2492 quae
549 2420 585 2474 ad
609 2418 726 2474 lectulos
749 2418 853 2472 habere
878 2416 991 2482 debent,
1020 2433 1037 2470 a
1077 2431 1235 2481 struuntur,

237 2513 392 2569 camerario
417 2513 446 2566 in
463 2510 562 2564 cellam
581 2508 718 2572 eanrdem,
734 2507 839 2561 sciente
854 2506 990 2576 magistro
1008 2510 1037 2560 et
1113 2515 1142 2569 Si
1153 2517 1215 2586 quis
1229 2518 1286 2572 (δὴ
1300 2518 1368 2590 quid
1387 2519 1536 2577 commisit·
1552 2524 1587 2573 ut
1597 2518 1641 2572 πὶ
1655 2516 1690 2572 ab
1702 2513 1787 2570 eodem
1800 2521 1846 2562 ma.

237 2603 389 2673 unicuique
409 2615 532 2670 congrua
550 2597 932 2668 disponenteapportantur.
948 2595 1034 2650 simul
1076 2601 1175 2672 gistro,
1191 2605 1233 2659 vel
1255 2606 1291 2660 ab
1320 2607 1376 2661 alio
1397 2608 1457 2676 ejus
1483 2606 1674 2677 condiscipulo
1698 2602 1847 2659 inclanrtur,

238 2699 266 2747 et
281 2691 406 2754 cueullae,
421 2689 445 2744 si
460 2688 520 2742 lieri
537 2691 630 2758 potest
642 2705 649 2751 ;
661 2702 722 2757 quae
737 2701 825 2756 usque
839 2685 874 2738 ad
887 2685 962 2738 diem
974 2701 1037 2755 pro·
1076 2691 1186 2746 veniam
1201 2694 1315 2764 quidem
1330 2695 1410 2765 petit,
1420 2695 1467 2749 sed
1474 2696 1615 2765 iudicium
1626 2709 1706 2748 suum
1720 2684 1847 2744 nonsnbit.

237 2780 366 2835 fessionis
380 2795 488 2843 eorum,
505 2775 542 2830 ibi
563 2781 719 2838 serventur,
741 2779 769 2828 et
783 2775 897 2828 nomina
914 2773 1037 2843 singulo·
1076 2779 1177 2836 Nullus
1201 2788 1295 2838 autem
1312 2800 1362 2854 pro
1377 2784 1501 2855 qualibet
1515 2785 1599 2856 culpa
1615 2783 1654 2837 ibi
1669 2779 1770 2835 veniam
1787 2773 1850 2845 pilii,

238 2885 301 2924 rum
311 2869 340 2923 in
353 2868 470 2922 totidem
485 2864 668 2920 breviusculis
679 2863 732 2928 l‘dssi
743 2881 793 2935 pei·
802 2863 914 2918 90⁵de
921 2863 1034 2934 scrivii,
1077 2869 1131 2925 nisi
1142 2870 1177 2925 ab
1188 2872 1243 2926 alio
1258 2873 1345 2927 suerit
1358 2873 1535 2928 inclamatus.
1560 2872 1666 2943 Siquis
1678 2870 1749 2924 inter
1761 2881 1802 2918 eos
1813 2875 1851 2914 aa·

238 2959 355 3014 cucullis
366 2957 514 3029 singulise
537 2955 620 3010 dorse
649 2953 771 3008 exterius
799 2971 851 3026 per·
870 2953 1036 3024 semetipsos
1075 2960 1185 3030 gligens
1203 2962 1232 3015 in
1248 2962 1380 3016 discendo
1394 2963 1502 3026 ordine,
1520 2963 1563 3016 rel
1593 2959 1706 3032 tepidus
1730 2956 1758 3010 in
1778 2951 1853 3020 alique

237 3049 350 3104 interim
365 3053 527 3111 assuuntur,
541 3051 570 3100 ec
584 3047 612 3100 in
629 3045 697 3098 noro
716 3043 934 3098 consecr-arionis
948 3059 1035 3096 unus·
1048 3050 1239 3142 Cnujusrnodi
1256 3051 1321 3105 vitio
1333 3051 1562 3122 reprehensibilis
1574 3041 1852 3120 esseaepronendicor,

237 3139 356 3210 quisque
370 3153 403 3191 ea
410 3153 471 3208 quae
481 3134 533 3189 sibi
541 3134 685 3206 competit,
696 3133 839 3188 induatur.
853 3133 961 3187 Cratera
971 3147 1037 3186 tero
1078 3137 1101 3190 si
1119 3137 1241 3208 primunr
1252 3138 1360 3209 aliquot
1373 3139 1478 3193 vicibus
1492 3155 1543 3210 per
1567 3138 1737 3209 magistrum
1762 3133 1855 3202 propter

238 3227 340 3299 quibus
355 3226 384 3282 in
399 3224 553 3297 primordio
568 3222 735 3294 receptionis
749 3222 885 3292 indigent,
900 3220 1038 3292 magister
1077 3225 1130 3280 hoe
1148 3225 1362 3290 admonebatur,
1379 3227 1427 3282 sed
1449 3243 1505 3282 non
1533 3226 1660 3282 correxit
1697 3235 1784 3278 coram
1807 3213 1855 3268 aliis

239 3333 337 3371 eorum
352 3331 369 3368 a
383 3313 538 3368 camerario
562 3311 682 3383 requirit
708 3312 775 3365 Post
797 3318 853 3364 tres
880 3317 974 3364 autem
994 3309 1036 3363 vel
1077 3314 1146 3370 dure
1162 3321 1192 3369 et
1204 3331 1312 3388 aspere,
1328 3321 1413 3386 prout
1427 3322 1541 3371 sanctus
1563 3313 1732 3371 Benedictus
1753 3302 1857 3381 precipit

239 3411 360 3478 quatuor
373 3403 433 3457 dies
445 3403 581 3456 adventus
596 3417 704 3464 eorum,
721 3399 764 3454 his
779 3399 950 3470 quilitterati
962 3399 1037 3453 inter
1077 3405 1148 3474 (cap.
1162 3403 1189 3470 ⁴2,
1205 3403 1260 3461 22¹.
1278 3421 1334 3459 non
1348 3406 1439 3460 solum
1455 3406 1492 3460 ad
1515 3421 1643 3477 presens
1658 3403 1693 3458 ab
1706 3395 1857 3464 illocerripr·

239 3511 287 3548 eos
302 3499 377 3553 sunt,
389 3491 522 3560 magistro
537 3491 713 3553 admonente,
726 3488 877 3542 codicesad
887 3488 1035 3542 lectionem
1076 3499 1133 3556 tur,
1150 3493 1199 3547 sed
1214 3494 1367 3564 asperiora,
1380 3493 1407 3547 id
1422 3499 1466 3548 est
1474 3510 1579 3558 carcer,
1600 3495 1683 3564 Bogae
1703 3487 1753 3559 tait
1767 3497 1857 3540 ercom-

239 3582 274 3637 ab
288 3580 410 3636 armario
422 3579 534 3644 dantur,
549 3578 597 3632 sed
613 3583 706 3632 tamen
722 3577 756 3631 ad
767 3595 814 3632 eos
824 3593 880 3632 non
891 3582 1034 3642 traiciatur,
1077 3582 1229 3637 munientia
1249 3587 1274 3636 et
1292 3583 1403 3654 flagella
1415 3584 1440 3638 ei
1457 3590 1667 3655 preponuntur,
1686 3597 1745 3652 qua
1758 3573 1859 3648 quando

239 3671 313 3725 sicut
331 3668 380 3722 alii
395 3668 505 3733 fratres,
526 3670 574 3738 qui
594 3684 645 3738 pre
658 3668 717 3722 suis
730 3667 809 3721 libris
823 3667 852 3720 in
867 3667 957 3738 capite
970 3683 1037 3738 qua·
1078 3688 1132 3742 que
1143 3672 1217 3727 inter
1231 3672 1333 3728 iratres
1354 3673 1451 3744 procul
1470 3672 1555 3727 dubie
1570 3673 1612 3727 sit
1638 3685 1778 3744 pessume,
1797 3663 1817 3718 si
1838 3661 1859 3713 ln

239 3757 404 3829 diligimini&
419 3755 640 3811 ascribebantur.
1079 3767 1175 3816 sancta
1190 3762 1400 3816 conversatione
1414 3777 1464 3833 pro
1478 3777 1561 3832 posse
1575 3777 1630 3816 suo
1645 3776 1702 3814 non
1718 3755 1797 3811 luerit
1818 3751 1862 3806 ier·

547 3881 664 3937 CApUq·
683 3880 726 3938 ΠΙ
1079 3851 1170 3905 vidus.
1187 3851 1277 3914 Quam
1290 3867 1355 3906 vero
1368 3850 1508 3904 intentum
1523 3849 1607 3904 adea
1621 3865 1685 3920 quse
1699 3843 1782 3901 audit,
1802 3845 1826 3892 et
1840 3836 1862 3889 in

728 3925 734 3937 ’
1079 3939 1285 4010 omnibusque
1306 3939 1340 3993 ad
1362 3937 1524 4009 hujusmodi
1541 3937 1722 4010 propositum
1743 3929 1864 4004 pertinent

239 4011 536 4093 Ouornerloscltadruqt
547 4011 578 4093 in
591 4012 658 4064 calla
670 4012 849 4076 recutitorum,
867 4015 890 4068 cl
906 4010 1038 4080 querrcodo
1078 4028 1220 4086 sedulum⁸
1235 4028 1419 4100 prospexerit,
1436 4041 1487 4080 nec
1501 4025 1531 4078 in
1545 4025 1600 4079 hac
1612 4025 1681 4088 ,qoe'
1698 4021 1746 4077 sed
1756 4019 1864 4086 aliquan.

513 4083 549 4136 ψ’
563 4085 754 4136 mmmmm
873 4090 877 4101 Ι
1079 4116 1123 4178 de,
1137 4133 1199 4170 cum
1213 4123 1382 4187 oportunum
1406 4115 1500 4180 suerit,
1530 4119 1678 4170 semotum
1697 4111 1733 4166 ab
1751 4107 1818 4166 aliis,
1840 4104 1866 4154 ui

274 4189 449 4255 N⁰li²iii⁵il⁸
463 4189 521 4244 Sint
535 4186 685 4259 paucisne
694 4189 816 4254 'numdi‘
827 4188 1037 4260 l’laediitf‘ilflii
1078 4205 1269 4260 contrahostis
1283 4210 1459 4260 tentamenta
1472 4203 1584 4259 sortiter
1595 4205 1763 4266 luctetur,et
1772 4203 1802 4251 ut
1810 4205 1864 4263 quo·

239 4280 427 4334 instruuntur.
437 4277 1038 4348 Quotidienamquedocendiomnesibicon-
1079 4295 1146 4350 prdie
1162 4295 1191 4349 in
1207 4295 1307 4350 melius
1317 4295 1454 4365 proficiat,
1466 4294 1647 4350 monetur·
1660 4281 1868 4364 firm-,eumq

240 4367 502 4423 veniuntridelicet
510 4367 617 4422 infesto
628 4365 683 4421 xli
693 4367 854 4431 lectionum,
867 4373 895 4422 et
903 4367 932 4420 in
942 4374 1038 4422 octava
1079 4391 1139 4439 qum
1151 4391 1203 4440 est·
1218 4384 1330 4454 quando
1344 4383 1407 4437 ipos
1420 4382 1572 4437 secundum
1591 4383 1670 4454 quod
1685 4380 1738 4436 sibi
1758 4386 1820 4432 tunc
1835 4371 1869 4422 vj.

239 4456 400 4512 Nativitatis
415 4455 533 4520 liomini,
548 4461 577 4510 et
596 4456 719 4518 Paschae,
737 4463 766 4510 et
782 4455 959 4510 Perrtecostes
974 4442 1634 4542 rostheturinstrumentocapitulum,1ieet
1648 4486 1684 4526 εχ
1698 4471 1868 4542 parisicens-

239 4543 374 4615 primam.
398 4541 432 4596 ln
447 4543 561 4613 priuatis
581 4560 645 4598 vero
668 4543 767 4598 diebus
787 4551 850 4615 post
868 4545 1037 4600 oblationem
1077 4567 1182 4627 gemm,
1199 4561 1284 4617 vadit,

240 4631 342 4702 prioris
356 4631 456 4696 missaer
477 4647 541 4687 ⁰¹¹5ss
557 4632 658 4703 quibus
674 4633 759 4686 eiiam
785 4633 873 4704 aliqui
888 4635 1037 4689 ¹¹¹01180110·
1112 4653 1209 4708 Potuit
1219 4651 1321 4724 aliquia
1340 4650 1462 4706 novitius
1472 4651 1530 4706 sire
1545 4641 1872 4711 inconventusirealias,

239 4737 302 4776 rum
322 4719 414 4775 adhuc
428 4719 564 4774 inordine
576 4724 668 4786 rudes,
687 4739 750 4776 cum
774 4721 888 4776 lieentia
903 4724 1035 4791 veniunt;
1078 4741 1163 4796 [apem
1186 4741 1338 4812 aliquando
1353 4740 1496 4794 incurrere
1511 4739 1639 4810 culpam,
1655 4743 1690 4790 ut
1705 4751 1754 4808 pro
1769 4750 1802 4787 aa
1818 4737 1874 4783 tuac

239 4808 289 4863 sed
303 4808 421 4863 redituri
437 4809 549 4879 quando
563 4809 670 4864 scillam
687 4811 721 4864 ad
739 4811 891 4882 capitulum
906 4813 1034 4868 audiunt:
1079 4829 1121 4884 ,Ἧι
1136 4829 1171 4884 ab
1181 4829 1276 4900 aliquo
1290 4828 1421 4891 fratrum,
1434 4827 1476 4880 γρ]
1487 4825 1522 4880 ,ὼ
1532 4826 1595 4896 ipso
1623 4824 1763 4894 magistro
1788 4821 1816 4872 jn
1834 4831 1875 4869 ω.

239 4903 355 4969 θλοο91)ῑο
373 4897 396 4952 Si
412 4898 482 4952 ‘⁸¹0³
497 4903 572 4964 sunt,
597 4899 644 4970 qui
659 4900 772 4955 aliunde
787 4900 1038 4956 iessiifliiidiifflssi
1079 4918 1168 4989 pitulo
1184 4918 1329 4972 clametur.
1358 4915 1428 4970 Etsi
1451 4913 1600 4985 aliquoties
1632 4911 1796 4968 admonitus
1821 4921 1876 4960 earn

238 4986 349 5042 abbatis
364 4986 502 5058 permissu
515 4987 584 5043 illud
599 4987 723 5043 nondum
740 4989 907 5060 acceperint.
921 4991 1039 5046 Praeter·
1079 5005 1229 5072 emendare
1244 5004 1375 5075 neglexit,
1394 5003 1430 5057 qd
1445 5002 1600 5075 capitulum
1625 5001 1741 5064 duetus,
1755 4998 1797 5051 rel
1808 4996 1876 5048 clau·

238 5093 281 5140 ea,
297 5076 321 5130 si
335 5076 384 5147 qui
394 5077 573 5136 noviciorum.
589 5077 654 5148 quid
674 5077 859 5149 interrogare,
875 5079 916 5132 rei
930 5079 1038 5136 discere
1079 5095 1157 5149 acran
1171 5094 1266 5164 piton,
1283 5095 1326 5147 vei
1337 5093 1397 5162 ejus
1407 5092 1537 5163 adjutore
1550 5091 1627 5144 infra
1641 5090 1719 5144 idem
1734 5085 1877 5158 capitulum

236 5167 344 5233 νΘΙΙΠΙῑι
365 5166 589 5237 quandoeunqlli
609 5167 722 5238 flliqlffld
737 5166 915 5222 inteliffllum
942 5169 972 5222 iss
993 5169 1038 5224 die
1079 5183 1145 5238 illuc
1158 5183 1274 5249 directo,
1291 5199 1341 5254 per
1361 5197 1476 5235 manum
1489 5179 1619 5250 magistri
1636 5180 1750 5249 virgam
1761 5171 1878 5246 ruperia·

237 5255 367 5322 Occul'isti
385 5257 458 5311 Sicut
471 5261 514 5310 est
529 5261 591 5326 l‘ost
605 5257 719 5310 misam
739 5262 768 5310 θῑ
790 5263 853 5328 P0⁸t
876 5257 1034 5329 cimbalum
1077 5276 1133 5328 tur.
1150 5271 1278 5327 Forsitan
1297 5277 1326 5326 et
1340 5271 1424 5325 talem
1443 5268 1553 5339 culpam
1567 5267 1687 5339 juvenis
1707 5263 1827 5321 novitius
1840 5261 1879 5314 in·

236 5361 410 5416 percussum,
426 5344 469 5399 vel
479 5344 507 5399 in
517 5344 610 5399 hieme
622 5349 686 5416 post
700 5345 860 5416 prandium,
873 5353 972 5418 sponte
985 5365 1035 5403 sua

272 5450 327 5591 dddd
344 5453 514 5593 Squroegpquu
542 5526 622 5594 Boia,
645 5539 735 5595 genua
763 5527 947 5596 vinculorum,
976 5533 1034 5584 tarn
1048 5528 1238 5600 ferreaequam
1250 5489 1349 5599 ligneae
1362 5525 1494 5584 dicuntur
1508 5523 1675 5596 compedes.
