3856 6176
80 285 119 350 aa
466 255 829 345 ntemnecoaroaa
848 259 893 345 ιι
912 278 1096 346 sesamae
1114 279 1256 346 neuim.
1626 279 1682 348 ιιιι

81 412 174 486 antique
185 411 262 484 pacis
270 409 407 466 omittas?
420 401 484 466 lion
495 417 547 476 est,
560 414 593 468 ut
608 421 706 469 sancta
719 403 975 486 synodusAcorde,
992 421 1050 469 nou
1066 413 1115 486 qui·
1128 413 1231 488 premit
1241 409 1333 469 dente.
1352 408 1448 478 rQaa
1466 411 1613 492 nutemtsit
1623 412 1680 470 ha·

80 505 160 571 detuit
169 503 226 556 hac
240 497 430 572 raroaliouius
442 499 766 573 devulgo'hominisnon
774 501 845 574 pisa
882 505 930 574 jas
943 503 1113 558 sacramenti
1126 501 1215 558 virtus
1227 501 1311 575 paulo
1338 497 1402 574 post
1427 499 1545 574 exponit·
1561 498 1656 558 dicens
1670 516 1679 558 ι

80 599 99 649 ιι
110 589 255 647 sanctificati
268 585 400 653 hominis,
415 589 464 644 sed
488 589 582 662 potius
596 591 642 647 cul
663 588 723 664 ipse
736 593 842 652 unitus,
888 591 1021 654 «Nohmt
1033 586 1130 647 iideles
1144 600 1244 663 corpus
1268 589 1382 657 Christi,
1404 590 1429 645 si
1455 604 1556 662 eorpus
1576 581 1683 647 currui

78 681 145 747 idest,
158 681 316 752 incarnatus
329 684 372 744 est
382 679 432 734 Dei
443 683 471 733 et
480 679 613 738 hominis.
632 674 712 746 Quot
726 693 791 736 rero
805 677 845 735 ait
886 687 1015 736 essenon
1030 681 1183 752 negligant.
1200 671 1283 735 Fiant
1296 694 1396 752 corpus
1418 677 1536 744 Christi,
1548 679 1574 735 si
1584 680 1685 736 tolum

78 760 253 826 nasamones
269 767 412 839 mysticas,
442 767 483 822 sic
507 769 611 824 dictum
641 769 744 843 accipe,
766 769 843 841 quasi
887 771 979 824 rivere
994 766 1028 825 de
1044 769 1151 842 Spiritu
1162 767 1276 825 Christi.
1294 787 1307 822 o
1324 769 1359 824 Et
1371 771 1434 840 post
1455 768 1549 841 aliqua
1565 784 1599 823 ιι
1614 763 1686 825 lude

78 863 158 916 deerat
169 861 299 913 secretas
315 855 481 928 Mysterium
502 867 635 930 namque,
658 859 731 914 sicut
747 857 847 914 beatus
888 859 1018 932 estquod
1032 857 1620 932 exponensnobrsapostolusPaulnshurre
1636 861 1685 935 ps·

78 949 220 1020 Augustinus
233 945 265 1000 ιιι
282 943 354 1000 libro
368 946 410 1000 De
424 946 631 1001 catechizandis
642 943 759 1003 rudibus
770 948 846 1016 dicit,
888 955 963 1003 uem.
976 949 1050 1004 Unus
1067 949 1160 1017 ponis,
1170 947 1271 1028 inquit,
1283 960 1372 1001 unuln
1384 937 1576 1016 corpusntuiti
1588 959 1688 1002 martur

78 1041 181 1093 asecreto
193 1034 422 1120 nomenaceepit.
436 1034 508 1098 Quid
522 1035 597 1089 enim
613 1041 703 1091 secret
704 1037 747 1090 ius
762 1043 847 1108 quam
891 1037 915 1105 ll
924 1036 1022 1101 Oorx,
1038 1025 1095 1104 ιι).
1113 1036 1135 1090 0
1159 1039 1367 1090 sacramentum
1392 1033 1514 1107 pietatis,
1529 1051 1546 1090 o
1573 1035 1688 1106 siguum

79 1124 252 1198 pristinique
267 1121 389 1196 speciem
402 1123 572 1194 conspicere,
583 1135 713 1195 saporem
722 1130 846 1196 gustare
889 1123 991 1179 unitat'
971 1129 1017 1190 t,rs
1030 1141 1045 1178 o
1061 1125 1201 1180 vinculum
1211 1123 1332 1178 charitat
1320 1111 1375 1177 tis
1369 1125 1403 1178 lo

80 1219 160 1269 ιιιιιιιιι
173 1213 286 1274 sentire
304 1215 441 1267 ettamen
461 1212 629 1268 mirabimur
642 1217 776 1285 operante
790 1211 849 1268 Deo
1173 1198 1289 1268 CAPUT
1302 1199 1403 1267 x'vm

79 1313 272 1358 remmoamem
299 1309 453 1371 senemque
479 1301 646 1371 sanguinem
661 1299 783 1366 credere,
804 1315 851 1354 co·
928 1301 1110 1404 propulsatis,
1121 1307 1257 1374 quantum
1273 1303 1341 1355 setis
1354 1301 1444 1356 risum
1461 1307 1512 1376 ιιι,
1529 1297 1688 1368 talamania,

79 1391 126 1446 ned
129 1406 176 1458 ere,
186 1387 302 1444 biberet
315 1391 382 1456 llas
407 1390 436 1444 et
447 1389 609 1461 hujusmodi
630 1391 784 1461 scripturas
802 1397 853 1461 per
893 1407 963 1470 quas
976 1407 1006 1446 ιιι
1019 1391 1217 1447 contumeliam
1233 1387 1382 1444 llumberti
1397 1387 1520 1462 episcopi
1531 1392 1694 1464 sanctaque

78 1487 149 1534 totum
169 1481 225 1534 lere
250 1479 409 1533 dhinmum
436 1477 597 1532 litterarum
616 1493 717 1550 corpus
732 1479 852 1550 sparsim
893 1481 1028 1534 Romnum
1042 1479 1170 1533 Ecclesia
1185 1483 1291 1533 temere
1308 1477 1458 1550 protulisti,
1469 1468 1615 1550 scripsisti,
1631 1478 1693 1534 edi-

80 1567 208 1634 dmsasst
187 1567 420 1623 sramotoiuanis
434 1567 577 1637 jactantie
591 1567 728 1639 appetitu,
744 1584 795 1639 pro
809 1567 853 1622 in·
894 1564 971 1631 disti,
986 1565 1127 1637 reliquum
1144 1571 1186 1620 est
1198 1571 1229 1620 ut
1243 1565 1441 1622 fidemsauctae
1465 1559 1593 1624 Ecclesiae
1608 1573 1693 1641 atque
1774 1591 1777 1598 ·

79 1658 180 1712 tentione
190 1657 256 1712 ritae
268 1661 380 1711 aeternae
394 1655 540 1711 humiliter
553 1657 713 1727 legeres,
689 1675 713 1712 sr
727 1658 802 1711 iuter
817 1654 855 1710 le·
895 1654 1056 1725 opinionem
1071 1659 1126 1710 tuae
1142 1659 1223 1710 sectae
1234 1655 1431 1725 compendiose
1446 1667 1634 1727 expensurum
1645 1671 1695 1712 ere

80 1747 179 1816 gendum
191 1745 288 1800 effusis
315 1745 351 1800 ad
376 1746 529 1800 Dominum
551 1745 680 1816 precibus
703 1744 1002 1829 impetratasspositas
1015 1743 1111 1814 paucis
1127 1741 1342 1798 auctoritatibus
1369 1739 1555 1816 bretibusque
1579 1744 1695 1802 retinni-

77 1833 153 1888 diana
164 1833 256 1907 gratia
269 1825 452 1908 intelhgeres,
469 1833 492 1888 si
507 1849 541 1888 ea
555 1851 616 1905 quae
627 1834 662 1888 ad
675 1834 798 1889 litteram
810 1850 857 1888 ac·
898 1831 959 1898 bus,
971 1847 1056 1886 uuam
1065 1830 1225 1904 probemus,
1237 1833 1355 1887 alteram
1365 1831 1696 1905 improbemusl’iurimd

77 1923 161 1994 cipiet
174 1939 205 1978 ea
219 1939 283 1996 quae
298 1922 484 1994 spiritualiter
497 1917 745 1994 oportetiuteiligi,
764 1921 858 1977 Chris·
899 1919 973 1974 enim
990 1935 1022 1974 ac
1037 1920 1144 1992 prolixa
1158 1921 1203 1974 vel
1225 1921 1387 1975 testimonia
1413 1919 1630 1993 scripturarum,
1652 1923 1697 1978 vet

74 2011 252 2068 timacautela
265 2011 463 2082 distingueres,
489 2011 587 2084 procul
614 2011 699 2066 dubio
727 2011 855 2066 crederes
896 2009 1302 2082 firmamentadisputationum
1311 2001 1471 2082 epistolaris
1480 1998 1698 2068 brevitusinseri

76 2099 132 2168 quod
145 2099 310 2156 uniuersalis
327 2101 452 2156 Ecclesia
476 2099 575 2169 credit,
600 2099 768 2171 praedicares
782 2097 856 2171 quod
897 2117 953 2160 uon
964 2103 1112 2180 permittit,
1121 2118 1173 2156 nec
1182 2103 1255 2156 ratio
1266 2107 1316 2156 aut
1324 2102 1477 2156 necessitas
1486 2099 1545 2156 ulia
1555 2102 1696 2174 expossitr

75 2189 204 2258 apostolica
217 2190 350 2244 doctriua
363 2189 392 2244 in
406 2195 466 2244 tota
480 2184 578 2243 mundi
592 2188 742 2243 latitudine
757 2188 855 2260 praedi·
897 2191 969 2246 Nam
985 2191 1034 2262 qui
1048 2189 1145 2245 fideles
1153 2195 1229 2254 sunt,
1242 2202 1291 2245 seu
1302 2192 1363 2262 let,
1385 2188 1446 2261 sed]
1460 2182 1615 2262 depravati,
1631 2204 1697 2263 pre⁴

74 2277 171 2331 candum
182 2277 318 2346 metituit,
334 2291 448 2332 carnem
464 2277 569 2332 scilicet
583 2293 615 2332 ac
623 2278 789 2349 sanguinem
799 2277 855 2332 Ilo·
896 2279 976 2334 vitati
989 2295 1046 2334 suae
1072 2279 1258 2338 defendendae
1269 2279 1452 2352 pertinaciter
1471 2287 1527 2335 nan
1551 2277 1696 2336 irrsistnnt.

75 2363 128 2419 nini
142 2365 226 2421 nostri
255 2367 321 2422 lesu
350 2365 465 2432 Christi,
483 2371 511 2421 et
539 2381 588 2421 ore
603 2367 738 2438 corporis,
755 2371 783 2420 et
807 2379 856 2420 ore
898 2357 953 2424 Sed
967 2368 1062 2439 potius
1077 2368 1227 2424 intellectis
1240 2367 1464 2434 auctoritatibus,
1481 2367 1642 2446 auditisque
1655 2385 1699 2426 ra·

75 2455 158 2522 ordis,
172 2461 224 2510 hoc
241 2461 286 2510 est
298 2455 482 2527 corporaliter
495 2471 528 2510 ac
542 2453 858 2526 spiritualitermendu-
898 2454 1032 2523 tionibus,
1049 2455 1084 2511 ad
1099 2455 1172 2515 viam
1187 2457 1312 2512 ueritatis
1327 2458 1472 2513 humiliter
1485 2459 1587 2514 reverti
1601 2475 1700 2516 conon-

76 2544 155 2597 mriet
177 2543 248 2598 bibi.
279 2543 425 2616 corporali
450 2543 589 2614 siquidem
610 2559 658 2598 ore
677 2544 861 2615 corporaliter
901 2545 1173 2620 piscuntpaucaeis,
1188 2545 1348 2616 etapaucis
1363 2533 1627 2618 suilicerepossunt.
1645 2545 1701 2612 Qut

74 2633 261 2688 manducamus
276 2637 305 2686 et
319 2631 449 2696 bibimus,
464 2632 574 2704 quoties
599 2631 633 2687 de
656 2632 738 2687 altari
761 2631 863 2686 Domi·
900 2649 966 2688 vero
974 2633 1200 2693 contentionibus
1211 2629 1360 2701 deservire,
1373 2639 1457 2706 atque
1469 2635 1501 2690 in
1513 2651 1565 2690 sua
1576 2635 1698 2691 infideli·

76 2721 126 2775 nico
137 2721 226 2792 ipsum
250 2717 429 2777 Domlnlcum
445 2729 545 2792 corpus
570 2733 620 2795 per
634 2731 750 2776 manum
765 2737 859 2784 sacer·
900 2726 959 2777 tote
972 2708 1125 2797 persistere
1140 2723 1324 2784 decreverunt
1349 2739 1384 2778 ne
1411 2725 1473 2794 lot,
1498 2721 1562 2797 neci
1575 2725 1602 2779 si
1616 2721 1701 2796 plm'a

75 2807 136 2865 dotis
147 2811 317 2884 accipimus,
339 2806 480 2882 spirituali
511 2819 576 2865 iero
603 2824 651 2865 ore
667 2809 758 2864 cordis
776 2809 859 2880 spirl-
901 2815 1117 2886 apponerentur,
1131 2816 1250 2884 possunt
1263 2809 1389 2882 pluribus
1404 2824 1464 2866 esse
1475 2811 1607 2868 contenti.

73 2899 172 2954 tualiter
185 2899 345 2956 comeditur
355 2903 383 2954 et
397 2899 536 2965 hauritur,
553 2899 664 2972 quando
689 2899 813 2953 suaviter
833 2901 861 2953 et
938 2900 1083 2955 Credimus
1110 2899 1197 2970 igitur
1220 2903 1346 2954 terrenas
1368 2899 1547 2964 substantias,
1578 2915 1642 2974 quaa
1669 2901 1699 2958 iti

75 2987 174 3052 utiliter,
191 2989 268 3044 sicut
279 2987 379 3043 beatus
391 2987 565 3060 Augustinus
579 2988 658 3054 dicit,
680 2987 710 3042 in
725 2987 862 3041 memoria
903 3006 1000 3046 mensu
1014 2988 1168 3054 Dominica,
1180 3005 1230 3059 per
1249 2984 1422 3044 sacerdotale
1436 2989 1611 3056 mysterium,
1628 2985 1704 3045 divis

72 3077 220 3132 reconditur
235 3077 312 3150 qbod
335 3077 498 3148 unigenitus
522 3077 576 3132 Dei
604 3075 691 3131 rinus
706 3093 756 3151 pro
772 3077 893 3140 salutet}
904 3077 979 3136 nitus
993 3077 1214 3136 sanctificantur.
1229 3077 1416 3142 ineffabiliter,
1431 3077 1700 3151 incomprehensibi·

72 3166 284 3221 mundicordem
299 3162 416 3236 accepit,
433 3165 462 3220 in
477 3181 559 3220 cruce
579 3166 722 3238 pependit,
734 3177 861 3220 resurre-
902 3167 976 3232 liter,
999 3164 1176 3230 mirabiliter,
1192 3167 1327 3238 operante
1342 3179 1464 3239 superna
1482 3165 1618 3248 potentia,
1631 3183 1699 3223 corr-

72 3253 110 3319 ιιι
126 3256 269 3326 apparuit,
280 3253 417 3321 ascendit,
434 3255 612 3310 venturusiu
632 3255 677 3310 die
689 3253 861 3324 judiclidig-
902 3251 972 3310 verti
997 3254 1028 3309 iu
1054 3254 1203 3310 essentiam
1225 3253 1363 3310 Dominici
1387 3255 1521 3328 corporis,
1550 3255 1705 3312 reservatis

72 3356 112 3394 nas
122 3343 240 3413 singulis
255 3343 399 3398 mercedes
410 3343 563 3420 rependere
579 3360 630 3419 pro
644 3344 703 3398 suis
717 3343 859 3414 operibus
901 3344 1027 3415 ipsarum
1042 3351 1137 3398 rerum
1149 3341 1305 3416 speciebus,
1316 3347 1345 3398 et
1368 3343 1539 3415 quibusdam
1551 3337 1616 3400 eliis
1633 3354 1700 3417 qua·
1773 3403 1781 3414 ,

71 3430 125 3492 eae
150 3433 290 3487 comestio
318 3438 385 3488 tunc
412 3435 507 3499 Μιί
531 3433 574 3492 est
562 3431 663 3487 tutilis
690 3431 860 3506 pauperibus
901 3425 964 3487 litat
966 3433 1037 3500 ibus,
1053 3431 1293 3506 nepercipientes
1306 3433 1436 3488 crud'aet
1456 3437 1584 3504 cruenta,
1603 3427 1700 3492 horre-

72 3517 169 3586 (luisti,
184 3523 220 3588 si,
238 3520 276 3576 ad
290 3520 362 3575 tenti
385 3519 477 3575 divitis
500 3527 559 3575 tam
587 3537 719 3594 magnam
732 3537 860 3580 mensam
899 3525 974 3588 rent,
990 3521 1223 3578 etutcredcrites
1236 3521 1302 3579 tidei
1317 3522 1432 3594 praemia
1455 3495 1594 3608 ampliora
1608 3523 1700 3596 perci

71 3609 193 3677 sedentes,
221 3611 266 3664 sic
294 3609 382 3668 edunt
397 3615 428 3664 ut
441 3613 614 3677 saturentur,
630 3611 670 3664 sic
691 3611 818 3665 recolunt
806 3615 860 3665 tut
900 3610 1086 3682 perent,1pso
1096 3613 1192 3669 tumen
1208 3609 1352 3665 Dominico
1375 3621 1492 3682 corpore
1518 3603 1681 3669 existente'
1669 3629 1699 3670 m

72 3695 213 3765 imitentur,
231 3699 328 3770 parati
342 3713 454 3770 semper
465 3699 537 3753 mori
557 3705 608 3772 pro
625 3699 746 3763 Christo,
764 3699 860 3753 morti·
901 3689 1257 3755 coelestibusadderteram
1266 3699 1369 3764 Patris,
1381 3699 1544 3767 immortali,
1554 3701 1699 3775 inviolato,

71 3783 172 3842 inerms
178 3789 292 3860 jugiter
300 3787 485 3846 membrasua
500 3803 561 3862 quae
574 3793 642 3842 sunt
655 3804 740 3859 super
754 3789 858 3842 terram
900 3787 1021 3858 integro,
1038 3787 1270 3854 incontaminato,
1292 3786 1396 3843 illaeso:
1411 3794 1445 3844 ut
1457 3789 1586 3846 veredici
1599 3791 1696 3866 possit,

72 3873 95 3933 (Γ
96 3879 164 3929 cluss
180 3885 224 3942 ιιι,
243 3877 282 3946 5),
297 3882 327 3930 et
340 3875 535 3947 crucifigentes
564 3893 677 3931 caruem
704 3893 859 3934 suamcum
902 3876 947 3930 et
939 3893 1031 3948 ipsum
1047 3892 1146 3948 corpus
1156 3875 1231 3948 quod
1245 3868 1280 3930 de
1293 3875 1408 3947 Virgine
1431 3883 1575 3950 sumptum

70 3959 133 4018 utus
143 3965 421 4036 etconcuprsccutus
432 3966 504 4036 (Gal
526 3983 551 4032 r,
568 3964 625 4035 tl),
642 3967 714 4020 sicut
724 3966 859 4039 scriptum
901 3981 1022 4032 sumere,
1031 3968 1059 4019 et
1072 3970 1167 4019 tamen
1182 3981 1238 4019 non
1252 3981 1355 4038 ipsum
1367 3967 1462 4037 ipsum
1477 3967 1601 4039 quidem
1611 3983 1687 4040 quart

70 4057 118 4105 eszt
135 4053 202 4109 «Ad
216 4071 347 4110 mensam
364 4071 494 4124 magnam
505 4055 613 4122 sedisti
639 4054 707 4109 scito
727 4055 858 4128 quoniam
901 4059 962 4108 tum
977 4053 1015 4108 ad
1040 4053 1190 4109 essentiam
1217 4069 1342 4152 vereque
1370 4059 1478 4110 naturae
1496 4056 1699 4127 proprietatem

70 4137 125 4194 talia
136 4147 163 4197 te
175 4147 294 4220 oportet
303 4143 563 4218 praepararetdccli.
575 4151 652 4210 xxm,
662 4141 719 4213 li).
728 4161 740 4195 ι
750 4145 860 4200 Decor·
901 4146 986 4214 atque
1001 4141 1135 4200 virtutem
1147 4159 1153 4210 ;
1172 4158 1229 4200 non
1239 4141 1332 4214 ipsum
1347 4143 1487 4209 autemst
1499 4142 1698 4216 speciespanis

68 4231 144 4296 parali
154 4231 331 4287 comestione
339 4229 510 4302 discipulisa
523 4232 642 4286 Domino
654 4231 771 4285 dicitur:
782 4231 860 4285 Acci-
901 4231 1017 4302 riuique
1032 4230 1163 4300 speciem,
1175 4235 1332 4300 caeteraque
1346 4231 1475 4302 superius
1484 4231 1695 4304 comprehensa,

64 4319 121 4385 pie,
133 4321 349 4382 manducateet
361 4321 453 4386 bibite,
464 4321 513 4374 boc
526 4325 563 4374 est
576 4336 775 4388 corporearum
791 4315 864 4388 quod
902 4319 1069 4376 hauctidem
1092 4318 1184 4374 tenuit
1205 4336 1222 4372 a
1248 4318 1347 4390 priscis
1375 4317 1559 4390 temporibus,
1576 4325 1603 4376 et
1623 4335 1698 4378 nunc

66 4411 192 4474 aaronis
222 4409 357 4462 tradetur
372 4405 477 4480 (haurn.
505 4423 577 4474 xxvi,
606 4403 671 4480 26);
699 4407 813 4462 et:Hic
823 4393 980 4463 erlDtenet
994 4406 1126 4472 Ecclesia,
1142 4423 1204 4479 quae
1224 4424 1275 4479 per
1297 4411 1389 4463 totum
1412 4399 1514 4464 diffusa
1540 4399 1636 4466 orbem
1651 4424 1698 4468 ea-

68 4499 132 4552 colin
144 4497 300 4567 supputate
315 4501 380 4562 mei,
397 4496 447 4568 qui
455 4511 507 4567 pro
528 4499 602 4552 vobis
616 4496 771 4566 effundetur
788 4495 860 4564 (tec.
902 4497 1006 4552 tholica
1017 4497 1189 4556 nominatur.
1198 4496 1279 4552 Unde
1294 4497 1366 4552 sicut
1380 4497 1509 4570 seperius
1526 4489 1697 4566 dictumest,

68 4600 125 4650 uu,
137 4583 195 4656 ιθ).
208 4585 249 4644 Et
261 4585 411 4662 Apostolus
422 4579 458 4640 ad
472 4585 652 4642 Corinthios:
678 4586 733 4654 Qui
743 4585 863 4638 mende-
891 4585 1039 4664 'Dominus
1057 4585 1087 4638 iri
1096 4585 1262 4655 Evangelio:
1276 4583 1406 4656 Accipite,
1423 4591 1448 4642 ιι
1460 4590 1633 4656 manducate,
1651 4591 1701 4646 boc

68 4679 102 4726 ιιιι
115 4681 138 4728 ιι
149 4677 222 4730 bibit
237 4677 364 4746 indique,
371 4675 515 4746 judicium
526 4675 580 4728 sibi
591 4673 774 4728 ozoaaecatet
784 4673 859 4737 bibit,
902 4679 940 4730 est
954 4689 1051 4744 corpus
1062 4689 1164 4739 merem,
1179 4675 1254 4746 puori
1262 4683 1314 4744 pra
1338 4669 1410 4731 vobis
1426 4679 1570 4744 tractatum
1585 4683 1631 4734 et:
1649 4679 1703 4736 lite

66 4763 297 4835 medandicum
317 4759 861 4836 corpasllorninilldor.x1,99l.Spi-
902 4761 941 4814 est
954 4757 1028 4814 caiis
1054 4759 1202 4826 sonpoinis'
1222 4761 1286 4825 mei,
1303 4763 1468 4827 mysterium
1488 4755 1561 4830 fidei,
1578 4765 1629 4833 pur·
1647 4781 1701 4834 pro

68 4851 189 4908 ritualem
205 4855 308 4908 autem
321 4851 521 4907 comestionem
544 4851 738 4905 demonstrare
754 4852 862 4922 satage·
903 4849 986 4909 codis,
997 4851 1079 4915 cipro
1092 4849 1189 4900 meltis
1199 4845 1597 4927 effundeturinremissi'cnem
1605 4861 1702 4923 pecea-

67 4938 106 4996 ιιι
118 4941 223 4998 bestris
238 4939 418 5014 Augustinus
444 4940 475 4994 in
498 4937 616 4994 homilia
634 4937 766 4992 vicesima
784 4941 862 4995 serta
904 4941 1008 4990 torena.
1023 4933 1126 4989 Beatus
1144 4934 1308 4990 Ambrosius
1322 4935 1484 4994 discernens
1494 4941 1701 5012 sacramentum

67 5045 139 5101 snper
150 5031 308 5098 loannem,
331 5047 394 5085 cum
418 5029 544 5084 diceret:
563 5046 576 5080 ι
593 5025 698 5083 Panem
722 5027 862 5081 caelestem
903 5021 1128 5078 Christianorum
1144 5027 1519 5083 esacramentoludaeorum
1532 5029 1560 5082 ιιι
1572 5039 1704 5084 sermone

65 5118 250 5189 epiritrmliter
261 5117 439 5186 manducate,
455 5116 645 5174 innocentiam
663 5115 699 5170 ad
714 5117 802 5170 altare
816 5131 863 5186 ap·
905 5113 939 5167 de
953 5111 1094 5184 mysteriis
1104 5111 1139 5166 ad
1151 5111 1313 5184 Neophytos
1322 5115 1396 5186 (cap.
1406 5113 1489 5186 ipsis
1503 5115 1544 5171 ait
1558 5134 1563 5170 :
1578 5117 1701 5172 «Consi-

1 5213 2 5218 ’
66 5215 176 5274 peste.
192 5227 209 5266 )
228 5205 268 5262 Et
278 5211 461 5280 postpauca:
481 5225 493 5257 ι
516 5205 567 5262 llio
582 5211 624 5260 est
649 5221 715 5276 ergo
729 5203 810 5276 panis
829 5201 864 5256 de
905 5202 973 5257 dere
987 5215 1062 5255 nunc
1076 5205 1172 5254 utrum
1187 5203 1412 5272 prestantiorsit
1432 5205 1515 5276 panis
1538 5203 1702 5276 angelorum

1 5343 2 5369 ,
65 5294 123 5351 mlo
137 5295 332 5362 descendens,
347 5297 380 5350 ut
392 5295 416 5350 si
431 5293 493 5368 quis
508 5311 541 5349 ex
558 5293 618 5366 ipso
643 5289 862 5357 manducaverit,
907 5288 1215 5361 ceremoniasque
1229 5291 1325 5362 utique
1340 5299 1494 5364 corpusest
1509 5293 1582 5347 vitm.
1599 5291 1707 5350 Manna

66 5397 112 5440 nou
122 5380 279 5441 momatur
291 5381 349 5440 Sed
355 5381 558 5458 quodpertmet
572 5381 612 5440 ud
622 5381 753 5436 uirtutem
769 5389 863 5434 sacra-
905 5375 1092 5444 iliudecoolo,
1104 5377 1156 5432 hoc
1166 5392 1254 5450 supra
1266 5381 1385 5448 coelum,
1415 5381 1483 5434 illud
1493 5381 1564 5448 oceli
1581 5377 1633 5436 hoo
1646 5381 1702 5438 lib

66 5475 155 5544 menti,
166 5477 232 5534 nori
248 5461 326 5550 quod
337 5471 461 5546 pertinet
470 5472 511 5527 ad
521 5471 626 5528 risibile
643 5475 788 5530 sacramen
789 5474 862 5524 tum.
905 5467 975 5523 mini
989 5467 1141 5535 calorum,
1170 5467 1241 5522 illud
1263 5421 1434 5540 corruptioni
1458 5469 1620 5539 abromum,
1636 5471 1685 5526 si
1675 5489 1704 5529 ιιι

66 5561 110 5624 Qui
123 5561 385 5630 manducaturus,
412 5567 470 5616 uon
491 5556 575 5628 foris,
595 5547 644 5630 qui
668 5555 869 5614 manducatio
906 5556 982 5612 diem
1008 5552 1128 5611 alterum
1156 5561 1327 5628 servaretur,
1353 5557 1406 5612 hoc
1431 5549 1557 5618 sirenem
1576 5557 1618 5618 ab
1630 5563 1708 5620 unni
