3970 6172
213 312 278 377 1311
750 319 907 376 ROBERTI
926 317 1080 374 assarta
1101 317 1130 370 S.
1150 287 1298 372 ricottis
1755 320 1814 377 1311

210 446 413 516 recisisque,
432 443 485 512 55),
511 445 644 515 quoniam
669 443 729 500 vult
753 461 850 498 omnes
878 443 1038 502 bominesll
1049 441 1170 496 surrexit
1186 439 1315 515 planctus
1330 441 1650 508 miserabilcsernittens,
1664 448 1814 518 nusquamst

212 535 302 589 salvos
313 533 414 600 fieri,et
425 533 459 586 ad
474 532 645 604 agnitionem
661 533 787 587 veritatis
802 533 896 586 venire
917 534 1005 594 triti.
1049 548 1111 582 earn
1122 528 1409 594 circumdederamus,
1422 530 1518 586 dolore
1533 530 1616 585 nimio
1630 536 1657 587 et
1670 531 1815 592 intolerabili

211 624 250 693 1),
267 623 314 706 qui
330 638 380 684 nos
393 621 478 684 etiarn
494 627 700 697 contemptores
716 638 772 679 non
781 621 947 687 contemnit,
959 619 1007 680 sed
1049 618 1219 678 concutiens.
1248 618 1361 680 Surrcri
1388 619 1560 678 tuaccsolo
1575 619 1682 678 veniens
1699 621 1813 688 edilium,

212 711 343 774 adversos
354 710 499 774 convertit,
510 727 658 764 conversos
667 709 769 782 diligit,
787 709 958 780 dilectosque
973 707 1008 772 ad
1049 707 1098 762 ubi
1116 708 1144 770 in
1156 703 1552 778 manibuslratrumiocuerat,
1561 709 1672 782 jamque
1680 717 1817 772 surrexerat

212 797 307 872 vultus
318 799 361 852 sui
371 799 826 869 hilarissimambeatissimamque
837 798 971 858 visionem
979 797 1009 858 in
1049 803 1160 861 tautum
1169 804 1201 852 ut
1211 800 1331 862 sederet.
1346 797 1534 869 aspicientem
1549 813 1613 856 roro
1626 813 1688 858 oum
1699 797 1817 868 11111111

212 886 603 960 mirabilibussuaepotestatis
611 887 763 965 singularis
768 886 1009 958 provehit.llicest
1049 893 1246 958 agnoscentem
1257 887 1353 960 rogari
1368 886 1499 958 lacrymis
1512 885 1667 952 inlustraret
1681 885 1817 958 11111111

212 975 645 1044 111111111111,111111111111111.
657 975 937 1046 sclusamandus,qui
952 991 1008 1036 non
1049 975 1133 1028 modo
1142 992 1210 1046 erga
1224 994 1254 1031 se
1264 983 1338 1031 esset
1348 975 1471 1030 ediceret
1484 994 1491 1042 3
1508 975 1556 1045 qui
1579 973 1689 1028 tandem
1708 975 1817 1032 nimis...

211 1066 325 1138 respicit
333 1065 455 1128 hominis
462 1061 705 1141 [s.homines],sed
714 1065 818 1138 perdit,
828 1081 861 1116 ea
872 1081 933 1134 quas
943 1069 1008 1121 strat
1050 1069 1078 1117 ct
1091 1063 1229 1126 submisse
1252 1065 1371 1144 loquens
1384 1064 1424 1124 ait
1434 1081 1464 1118 se
1486 1062 1681 1126 miserabiliter
1694 1069 1786 1124 turtum
1796 1069 1819 1116 et

213 1158 246 1224 ut
259 1170 362 1226 eaquae
377 1170 433 1208 non
447 1153 654 1222 suntinstruat,
666 1153 714 1232 qui
738 1151 812 1226 apud
826 1168 877 1204 nos
897 1167 1008 1222 qrroque
1049 1153 1231 1210 confractum.
1249 1152 1370 1224 Praecepi
1384 1152 1470 1225 igitur
1491 1157 1524 1210 ut
1548 1152 1576 1205 in
1601 1151 1726 1222 quodam,
1740 1153 1781 1222 qui
1789 1152 1820 1207 ibi

213 1241 329 1310 ultimos
344 1259 438 1298 servos
452 1241 656 1306 suostimorem
673 1257 755 1294 suum
767 1245 795 1294 ct
804 1256 927 1294 amorem
936 1256 1010 1292 rere·
1051 1241 1157 1306 adorat,
1173 1243 1244 1303 lecto
1258 1247 1410 1313 poneretur
1426 1247 1459 1300 ut
1473 1239 1819 1311 quiescerettluorielacto,

213 1331 290 1397 lavit,
305 1331 464 1401 percutiens
479 1329 625 1408 superbos,
641 1334 670 1382 11
682 1344 784 1382 sanans
796 1328 925 1382 humiles.
940 1327 1010 1388 Rem
1050 1331 1146 1400 rogaui
1160 1331 1262 1390 tratres
1275 1341 1307 1392 ut
1317 1345 1394 1390 moro
1408 1345 1459 1385 suo
1470 1329 1500 1388 in
1514 1328 1668 1400 ,mpimlum
1682 1328 1821 1399 1111111111

214 1419 526 1492 vobisloquardignem
550 1417 695 1484 memoria,
712 1417 815 1470 nostris
837 1415 1010 1494 temporibus
1051 1418 1240 1488 egonlratro,
1256 1419 1370 1480 omniun
1383 1418 1539 1478 dolareme
1567 1416 1822 1488 1111111111111111

214 1507 382 1580 inauditnm,
395 1524 456 1586 quae
478 1523 544 1566 cum
560 1506 684 1561 ornuium
706 1522 789 1560 aures
816 1505 1011 1576 magnitudine
1053 1506 1268 1576 nonralehomt
1290 1506 1351 1568 sorti
1366 1503 1823 1574 vcramramecmcreaaetbrrr-

213 1596 417 1668 singularitatis
428 1613 486 1662 sum
500 1593 1008 1659 11111111111111111111111111111·
1049 1595 1312 1665 tornamentorum
1323 1611 1387 1656 oum
1399 1611 1443 1658 oo,
1454 1594 1496 1651 ait
1504 1594 1600 1664 itaque
1610 1617 1616 1651 ι
1628 1611 1642 1646 o
1653 1591 1823 1650 uictumae

212 1691 294 1740 tanos
309 1686 409 1739 tratres
420 1685 542 1738 maxime
556 1683 678 1754 percutit
692 1689 721 1739 11
735 1683 875 1747 sollicitat,
889 1682 954 1753 quia
973 1681 1007 1737 de
1048 1683 1234 1756 coronatam
1245 1682 1590 1744 terribilismododiooosr
1606 1699 1619 1742 r
1636 1682 1693 1742 Cur
1705 1681 1823 1742 (lomosa-

213 1773 291 1828 vobis
304 1779 348 1827 est
357 1779 384 1827 et
397 1772 474 1826 robis
489 1773 621 1826 mittitur.
635 1771 718 1842 Hugo
733 1753 1223 1840 1111111111111111-1111111111111
1238 1788 1368 1842 egressus
1376 1771 1425 1828 111
1443 1791 1454 1830 r
1475 1771 1527 1828 Oui
1540 1771 1581 1829 sio
1592 1771 1743 1849 increpanti
1755 1775 1827 1828 macl

215 1863 279 1917 darn
291 1862 365 1933 apud
380 1878 430 1918 nos
441 1861 554 1932 degens,
566 1860 794 1934 nepcsLonensis
809 1858 1009 1929 abbatisquem
1050 1861 1178 1928 terrenti,
1203 1861 1261 1922 1111
1283 1877 1343 1927 rur,
1372 1876 1418 1920 me
1441 1860 1584 1926 audiente,
1600 1859 1669 1920 scos
1691 1858 1825 1929 olociioot

213 1966 262 2004 vos
272 1950 380 2022 optimc
395 1949 492 2020 nostis,
509 1949 575 2020 quia
588 1949 661 2024 apud
673 1965 720 2002 vos
729 1949 759 2002 in
772 1947 875 2002 scholis
888 1947 1011 2000 nutritus
1051 1949 1144 2004 suavis
1158 1949 1303 2004 confestim
1316 1949 1462 2020 respondit
1476 1967 1483 2002 t
1502 1969 1514 2003 r
1531 1949 1604 2014 uuis
1616 1965 1651 2008 er
1662 1947 1755 2010 hored
1765 1946 1825 2006 leta

214 2045 258 2094 est
266 2055 346 2120 puer,
358 2038 411 2096 iste
426 2055 508 2120 quem
520 2038 619 2110 loquor
633 2053 692 2091 rem
720 2036 838 2098 incurrit
860 2053 922 2107 quae
934 2035 1011 2098 vohis
1051 2039 1180 2109 Dumque
1191 2055 1242 2109 ego
1259 2039 1282 2092 si
1297 2038 1402 2109 aliquid
1417 2039 1534 2100 uidisset
1546 2039 1716 2110 quaesissem,
1733 2042 1827 2090 motum

215 2144 328 2183 necesse
340 2133 382 2181 est
392 2132 424 2192 ut
433 2133 500 2185 nota
512 2127 570 2180 liat.
583 2128 614 2180 ln
625 2127 709 2188 choro
723 2125 843 2198 quadarn
854 2125 909 2194 die,
924 2123 1009 2186 tertio
1050 2127 1172 2194 audisse,
1190 2127 1315 2198 nihilque
1338 2144 1370 2185 se
1390 2127 1490 2186 vidisse
1514 2127 1593 2188 dirit.
1620 2127 1711 2188 Finita
1729 2125 1827 2182 tandem

214 2216 295 2289 seria,
306 2217 374 2270 dum
389 2216 490 2269 fratres
500 2215 588 2273 nostri
600 2215 714 2271 missam
730 2215 922 2276 matutinalem
936 2213 1010 2266 ccle—
1051 2216 1183 2292 capitulo,
1196 2228 1226 2274 11
1245 2217 1347 2279 uocatis
1358 2215 1524 2287 quibusdam
1538 2213 1755 2285 stabilissima
1767 2219 1795 2272 rt
1805 2213 1829 2271 ir

213 2304 338 2376 brarent,
353 2309 415 2358 erat
426 2308 454 2358 ct
467 2305 526 2376 ipse
539 2320 602 2358 cum
617 2304 736 2370 castoris,
751 2310 783 2359 ut
798 2302 877 2357 nobis
897 2301 1010 2358 videbo·
1051 2305 1163 2364 demuto
1173 2305 1349 2366 intirmorum
1365 2311 1535 2375 portaretur,
1548 2304 1595 2382 qui
1609 2309 1735 2376 posterius
1744 2301 1828 2373 iacuit,

215 2398 272 2461 tur,
288 2409 373 2455 sanus
401 2399 429 2447 et
456 2393 564 2459 hilaris,
582 2393 630 2463 qui
653 2391 836 2464 pauxillulum
863 2390 967 2452 doloris
982 2391 1011 2444 in
1052 2394 1588 2464 egoquesarutuseum,quippequcm
1610 2391 1828 2454 nullomodorot

216 2483 307 2556 capite
322 2481 445 2544 sentiens
460 2482 561 2536 lectum
573 2479 652 2550 odiit,
669 2488 700 2542 ut
727 2497 756 2537 se
780 2485 971 2552 prosterneret
984 2484 1012 2532 et
1052 2487 1188 2544 tarnnora
1198 2490 1228 2540 et
1241 2487 1299 2544 tara
1313 2481 1404 2544 tristis
1422 2481 1563 2542 dimittere
1589 2499 1636 2544 too
1652 2479 1765 2542 sinebat,
1775 2477 1831 2538 toti·

217 2571 383 2642 quieseeret,
399 2569 535 2636 obicum,
552 2567 776 2622 nobisomnibus
804 2566 1009 2637 ignorantibus,
1052 2570 1439 2641 anuscanaeptissauten
1455 2570 1590 2640 usquead
1606 2570 1733 2632 solodoro
1747 2569 1831 2626 hotto}

212 2660 329 2729 iaceret,
342 2658 434 2712 subito
448 2658 496 2720 ille
511 2656 639 2712 molestia
663 2656 797 2728 arripitur
811 2673 894 2728 quem
911 2655 1011 2718 medici
1052 2661 1213 2722 crastinam.
1230 2659 1311 2718 nobis
1325 2658 1509 2730 praesentibus
1524 2665 1552 2718 et
1567 2658 1735 2718 videntibus.
1749 2656 1831 2715 eadem

216 2746 380 2832 epilepsiam
394 2745 628 2815 voeabuloGraeco
642 2745 748 2814 dicunt,
758 2747 801 2800 vel
814 2762 923 2806 sacrum
937 2761 1012 2800 mor·
1053 2750 1146 2820 passio
1156 2765 1222 2810 oum
1238 2748 1367 2818 arripuit,
1378 2747 1442 2808 aliis
1453 2765 1516 2802 vero
1526 2747 1705 2818 diebuooooo
1719 2744 1833 2804 ootttidio

216 2835 292 2902 burn,
302 2853 334 2891 eo
346 2837 419 2918 quod
430 2834 654 2900 sacrashorntnis
664 2840 767 2908 partes.
785 2843 816 2888 ut
831 2841 874 2888 est
887 2841 971 2912 eaput
984 2839 1012 2888 et
1054 2839 1139 2896 semel
1154 2842 1203 2900 aut
1213 2837 1256 2894 bis
1272 2837 1347 2893 idem
1361 2853 1461 2908 possus
1476 2837 1635 2898 1111111111
1650 2836 1735 2906 igitur
1747 2831 1834 2892 metiti

216 2933 349 2993 mentem,
366 2925 561 3007 occupetNos
580 2940 645 2989 uero
669 2923 821 3000 vulgariter
847 2930 1013 3002 111111111-
1053 2925 1700 3001 1111111111,ςυὶ111111111111111
1719 2924 1832 2994 1111111111,
1940 2957 1941 2966 ¹

216 3014 327 3076 ducam,
345 3031 376 3068 ex
405 3031 438 3076 ,eo
461 3013 534 3084 quod
558 3011 658 3076 cadere
686 3011 778 3086 iaciat,
800 3012 1012 3075 vocamusltac
1053 3016 1180 3070 fecerunt
1190 3016 1215 3069 ei
1224 3015 1360 3085 quidquid
1375 3019 1525 3086 potarunt;
1542 3015 1591 3076 sod
1603 3031 1688 3084 quoto
1700 3029 1747 3072 sua
1761 3027 1835 3070 maro

215 3103 495 3178 igiturarreptusesu
507 3101 652 3164 confestim
667 3109 789 3164 mentem
804 3101 936 3172 perdidit,
949 3118 1010 3162 ocu·
1053 3110 1225 3176 prostratum
1248 3104 1321 3161 Deus
1344 3104 1406 3160 sola
1429 3120 1481 3167 sua
1513 3104 1678 3175 operatione
1695 3102 1835 3161 sanandum

216 3191 373 3264 losclausit,
393 3190 558 3266 quosetiam
571 3189 832 3260 manibusstringit,
848 3205 1012 3259 genuacur-
1053 3192 1226 3264 providebat,
1243 3193 1372 3256 humorve
1394 3209 1495 3254 marus
1522 3191 1715 3254 molitionibus
1738 3189 1836 3260 adgen-
1940 3263 1941 3272 ἵ

216 3280 300 3334 ravit.
314 3280 463 3334 calcitrans
478 3285 506 3333 et
523 3277 634 3332 volvens
661 3294 691 3332 se
718 3278 747 3332 in
775 3279 855 3332 lecto.
872 3277 931 3347 Ego
948 3293 1011 3337 vcra
1053 3281 1314 3352 dumnonaptavit.

217 3385 280 3424 cum
299 3368 416 3424 fortuito
445 3385 512 3422 casu
539 3367 568 3428 in
587 3369 709 3430 claustro
733 3367 833 3428 seriens
848 3367 1011 3434 scriberem,
1088 3371 1160 3434 Dum
1175 3371 1235 3432 haee
1249 3376 1410 3441 agerentur.
1432 3370 1553 3441 quadam
1572 3369 1695 3440 dieegc,
1715 3368 1759 3440 qui
1777 3381 1837 3437 perr

215 3457 341 3512 cucurrit
353 3457 442 3520 irater
456 3456 569 3526 quidam
582 3456 753 3522 exturbatus,
771 3463 799 3510 et
811 3456 906 3516 diceus
920 3456 1013 3526 Ilugo·
1053 3459 1184 3525 assiduus
1198 3459 1321 3524 adaram,
1337 3459 1452 3522 domurn
1464 3459 1492 3520 iu
1505 3475 1562 3529 qua
1587 3458 1678 3521 trater
1695 3461 1836 3529 sepontus.

215 3562 280 3601 nem
295 3545 376 3608 mori·
391 3545 433 3608 lld
454 3545 526 3598 hono
553 3561 648 3598 vocem
672 3561 734 3598 cum
764 3562 815 3616 ogo
832 3544 1012 3604 tremetactus
1053 3547 1286 3618 utbujuscsmodi
1297 3547 1336 3601 rei
1351 3545 1536 3618 competebat,
1546 3545 1715 3608 habebatur.
1732 3545 1834 3605 totana

216 3650 370 3716 surgerem,
389 3649 588 3704 curreremque
597 3639 660 3702 post
670 3648 743 3694 eum,
755 3633 815 3708 jara
826 3632 906 3694 finita
916 3633 1010 3698 missa,
1054 3655 1118 3693 eum
1133 3643 1162 3702 et
1176 3637 1324 3700 ridentem.
1342 3637 1498 3700 sedentem,
1510 3636 1712 3706 jocantemque
1734 3649 1792 3692 cum
1806 3629 1838 3688 la·

217 3721 318 3777 tratres
330 3737 426 3775 omnes
441 3720 592 3782 currebant
605 3726 750 3791 portantes
769 3736 879 3777 crucem
896 3738 1013 3798 aquam·
1054 3728 1148 3794 mulis,
1161 3727 1209 3798 qui
1220 3727 1281 3796 aius
1293 3725 1416 3790 servitio,
1434 3741 1479 3784 rus
1503 3723 1696 3802 praecipiente.
1711 3722 1838 3781 seduliae

216 3826 271 3882 que
283 3808 628 3872 benedictam.Venientes
639 3810 736 3880 igitur,
751 3809 811 3866 sine
822 3813 1015 3880 mentejecea·
1054 3816 1203 3884 sistebant,
1226 3815 1339 3882 invonit
1369 3819 1455 3876 tanta
1483 3829 1606 3882 aeraque
1642 3811 1761 3872 levitatis
1788 3813 1839 3865 erat

217 3909 275 3953 tem
303 3898 471 3968 invenimus,
501 3899 685 3972 stringentem
706 3899 836 3964 maribus
860 3901 963 3966 oculos,
984 3907 1013 3954 et
1056 3909 1167 3976 quqntra
1177 3903 1322 3968 vcsscitis.
1334 3903 1442 3967 utrium
1468 3917 1578 3964 toccum.
1602 3902 1632 3962 itt
1652 3902 1838 3960 chamoam

215 3988 334 4059 genibus
349 3988 550 4054 calcitrantem.
568 3988 759 4064 Expergelaeti
778 3990 883 4061 itaque,
904 3996 1012 4060 septem
1053 3995 1125 4059 hane
1134 3991 1328 4063 egritudinem
1336 3990 1537 4058 virerstmullis
1547 3990 1644 4053 minis,
1659 3989 1744 4048 nullis
1752 3987 1838 4059 plagit.

215 4079 339 4151 psalmos
354 4079 559 4149 poenitentiales
570 4079 736 4150 incoepimus
747 4098 752 4142 ;
765 4079 861 4134 videns
875 4096 940 4134 vero
954 4097 1011 4134 ma·
1052 4082 1138 4137 nullis
1152 4080 1304 4146 blanditiis,
1316 4080 1402 4139 nullis
1413 4077 1736 4142 aomoaioonibasaose
1749 4076 1841 4136 rediret

215 4183 269 4222 nus
281 4167 357 4221 illius
368 4169 463 4222 oculos
474 4168 548 4221 ultra
559 4183 643 4238 quam
659 4167 790 4238 expedire
805 4167 947 4221 videretur
960 4185 1011 4239 op·
1052 4176 1120 4225 utse
1131 4174 1320 4240 cognosceres
1333 4167 1543 4222 indomabiliter
1557 4168 1632 4221 enim
1655 4166 1770 4230 levitati,
1779 4164 1839 4235 jocis

215 4254 380 4325 primentes,
395 4255 555 4309 attraxisse
569 4271 586 4308 a
609 4255 680 4318 loco,
695 4255 815 4325 dedique
828 4255 962 4310 fratribus
980 4261 1013 4310 ut
1053 4265 1082 4314 et
1094 4259 1214 4314 lascivia
1221 4257 1339 4328 juvenili
1359 4257 1477 4320 instans,
1491 4255 1680 4310 scurrilitates
1695 4260 1839 4310 11111111-

214 4347 353 4407 tenerent‚
370 4345 526 4398 reluctante
548 4344 596 4397 illo
616 4343 779 4414 plurimum,
801 4346 927 4426 quamvis
941 4346 1010 4399 nihil
1054 4364 1152 4418 quens,
1169 4345 1367 4418 contemnebat
1379 4345 1503 4416 omnino,
1525 4344 1646 4408 necatio
1663 4343 1840 4406 1111111111-

216 4433 365 4487 sentiente.
382 4431 533 4498 Paululum
549 4429 919 4514 veracissimorum
935 4435 1011 4508 psal·
1055 4434 1111 4498 bot·
1124 4431 1176 4500 Set
1192 4435 1259 4504 auid
1273 4433 1372 4508 loquor
1386 4433 1420 4494 rte
1439 4423 1561 4500 bornaco
1582 4433 1841 4498 carissumus

215 4520 306 4574 lentes
320 4527 349 4575 et
362 4521 505 4592 signantes
515 4537 577 4574 cum
593 4536 675 4574 cruce
692 4522 877 4588 stetissemus,
894 4524 966 4596 jussi
981 4529 1014 4578 ut
1053 4521 1148 4576 divino
1159 4521 1265 4604 judicio
1280 4528 1380 4584 tortus,
1391 4527 1449 4574 taur
1465 4521 1588 4584 incertia,
1599 4527 1659 4574 tarn
1675 4515 1841 4574 horribilibus

216 4607 246 4662 in
274 4609 428 4662 oratorium
461 4613 631 4680 portaretur.
648 4609 737 4672 Quem
759 4626 821 4664 cum
852 4611 1013 4666 obedientes
1054 4610 1204 4665 tormentis
1217 4608 1512 4680 quateretur;necsic
1522 4607 1701 4678 daritiaejus
1711 4608 1842 4677 frangere-

216 4696 318 4750 tratres
333 4697 456 4767 undique
466 4697 672 4782 apprehensum
682 4697 725 4764 vir
736 4704 906 4770 portassent,
928 4699 1013 4770 jacie·
1052 4704 1110 4765 tur,
1126 4699 1207 4765 ulvel
1218 4697 1425 4768 aliquantulum
1439 4698 1533 4761 minus
1546 4697 1705 4764 lasciveret,
1722 4697 1776 4770 imo
1789 4708 1842 4752 oot-

218 4783 383 4845 baturertlm
394 4779 577 4840 intermunus
590 4793 701 4840 nostras
717 4785 824 4848 morbo,
840 4793 870 4842 et
880 4787 1011 4842 dissolve·
1053 4787 1127 4858 plius
1146 4786 1306 4857 etamplius
1327 4785 1453 4840 moribus
1478 4781 1656 4840 solvebatur.
1673 4781 1842 4856 nequeenim

218 4872 879 4930 baturomnibusmembristorsionemirabiliet
894 4879 1011 4937 misera·
1053 4875 1186 4938 continua
1213 4875 1352 4953 passione,
1374 4874 1424 4927 sed
1452 4873 1566 4937 incertis
1584 4873 1684 4945 spatiis
1698 4869 1845 4934 ,accedebat

217 4962 276 5026 bili,
293 4967 358 5016 ante
373 4962 448 5016 beati
463 4961 571 5017 Nicolai
583 4969 796 5034 prostraverunt
814 4964 912 5028 altare,
928 4981 1013 5037 seque
1055 4964 1155 5035 passio,
1168 4959 1362 5033 torquebatur,
1370 4961 1527 5022 tenebatur,
1534 4967 1562 5015 et
1573 4959 1786 5016 dimittebatur?
1797 4957 1845 5022 Qui

215 5057 426 5124 prosternentes
452 5057 480 5106 et
501 5052 588 5116 nimia
603 5053 771 5117 contritione
787 5053 945 5123 psallentes.
961 5055 1013 5112 Ubi
1054 5052 1186 5119 dimissus
1212 5066 1269 5109 utto
1292 5051 1360 5106 hora
1384 5061 1434 5108 out
1461 5049 1588 5115 dimidia,
1604 5051 1725 5131 repertis
1740 5047 1844 5110 viribus.

216 5157 279 5196 cum
295 5157 346 5211 ego
361 5140 488 5196 adessem
500 5147 528 5194 et
542 5139 709 5194 mirabiliter
723 5141 856 5212 dolerem,
873 5141 943 5206 adeo
953 5159 1014 5200 cru·
1053 5137 1187 5214 surgebat
1197 5145 1225 5195 et
1239 5139 1357 5210 pristina
1369 5139 1483 5194 levitate
1503 5139 1682 5210 pascebatur,
1700 5137 1845 5206 morboque

215 5229 310 5285 ciabar
335 5229 466 5300 lacrymis
487 5234 516 5283 et
543 5229 672 5301 suspiriis
696 5229 896 5299 quatientibus.
917 5237 948 5284 ut
962 5247 1013 5285 nec
1054 5236 1145 5287 tortus
1161 5227 1268 5281 insania
1277 5229 1434 5297 juventutis
1449 5245 1481 5282 eo
1499 5229 1579 5299 pejus
1593 5244 1647 5299 quo
1658 5225 1845 5298 voluptuosius

209 5314 292 5389 loqui
306 5335 357 5372 nec
371 5318 490 5389 psallere
505 5318 637 5382 valerem,
660 5317 769 5371 haerens
784 5323 894 5372 tanturn
909 5319 969 5372 solo
984 5325 1012 5372 et
1054 5313 1368 5388 torquebatur.lntrans
1377 5316 1482 5391 itaque,
1495 5321 1526 5369 ut
1538 5315 1629 5369 dicere
1641 5311 1845 5385 1111111111-

216 5406 453 5461 lletibusmurstls.
467 5405 891 5476 Dictlsltaquepsalrnlsseptem
907 5407 1012 5460 111111-
1053 5423 1140 5470 mum,
1155 5417 1220 5458 cum
1235 5401 1303 5455 mihi
1318 5402 1397 5457 valde
1408 5404 1550 5458 risustam
1562 5403 1742 5474 importunus
1754 5399 1844 5471 displi-

216 5494 852 5566 1111111111(111111111111111111,11111111
867 5496 1012 5550 monachis
1054 5500 1138 5560 reret,
1155 5492 1240 5558 tacui,
1257 5497 1285 5545 et
1308 5491 1367 5546 sedi
1390 5509 1454 5548 cum
1483 5509 1525 5549 ec.
1537 5507 1653 5564 parcens
1673 5491 1700 5544 ei
1727 5489 1845 5564 nihilque

217 5589 260 5637 est
272 5589 340 5645 ante
361 5589 529 5638 nocturnam
556 5583 684 5652 synaxim
712 5583 863 5652 celebrare,
884 5601 946 5640 cum
966 5584 1013 5638 lile
1054 5585 1159 5651 dicens,
1171 5581 1324 5636 etiamnon
1337 5581 1485 5654 displicere
1498 5576 1572 5652 quod
1588 5577 1690 5652 agebat
1706 5572 1845 5640 simulav13
