3872 6162
261 338 315 404 931
780 325 812 394 s.
832 317 1032 392 1111111111
1051 315 1204 392 obiitne
1221 328 1397 395 emsnoo.
1815 293 1859 414 111

267 467 412 541 regantur,
429 473 514 524 tantae
533 475 628 524 tarnen
650 461 716 521 suni
735 463 885 526 lacoltntis,
911 466 942 515 ut
969 461 998 513 in
1022 441 1171 518 eisietrtnc
1186 462 1292 518 suntin
1309 465 1488 522 monasterio.
1502 463 1556 520 illis
1569 463 1651 522 estad
1666 469 1817 529 collationem
1830 479 1857 532 ed

263 557 357 613 'valeat
371 547 512 612 observari
532 557 600 611 ordo
616 551 763 626 regularis.
787 553 859 624 Ergo
875 551 930 610 isti,
947 549 994 622 qui
1012 555 1061 618 ptr
1103 547 1266 606 mandatum
1287 555 1341 620 (tlt
1365 561 1394 609 et
1418 553 1594 609 relectorium
1618 561 1741 628 superior,
1757 563 1780 616 in
1793 563 1858 621 choro

264 647 372 720 priores
384 653 530 718 reguntur,
548 651 694 717 postquam
708 635 781 715 apud
793 659 843 696 nos
862 638 979 712 professi
999 637 1060 692 sue·
1103 656 1223 711 quoque,
1244 637 1267 696 si
1293 649 1335 697 est
1349 643 1490 699 litteratus
1504 643 1577 712 <tta
1600 646 1642 702 sin
1656 657 1749 716 nutem,
1763 652 1805 720 eis,
1821 659 1856 725 qui
1919 647 1920 682 ⁷

264 727 332 802 rint,
353 742 382 790 et
398 726 438 789 illi
452 735 500 808 qui
521 733 593 788 sicut
608 733 712 788 dietum
727 737 778 792 est,
797 729 940 802 proprium
953 727 1061 781 habent
1102 723 1166 782 sunl
1179 729 1254 783 inter
1266 731 1384 786 novitios
1394 731 1545 786 illitterati.

265 817 405 890 abbatem,
426 841 471 878 uo.
505 831 568 877 cuin
597 821 723 893 primum
757 819 791 874 ad
816 829 868 872 nos
887 817 944 871 sire
977 831 1061 870 causa
1418 817 1583 876 CAPUTII,

265 906 421 975 charitatis,
437 910 495 966 sire
515 905 635 980 alicujus
655 908 760 980 negotii
775 907 913 969 venerint,
929 903 1062 959 fiduciali-
1164 901 1200 960 Dr
1217 901 1347 961 rnonoclm
1359 913 1409 978 qni
1421 909 1451 962 do
1466 913 1557 963 alieno
1572 916 1729 967 rnorroetrrio
1742 919 1812 968 rrnit.

265 1008 309 1055 ter
323 1007 352 1055 et
374 1000 479 1071 absque
498 1017 578 1053 mora
600 999 718 1062 intrent,
735 1003 763 1051 et
777 996 930 1050 secundum
949 1001 1061 1064 tempus
1139 991 1221 1060 “Qui
1237 995 1272 1050 de
1296 997 1466 1074 monasterio¹
1484 995 1576 1052 alieno
1596 1000 1773 1070 suscipiendus
1794 1008 1857 1068 venit

266 1107 321 1164 quo
340 1090 369 1144 in
387 1087 557 1144 monasterio
573 1088 679 1160 prelati
704 1089 770 1142 sunt
785 1085 900 1156 recepti,
917 1085 957 1137 sic
976 1081 1062 1137 etiam
1103 1081 1232 1138 similiter
1245 1077 1318 1140 iacta
1334 1085 1477 1158 petitione,
1494 1095 1641 1159 postquam
1660 1087 1832 1160 interrogatus,
1843 1095 1860 1148 si

267 1177 364 1234 ordine
377 1196 427 1233 suo
442 1195 496 1232 non
508 1176 653 1232 carebunt.
1103 1171 1304 1228 consuetudine
1318 1175 1425 1229 ordinis
1450 1175 1537 1229 nostri
1561 1183 1705 1232 contentus
1727 1197 1779 1233 esse
1796 1183 1859 1248 retii,

303 1259 500 1321 'Suntndhuc
514 1265 569 1320 aliu
584 1256 982 1334 monasteria(l'll).dequibus
993 1259 1062 1314 nilril
1104 1261 1265 1332 promiserit
1279 1280 1309 1317 se
1332 1280 1383 1334 per
1399 1263 1493 1320 omnia
1511 1281 1600 1336 usque
1625 1267 1654 1320 in
1672 1275 1788 1332 mortem,
1801 1277 1863 1340 prout

267 1353 387 1430 amplius
407 1349 442 1410 ad
470 1373 521 1411 nos
544 1357 674 1427 pertinet.
697 1353 749 1408 nisi
771 1353 844 1423 quod
865 1370 914 1423 per
933 1349 1061 1404 abbatem
1104 1349 1178 1404 Deus
1191 1347 1230 1404 illi
1250 1353 1323 1406 vires
1339 1353 1448 1406 dederit
1471 1351 1660 1408 obediturum.
1675 1355 1863 1411 Tonocomessu

266 1445 370 1500 ‘nostrie
384 1445 618 1516 congregationis.
632 1453 660 1498 et
678 1441 774 1496 domni
798 1439 906 1496 altbntis
930 1439 1064 1494 constitu·
1106 1433 1130 1492 ei
1146 1439 1263 1493 fratrum
1281 1443 1599 1496 commanentiosedeat
1615 1441 1660 1497 ubi
1670 1443 1775 1513 jubetur
1787 1464 1862 1500 seron·

265 1533 343 1589 'tione
355 1533 610 1605 reguntur.Horum
623 1531 824 1586 monachicum
836 1529 869 1583 ed
883 1528 1064 1595 nosveniunt‚
1106 1521 1172 1582 dom
1189 1529 1261 1600 quod
1276 1529 1396 1584 domnus
1410 1530 1495 1584 abbas
1515 1531 1633 1586 voluerit
1649 1539 1677 1586 et
1690 1533 1779 1586 viderit
1794 1551 1865 1604 perso

264 1623 296 1677 iu
309 1613 435 1678 cboroet
451 1621 553 1694 ubique
568 1625 596 1676 in
610 1620 733 1676 claustro
746 1617 826 1674 nobis
845 1619 997 1676 sociantur.
1009 1617 1062 1671 nisi
1105 1616 1346 1673 namlloeautem
1361 1619 1561 1689 providendum
1574 1621 1754 1676 estutintam
1764 1623 1865 1677 mediocri

266 1711 297 1766 iu
311 1713 441 1784 capitulo·
456 1713 528 1767 Illuc
540 1711 616 1766 enim
636 1727 692 1764 uon
713 1707 918 1780 ingrediuntur,
931 1706 983 1760 nisi
999 1723 1061 1759 curn
1104 1705 1165 1759 loeo
1179 1707 1276 1760 sedere
1285 1705 1504 1778 jubeatur,quod
1520 1717 1582 1779 post
1590 1711 1691 1764 iactam
1704 1711 1865 1780 professionem

266 1799 357 1863 irenis,
369 1802 411 1854 vel
421 1800 479 1872 ¹ipsi
495 1794 536 1854 rel
556 1797 642 1854 abbas
661 1815 757 1852 eorum
778 1803 981 1868 promereann.
1003 1795 1063 1859 Quo
1074 1791 1139 1867 Bab
1155 1790 1254 1850 ultimo
1267 1797 1295 1849 in
1309 1797 1430 1866 priorem
1442 1794 1533 1851 locum
1547 1799 1629 1869 (quod
1636 1801 1866 1853 consuetudinaliter

267 1887 360 1944 aulem
373 1885 470 1943 ordine
480 1887 532 1942 lroc
541 1887 810 1960 agaturinropitnlo
819 1885 945 1956 ejusdem
954 1883 1063 1938 abbatis
1105 1883 1163 1936 lieri
1179 1881 1271 1940 debet)
1291 1893 1445 1950 revocatus,
1463 1892 1598 1958 tempore.
1616 1903 1670 1958 quo
1687 1887 1788 1941 'dormo
1797 1887 1866 1941 abbati

266 1979 429 2051 requiratur
439 1979 497 2048 (lib.
510 1992 539 2040 n,
557 1995 581 2032 c.
596 1977 632 2038 ‘lt
650 1969 759 2046 Reliqui
775 1991 873 2028 omnes
897 1973 931 2026 ad
951 1989 1064 2026 conrer·
1104 1973 1249 2044 placuerit,
1266 1973 1358 2027 adhuc
1373 1973 1457 2029 altius
1466 1977 1623 2046 promoveri
1640 1977 1733 2048 possit,
1745 1977 1766 2030 si
1779 1977 1866 2029 merite

265 2069 373 2122 sionem
389 2066 532 2120 venientes
559 2081 615 2119 non
643 2065 847 2135 permittuntur
870 2062 987 2122 intrare,
1009 2061 1062 2114 nisi
1104 2078 1166 2116 rum
1182 2058 1257 2116 illius
1271 2061 1394 2133 dignitas
1415 2059 1469 2117 lmc
1493 2065 1630 2136 exegerit.
1651 2065 1726 2129 Quod
1741 2065 1762 2119 si
1775 2064 1866 2119 domnus

265 2155 344 2228 prius
355 2156 436 2225 juxta
450 2151 564 2208 verbum
580 2153 609 2208 S.
629 2151 781 2214 Benedicti,
797 2149 838 2203 rel
855 2167 939 2204 unam
952 2154 1061 2203 nortem
1104 2151 1189 2206 abbas
1202 2151 1231 2205 in
1247 2151 1416 2205 monasterio
1437 2169 1492 2206 non
1516 2153 1611 2220 fuerit,
1629 2153 1704 2225 prior
1725 2171 1868 2225 nequaquan

264 2248 343 2298 extra
362 2243 516 2298 claustrum
532 2248 692 2308 morentur3
712 2257 747 2296 oo
780 2238 889 2310 pedites
905 2239 1017 2309 quidem
1033 2237 1062 2291 in
1103 2239 1179 2296 hunc
1191 2240 1251 2295 sinc
1263 2240 1379 2295 licentio
1396 2241 1483 2312 ipsios
1500 2242 1528 2296 in
1544 2239 1697 2298 claustrum
1709 2243 1818 2314 suscipit,
1830 2241 1868 2296 nisi

264 2321 505 2404 Eleemosynaria,
522 2330 576 2386 nisi
598 2331 655 2384 sint
679 2329 817 2388 monachi,
833 2329 873 2382 rel
889 2327 1062 2381 honestiores
1105 2328 1175 2384 adeo
1191 2335 1315 2383 remotus
1330 2330 1375 2384 sit.
1389 2331 1462 2400 quod
1479 2348 1528 2402 per
1543 2332 1675 2386 nuntium
1691 2331 1719 2386 in
1731 2332 1812 2386 triduo
1820 2347 1869 2383 con-

264 2421 375 2488 'clerici3
392 2420 499 2491 equites
521 2420 549 2474 in
571 2417 752 2473 monasterio.
778 2417 831 2480 Qui
849 2417 933 2470 etiam
949 2416 977 2469 in
995 2417 1064 2468 horn
1105 2417 1193 2472 veniri
1211 2435 1267 2472 non
1281 2419 1380 2489 possit.
1399 2419 1487 2484 Tunc,
1504 2419 1633 2492 inquam,
1661 2421 1714 2475 nisi
1734 2437 1790 2474 eum
1810 2419 1872 2472 citius

267 2509 499 2582 receptiontssue
509 2509 565 2562 sive
579 2507 606 2561 in
617 2506 847 2578 eleemosynaria,
860 2507 915 2558 sire
929 2505 957 2559 in
973 2503 1064 2574 hospi-
1104 2512 1254 2561 venturum
1270 2507 1484 2578 noveritpotest
1494 2505 1659 2579 hujusmodi
1670 2509 1807 2580 suscipere,
1822 2507 1873 2562 etin

266 2595 317 2654 isli
332 2604 486 2661 morentur,
503 2597 538 2651 ab
553 2597 674 2652 Ostiario
689 2595 754 2650 inde
769 2594 961 2665 incapitalem
974 2593 1062 2646 dedu·
1105 2595 1235 2648 omnibns
1245 2595 1472 2651 locisconrentui
1483 2598 1619 2652 adunare.
1640 2597 1732 2652 Solum
1746 2595 1871 2666 capitulum

265 2695 369 2744 cuntur
382 2683 1061 2755 Sruutemsumvenerint,aliquasinmooasterio
1104 2681 1210 2754 absque
1231 2683 1367 2754 permissu
1390 2685 1484 2738 domni
1501 2685 1611 2740 abbatis
1640 2703 1694 2742 nou
1713 2683 1821 2740 habeto.
1834 2700 1871 2737 nec

266 2796 312 2833 res
324 2773 480 2840 attulerint,
493 2776 601 2830 iaciant
615 2774 767 2830 secundum
784 2772 909 2843 regulam
926 2773 954 2826 S.
973 2769 1062 2825 Bene·
1106 2772 1207 2825 saitem
1226 2789 1275 2843 pro
1285 2773 1423 2844 petitione
1437 2773 1563 2828 iacienda
1578 2775 1699 2830 intrabit
1727 2773 1771 2829 sed
1790 2773 1819 2826 ad
1838 2771 1874 2825 ali·

267 2854 334 2922 dicti
353 2857 533 2920 donationem
560 2859 1063 2929 11111111(11’11.11,ο.3111’01111111
1099 2859 1189 2930 'quarn
1200 2859 1300 2916 bomin
1318 2861 1345 2916 in
1362 2863 1507 2918 ecclesiam
1522 2864 1645 2932 ducitur,
1660 2863 1751 2937 ibique
1764 2859 1874 2936 perordi-

262 2947 332 3030 ipsae
347 2953 502 3010 oblationes
514 2957 698 3006 assumuntur
711 2951 745 3004 ab
761 2949 803 3012 iiS,
816 2949 850 3003 ad
866 2965 985 3020 quorum
1000 2947 1063 3003 obe·
1104 2949 1148 3002 nis
1161 2955 1298 3005 rectorem
1314 2952 1461 3006 concentui
1478 2953 1610 3008 sociatur.

265 3043 399 3100 ilien'tia'm
414 3041 562 3114 pertinent.
580 3041 620 3095 dd
634 3055 752 3113 quorum
764 3045 857 3093 autem
874 3037 1076 3092 obedientiam.
1143 3034 1278 3102 Postensi
1295 3049 1421 3111 opusest.
1431 3047 1611 3096 morenostro
1623 3041 1731 3096 raditur
1741 3039 1875 3096 etrestitur.

261 3134 468 3208 'pertineantin
478 3131 600 3202 capitulo
611 3127 757 3183 camerarii
769 3127 1061 3196 irrrenitur.<uo.t'or.)
1086 3119 1088 3124 ’
1107 3127 1134 3180 Si
1149 3117 1393 3198 restinrenta'ejus
1414 3142 1468 3182 non
1493 3137 1557 3184 sunt
1572 3145 1653 3185 more
1665 3135 1757 3184 nostro
1772 3130 1874 3190 formae,

263 3215 347 3278 Prius
357 3226 452 3276 eutem
464 3233 548 3291 quam
559 3215 908 3287 intraverintinhospitum
920 3215 1062 3270 auditorio
1102 3222 1132 3270 et
1146 3215 1175 3269 in
1191 3221 1301 3270 tontum
1315 3217 1380 3272 vilia
1397 3221 1425 3271 et
1441 3233 1540 3289 pauca,
1555 3225 1588 3272 ut
1606 3219 1683 3274 inter
1701 3220 1795 3273 lintres
1808 3218 1832 3271 in
1842 3217 1875 3269 his

265 3311 300 3367 ab
315 3312 411 3368 eodem
428 3308 550 3365 ostiario
564 3307 720 3362 instruendi
735 3312 811 3367 sunt,
824 3303 1061 3376 quemadmodum
1103 3310 1296 3375 competenter
1310 3307 1467 3360 conversari
1480 3323 1536 3361 non
1553 3309 1652 3378 possit,
1666 3307 1831 3378 regutariaet
1842 3321 1876 3360 ne

262 3395 368 3456 lactent
381 3398 548 3470 ¹petitionem
561 3405 640 3452 soom
666 3396 794 3450 Primum
809 3401 841 3448 ut
851 3394 940 3447 sciant
950 3394 1059 3447 veniam
1102 3394 1226 3448 cessitati
1240 3393 1408 3450 sufficientia
1422 3396 1447 3450 ei
1458 3395 1570 3456 dantur,
1587 3397 1617 3450 in
1635 3398 1735 3469 quibus
1750 3403 1776 3451 et
1789 3401 1875 3468 posteo.

264 3494 360 3564 petere
387 3498 465 3541 more
492 3492 598 3548 nostro,
619 3487 654 3540 'ut
671 3484 805 3556 prostrati
822 3489 849 3537 et
865 3482 1060 3554 interrogatio
1103 3480 1126 3535 si
1152 3488 1276 3551 perstare
1301 3483 1432 3550 noluerit,
1448 3493 1514 3538 ante
1534 3484 1735 3556 professionem
1754 3485 1875 3540 abimum

167 3561 172 3572 ’
259 3577 441 3651 praesidente,
458 3575 523 3646 quid
541 3571 644 3629 velint?
659 3573 762 3644 singuli
775 3573 965 3626 discumbens
981 3575 1061 3624 111111-
1100 3570 1274 3640 prohibetur.

262 3667 428 3734 'ri'cordr'ttnu
443 3677 467 3718 ct
477 3664 933 3730 custronr,r·r.rtr·omqncsociotatem
944 3661 1062 3714 ‘n'oenor
1138 3659 1268 3722 Quandiu
1284 3659 1406 3731 capitulo
1421 3667 1506 3716 caret.
1521 3661 1549 3715 in
1561 3663 1635 3717 cella
1649 3664 1808 3718 novitiorum
1820 3661 1876 3712 inte-

264 3755 514 3816 mpore-volumus,
536 3753 579 3807 vel
601 3752 624 3806 si
650 3763 724 3805 unus
739 3754 804 3803 est:
825 3749 910 3809 dieat,
941 3749 1010 3802 Volo.
1027 3744 1063 3802 Et
1101 3746 1155 3797 rim
1172 3753 1308 3810 moratur,
1322 3747 1409 3802 doner
1431 3750 1583 3820 capitulum
1608 3749 1775 3805 nutritorio
1797 3746 1874 3818 prinis

259 3849 411 3916 postquam
425 3843 472 3896 ille
486 3840 676 3913 responderit:
686 3841 757 3893 ’111111
770 3839 813 3891 det
825 3840 896 3891 robis
908 3840 1061 3890 societatem
1100 3849 1154 3905 per
1165 3835 1274 3906 aliquot
1287 3837 1346 3891 dies
1361 3845 1426 3908 post
1439 3839 1606 3892 oblationem
1618 3841 1721 3912 prioris
1736 3839 1818 3893 misse
1830 3849 1877 3888 cun

263 3931 387 4001 1111111111
398 3944 523 3988 siconem.
541 3929 710 3999 ‘surgentes
722 3927 835 3980 veniant
847 3925 881 3979 ad
896 3925 1060 3997 pedesejus.
1102 3923 1215 3977 lieentia
1230 3925 1257 3978 'rn
1274 3925 1401 3980 eamdem
1418 3927 1515 3981 celiam
1532 3943 1582 3999 pro
1593 3928 1775 3983 instructione
1783 3925 1876 3978 cadite

260 4021 315 4076 nisi
332 4022 389 4075 sint
406 4019 555 4084 nronechi;
572 4018 642 4071 olias
666 4027 685 4070 a
707 4011 811 4070 domno
826 4015 937 4080 otrbate,
953 4015 996 4068 rel
1009 4029 1062 4086 pro
1101 4011 1655 4074 111111111ῃὶ11111111111111111111111111.
1672 4017 1815 4088 Postquam
1828 4027 1878 4064 rere

247 4109 427 4164 ‘teneuram
442 4108 487 4162 rel
509 4107 560 4160 loci
577 4105 782 4175 longinquitate
799 4104 880 4170 (sicut
894 4103 1060 4174 praertictum
1103 4101 1209 4173 aliquid
1224 4103 1377 4158 instructus
1392 4105 1601 4160 tueritnonnisi
1613 4107 1714 4160 eadem
1729 4105 1807 4159 missu
1817 4101 1878 4154 111111

257 4205 313 4256 'esti
329 4197 493 4261 consecrati,
515 4195 561 4266 qui
582 4191 681 4248 ‘abbati
707 4193 769 4258 seii,
790 4193 813 4246 si
827 4193 916 4256 adest,
931 4203 1061 4246 reveren·
1100 4191 1137 4245 acl
1154 4191 1281 4246 eamdem
1298 4193 1420 4246 scholam
1434 4193 1594 4248 renitscum
1610 4199 1707 4250 autem
1725 4185 1880 4248 1111111111-

260 4283 330 4342 111111
345 4288 418 4341 hanc
430 4290 497 4340 sunt
512 4282 672 4341 exhibituri.
688 4281 721 4337 'et
734 4283 767 4337 ut
782 4281 926 4353 paululum
939 4289 1060 4336 retroce·
1100 4279 1151 4334 bas
1175 4279 1290 4334 conum
1306 4293 1433 4335 reversos
1447 4297 1497 4350 per
1506 4281 1628 4352 priorem
1643 4283 1679 4336 de
1692 4283 1784 4336 eodem
1800 4279 1878 4336 tratre,

258 4374 369 4434 'dentes
381 4371 501 4429 honeste
514 4385 547 4427 'se
570 4371 714 4438 inclinent,
736 4377 764 4426 et
783 4371 823 4425 sic
842 4371 876 4424 ad
897 4370 1056 4440 analogium
1102 4383 1163 4439 111111
1184 4375 1249 4422 acta
1264 4375 1341 4430 sunt,
1358 4369 1518 4440 cognoverit
1542 4369 1577 4423 ad
1591 4372 1717 4441 primum
1732 4367 1878 4441 capitutum,

257 4471 291 4520 se
304 4465 454 4536 recipiant.
470 4463 542 4527 'Quae
553 4461 742 4516 inclinationis
750 4461 795 4514 'les
809 4461 860 4524 ite,
876 4459 968 4513 111111
982 4459 1058 4512 dicta
1067 4434 1093 4493 Β
1102 4460 1145 4512 cui
1155 4458 1213 4528 ipse
1221 4457 1390 4512 intereritei
1400 4459 1435 4512 ad
1444 4475 1476 4512 se
1489 4463 1584 4513 rosato
1591 4461 1682 4514 solite
1691 4459 1881 4530 petitiooepra

262 4551 456 4614 comunibus
469 4563 635 4621 quacunque
649 4549 779 4603 decanea
795 4549 831 4602 ad
845 4547 928 4619 pedes
941 4548 1058 4602 venien·
1098 4546 1196 4612 misse,
1215 4547 1266 4600 troo
1287 4547 1423 4601 concedit.
1440 4547 1588 4602 sitantum
1604 4553 1691 4603 antea
1709 4563 1758 4619 per
1768 4543 1880 4600 1111111111

258 4635 337 4698 tibus
352 4639 525 4696 observanda
536 4643 591 4692 est.
1097 4635 1140 4688 illi
1153 4635 1208 4689 boc
1217 4651 1273 4689 non
1289 4636 1435 4690 concessit.
1450 4635 1546 4690 Potest
1559 4637 1653 4692 etboc
1666 4637 1805 4692 interdurn
1820 4630 1879 4688 neri.

294 4739 355 4796 tun.
375 4727 452 4798 Ver.)
466 4725 495 4782 Si
510 4725 571 4798 quis
584 4730 671 4789 estut
682 4727 815 4797 praetatus
825 4737 898 4780 snm.
914 4725 949 4780 de
964 4725 1060 4796 aliqua
1097 4730 1133 4779 nt
1145 4713 1655 4796 1111111111111111111111111111111
1669 4726 1765 4797 recipi,
1782 4731 1808 4777 et
1821 4721 1884 4774 don-

259 4817 454 4880 eerranostra,
470 4813 605 4868 1111111111
614 4813 776 4884 incapitulo
785 4813 947 4867 sedentibus
960 4813 1059 4867 inrita·
1095 4829 1154 4867 nus
1177 4811 1264 4867 abbas
1289 4813 1318 4866 in
1342 4813 1512 4867 monasterio
1535 4813 1648 4883 quidem
1664 4817 1785 4872 inanest,
1799 4809 1842 4863 sod
1856 4806 1884 4859 ed

258 4901 318 4970 tur,
331 4906 372 4967 tt,
384 4905 420 4958 m
430 4899 539 4957 dictum
558 4907 614 4956 est.
633 4901 709 4955 tacte
735 4901 881 4972 petitione,
898 4900 1014 4971 jubetur
1025 4906 1059 4955 ut
1096 4901 1253 4972 capitutum
1264 4914 1361 4956 rernra
1372 4917 1427 4956 non
1437 4901 1620 4956 1111111111
1635 4903 1725 4974 ipsius
1735 4903 1810 4972 iussu
1821 4895 1884 4968 prior

258 4991 380 5050 ’11111111
391 4991 491 5047 sedeat
502 4991 578 5045 inter
595 4990 710 5046 tratres.
726 4989 774 5060 qui
793 4989 917 5043 nondum
932 4990 1060 5044 iecerunt
1096 5005 1164 5045 eum
1188 4989 1297 5062 rco'plt,
1315 4990 1387 5045 etsi
1413 4991 1568 5045 monachus
1588 4997 1636 5045 est
1654 4993 1692 5046 net
1710 5001 1827 5062 presens
1839 4983 1882 5036 sibi

258 5083 474 5158 professionem.
496 5081 526 5137 Si
548 5079 645 5134 neritii
664 5079 751 5150 aliqui
762 5092 820 5134 non
833 5081 987 5134 consecrati
1000 5077 1057 5148 tw)
1097 5079 1191 5134 locum
1209 5079 1343 5134 concedit.
1357 5077 1421 5134 Sive
1435 5087 1530 5134 mrtem
1540 5079 1605 5145 iste,
1618 5079 1676 5134 sive
1690 5079 1748 5139 ille,
1763 5077 1805 5130 cui
1818 5075 1883 5127 donr-

298 5245 350 5316 11111
363 5242 551 5316 Oengmgetlo
563 5240 783 5312 ilirseugiensts,
799 5241 835 5294 de
850 5257 906 5312 quo
917 5241 946 5294 in
961 5240 1059 5311 praeia-
1096 5254 1132 5295 11
1146 5240 1295 5310 Evangelio
1305 5241 1472 5296 umam
1487 5254 1591 5294 ueram
1604 5241 1738 5298 11111111,
1751 5243 1805 5290 etc.

256 5319 337 5375 liene
351 5317 461 5388 egilum
1137 5311 1189 5380 122)
1208 5311 1352 5366 bistinctie
1373 5311 1447 5366 lacta
1465 5312 1539 5366 iuter
1553 5311 1707 5366 monachos
1723 5309 1770 5380 qui
1788 5307 1884 5360 litteras

296 5389 355 5458 110)
379 5389 541 5444 rumerari
561 5389 585 5439 et
601 5383 721 5438 benedici
734 5383 900 5437 dicebantur
914 5386 1014 5436 novitii
1028 5383 1057 5437 in
1099 5384 1244 5440 moverant
1258 5388 1287 5436 et
1305 5382 1340 5436 ad
1359 5399 1454 5436 sacros
1468 5383 1580 5435 ordines
1594 5380 1766 5452 aspirabant,
1783 5386 1809 5431 et
1822 5377 1885 5428 iuter

260 5457 449 5524 monasteriis,
460 5473 523 5511 cum
533 5455 642 5526 expleto
652 5453 804 5509 novitiatus
816 5471 890 5509 anno
905 5461 968 5508 rota
979 5453 1057 5508 emit·
1099 5451 1251 5507 monachos
1279 5453 1326 5523 qui
1349 5451 1459 5507 litteras
1473 5453 1643 5514 nesciebant,
1660 5453 1708 5522 qui
1721 5465 1796 5520 saepe
1810 5445 1883 5499 etiam

252 5532 367 5588 'tebetit
560 5529 564 5534 “
1095 5525 1319 5580 idietoenourine
1330 5524 1456 5582 veniunt.

262 5667 264 5673 .
290 5594 660 5675 immistio
673 5595 1057 5668 ptflfflflanmitur
