3856 6176
228 287 281 344 479
725 283 757 337 Β.
778 282 985 339 Lfdil'RANGI
1004 283 1184 340 CANTUAR.
1204 285 1373 341 ARCHIEP.
1791 293 1836 352 tut

229 412 358 486 Hymnus
370 417 405 471 ad
415 416 511 470 laudes
523 412 629 469 Leuctris
641 423 695 463 ser.
707 406 794 462 Missa
807 408 981 463 matutinalis
994 409 1060 469 deA
1068 413 1171 480 quante
1180 409 1306 476 diacono,
1319 414 1347 463 et
1361 410 1451 482 posito
1467 411 1573 466 missali
1588 415 1669 483 super
1678 414 1756 471 altare
1768 417 1838 475 faciat

230 503 411 574 martyribus,
422 505 514 575 maj0r
522 502 557 556 de
567 503 664 554 saneta
675 511 766 562 cruce,
778 496 878 567 psalmi
888 498 923 552 ad
934 513 1029 569 vespe-
1069 501 1165 564 ΗΒ
1186 498 1343 553 orationem
1362 498 1527 570 suppliciter
1545 500 1706 568 inclinatus;
1723 503 1839 563 diaconus

228 606 275 646 ras
296 594 373 647 llicit
387 595 530 658 Dominus,
551 589 710 656 Confitetur,
727 587 824 640 Beatus
839 589 894 652 vir,
909 587 1028 642 madata
1069 601 1180 658 quoque
1200 592 1277 642 retro
1299 591 1362 659 post
1383 604 1447 642 euru
1469 589 1598 643 similiter
1618 589 1711 657 faciat;
1729 592 1841 665 factaque

227 683 319 750 pueri,
336 681 457 753 hymnus
475 682 578 736 Vem‘llo
592 680 674 746 reqia.
693 673 697 680 ’
1068 675 1196 730 oratione
1219 676 1313 746 signet
1330 693 1360 731 se
1384 676 1523 742 sacerdos,
1546 682 1575 731 et
1594 679 1728 734 osculetur
1748 687 1840 738 mutum

262 767 295 822 ln
309 768 483 824 Exaltatione
497 771 600 824 sanctae
615 763 706 820 erucis
721 764 814 819 simile
827 763 971 819 servitium
984 769 1029 819 est
1069 761 1221 833 Evangelii,
1238 779 1320 834 quem
1335 763 1522 818 subdiaconus
1540 781 1625 836 super
1639 766 1721 820 altare
1731 766 1842 838 ''positum

228 856 341 911 servitio
353 858 524 914 Inventionis
535 855 670 926 ejusdem,
681 853 735 908 nisi
745 853 818 924 quod
828 853 857 908 in
869 853 921 908 hac
932 859 1028 908 sanctu
1069 849 1172 906 habere
1188 851 1286 920 debet;
1303 851 1437 907 diaconus
1447 869 1558 924 quoqne
1571 853 1697 908 similiter
1708 855 1808 925 signans
1816 875 1841 914 se

227 959 295 1000 crux
310 946 453 1013 adoratur,
470 947 500 1001 in
513 946 561 1000 illa
576 944 692 999 minine.
706 944 739 997 ln
752 941 805 996 hae
818 941 914 1013 itaque
928 943 1028 997 solem-
1069 941 1154 994 faeiat
1167 946 1234 994 ante
1248 945 1277 995 et
1290 947 1374 1005 retro,
1392 947 1421 996 et
1435 941 1548 996 veniens
1568 941 1604 997 ad
1618 941 1752 996 sinistram
1764 961 1842 999 saeer-

228 1033 326 1100 nitate,
343 1035 419 1090 dicta
441 1035 545 1100 Tertia,
566 1037 710 1087 sternatur
721 1031 926 1102 presbyterium
948 1035 1028 1102 tape-
1068 1028 1141 1082 dotis
1155 1029 1298 1083 osculetur
1316 1046 1402 1084 cornu
1426 1031 1536 1098 altaris;
1552 1031 1653 1085 debinc
1666 1031 1761 1085 faciant
1772 1033 1843 1088 simul

227 1121 313 1190 tibae,
330 1139 418 1195 usque
440 1125 476 1178 ad
490 1123 583 1193 majus
597 1121 701 1186 altare3
724 1136 778 1191 quo
791 1120 863 1174 facto
880 1126 980 1175 exeant
993 1119 1027 1173 de
1068 1115 1280 1171 confessionem.
1294 1117 1356 1181 Qua
1366 1119 1447 1185 facta,
1459 1119 1618 1189 impositos
1631 1119 1844 1175 sacerdotetbure

227 1217 308 1282 parte
318 1212 492 1267 matutinalis
501 1211 599 1266 altaris
612 1210 667 1264 duo
679 1209 780 1263 fratres
791 1208 822 1263 in
836 1208 915 1274 albis,
926 1207 1028 1279 quibus
1069 1203 1259 1272 inthuribule,
1268 1205 1376 1260 tribuat
1384 1195 1517 1262 diaconus
1527 1207 1663 1262 sacerdoti
1670 1207 1841 1278 thuribulum;

228 1305 327 1356 cantor
345 1301 517 1372 praeceperit,
546 1303 691 1370 portantes
717 1313 829 1358 crucem
855 1302 1025 1368 coopertam,
1069 1295 1199 1348 sacerdos
1210 1294 1434 1350 ineensetaltare
1449 1301 1515 1351 ante
1528 1303 1557 1351 et
1571 1297 1698 1367 desuper,
1709 1297 1844 1368 reddatque

227 1386 316 1442 donee
340 1388 453 1442 veniant
472 1404 557 1459 super
578 1387 698 1457 gradum
722 1385 770 1456 qni
793 1389 858 1439 ante
882 1386 970 1440 altare
985 1391 1029 1440 est
1068 1381 1200 1450 diaeono;
1223 1383 1358 1439 diaconus
1377 1385 1635 1457 incensetutraque
1654 1387 1744 1441 altaris
1758 1386 1842 1453 latera,

227 1475 343 1546 propior
360 1476 414 1548 ipsi
432 1476 532 1543 altari;
553 1483 647 1530 turrea
662 1473 839 1546 portantibus
853 1473 1027 1546 discooperta
1069 1477 1097 1525 et
1118 1472 1206 1526 altare
1228 1473 1405 1541 matutinale,
1428 1479 1456 1529 et
1474 1474 1514 1528 sic
1531 1475 1633 1530 reddat
1646 1491 1778 1541 converso,
1794 1476 1843 1546 qui,

225 1578 319 1630 cruce,
331 1569 360 1618 et
373 1563 407 1618 ab
419 1564 524 1618 eisdem
540 1563 830 1634 incoeptahntiphona
843 1564 905 1617 Ecce
916 1567 1027 1632 tiquam
1069 1560 1195 1615 deferens
1218 1561 1248 1615 in
1269 1564 1395 1629 chorum,
1421 1564 1521 1617 offerat
1543 1565 1664 1635 primum
1691 1563 1799 1632 cantori,
1822 1571 1845 1618 at

226 1655 328 1717 erucis,
347 1669 444 1707 omnes
465 1653 580 1707 flectant
602 1668 705 1723 genua,
722 1668 755 1706 ac
768 1651 869 1706 deinde
884 1669 969 1723 super
981 1659 1026 1708 ta·
1068 1648 1135 1720 ipsis
1145 1649 1193 1720 qui
1204 1665 1266 1704 cum
1279 1667 1311 1704 eo
1321 1658 1399 1720 sunt;
1414 1651 1514 1706 dehinc
1529 1652 1558 1706 in
1573 1652 1671 1706 dextro
1681 1653 1759 1706 choro
1771 1651 1845 1704 omni·

224 1740 302 1811 petia
314 1742 448 1812 prostrati
461 1748 524 1797 toto
544 1759 659 1814 corpore
675 1741 793 1796 adorent
807 1759 880 1808 eam,
902 1748 930 1797 et
945 1759 1026 1797 oscu·
1034 1735 1119 1824 Rbus
1134 1755 1184 1809 per
1197 1738 1335 1805 ordinem,
1348 1745 1376 1794 et
1389 1739 1429 1794 sie
1443 1739 1473 1794 in
1488 1741 1611 1806 sinistro,
1624 1741 1723 1795 deinde
1732 1739 1844 1801 infirmis,

224 1826 321 1885 lentur
333 1831 420 1901 pedes
434 1831 567 1896 crucifixi,
591 1831 664 1885 sicut
683 1840 749 1885 sunt
772 1831 890 1901 priores.
907 1832 1027 1887 Cantata
1069 1825 1116 1896 qui
1142 1832 1220 1881 extra
1243 1828 1358 1900 chorum
1382 1835 1457 1883 sunt.
1483 1829 1544 1883 Duo
1571 1845 1637 1883 vero
1664 1828 1781 1883 conversi
1806 1827 1847 1897 qui

227 1916 383 1988 antiphona
396 1919 566 1989 supradicta,
590 1918 706 1989 incipiat
723 1923 821 1972 cantor
843 1919 1026 1990 antiphonam
1067 1920 1165 1970 tenent
1188 1915 1355 1970 candelabra
1378 1925 1444 1971 ante
1463 1916 1561 1984 altare,
1581 1934 1638 1972 non
1665 1917 1799 1972 dimittant
1819 1931 1848 1968 aa
1890 1917 1895 1924 “

229 2004 343 2059 Crucem
359 2009 607 2071 tuarnadoromus,
623 2023 707 2077 quam
722 2011 850 2077 repetant
865 2024 915 2076 per
928 2009 1026 2078 singu-
1068 2019 1213 2075 usquequo
1231 2005 1380 2060 inchoetur
1397 2007 1481 2075 Kyrie
1500 2009 1619 2071 eleisum
1648 2021 1702 2077 quo
1722 2004 1845 2070 inchoato,

227 2090 270 2147 los
281 2109 377 2148 versus
388 2096 486 2166 psalmi
499 2098 567 2150 Dens
578 2098 743 2150 misereatur
753 2095 960 2150 nostri.Deinde
970 2096 1026 2150 alia
1067 2091 1201 2163 depositis
1216 2093 1390 2148 candelabris
1403 2099 1580 2150 revertantur
1593 2095 1624 2149 in
1638 2095 1764 2150 chorum.

229 2195 291 2249 qua
319 2183 497 2250 conveniunt,
524 2184 548 2237 si
575 2200 644 2255 opus
671 2183 765 2239 fuerit.
782 2184 906 2239 adorata
933 2201 1024 2249 «eruce,
1103 2167 1145 2235 Ad
1159 2181 1341 2253 Errangelium
1351 2183 1417 2237 dum
1429 2183 1540 2238 canitur
1552 2183 1703 2249 offerenda,
1714 2183 1755 2236 vel
1764 2197 1847 2235 versus

227 2269 354 2339 praedicti
368 2271 423 2326 duo
437 2271 538 2326 fratres
549 2273 596 2343 qui
610 2288 672 2326 eam
685 2276 783 2327 tenent
793 2271 929 2342 incipiant
942 2273 1027 2327 simul
1067 2270 1224 2334 offerenda,
1241 2287 1390 2326 conversus
1400 2271 1499 2326 afferat
1512 2271 1686 2327 thuribulum
1696 2287 1757 2326 eum
1765 2285 1849 2324 acerra

227 2357 285 2414 alta
298 2373 364 2413 voce
377 2360 560 2431 antiphonam
575 2361 663 2430 Super
676 2365 787 2424 amatim
804 2367 832 2415 et
850 2362 1025 2417 flectentibus
1066 2359 1173 2413 cantori
1184 2358 1343 2430 quicunque
1352 2359 1399 2415 ille
1425 2359 1462 2414 sit
1472 2361 1520 2430 qui
1530 2360 1647 2415 chorum
1657 2365 1741 2426 tenet,
1752 2359 1774 2413 si
1785 2357 1849 2412 festi·

228 2445 358 2502 omnibus
377 2464 478 2518 genua,
494 2450 604 2521 fixaque
619 2467 700 2504 cruce
714 2450 743 2504 in
755 2449 816 2504 loro
830 2466 891 2517 suo,
908 2452 1026 2523 pulsatis
1067 2447 1136 2501 vitas
1158 2448 1194 2502 sit
1218 2447 1363 2503 duodecim
1384 2449 1545 2516 lectionum,
1561 2449 1604 2504 vel
1619 2449 1709 2504 festini
1728 2448 1784 2502 dies
1801 2446 1849 2500 sint

226 2533 314 2604 signis
328 2535 485 2593 celebretur
507 2539 603 2594 missa.
619 2540 661 2594 Ad
682 2539 829 2594 introitum
858 2543 889 2594 lu
912 2544 1026 2594 aeneiae
1065 2535 1153 2589 trium
1168 2535 1318 2590 lectionum
1333 2536 1408 2591 intra
1422 2537 1676 2609 octavassuperius
1694 2535 1845 2605 descriptas.

227 2623 341 2680 flamini
351 2641 508 2695 omaeqeau
518 2631 657 2699 flectatur5
673 2627 854 2699 Evangelium
865 2629 1027 2698 Nuaojudi-
1102 2625 1207 2678 Cantor
1220 2641 1286 2690 vero
1298 2641 1360 2680 cum
1375 2626 1477 2682 viderit
1496 2633 1607 2699 tempus
1624 2643 1695 2692 esse,
1718 2632 1800 2697 ponat
1812 2622 1849 2675 in-

226 2714 302 2767 uium
317 2719 355 2768 est
365 2717 474 2770 muudi.
1067 2727 1181 2768 censum
1195 2713 1225 2768 in
1234 2713 1388 2782 thuribulo,
1404 2720 1432 2770 et
1443 2716 1538 2771 mittat
1548 2716 1667 2771 diacono
1676 2715 1711 2769 ad
1723 2714 1815 2774 altare,
1827 2717 1851 2764 et

282 2802 381 2857 Sucrro
394 2804 430 2858 X.
443 2835 474 2844 -
487 2805 612 2874 Quinque
628 2806 970 2878 Dominicaprincipates.
1066 2801 1199 2857 diaconus
1217 2803 1324 2876 tribuat
1337 2805 1484 2868 sacerdoti,
1496 2805 1550 2860 nisi
1563 2804 1650 2860 abbas
1660 2804 1704 2858 vel
1718 2803 1850 2874 episcopus

263 2889 392 2961 Quinque
408 2891 467 2946 dies
479 2892 617 2947 Dominioi
629 2897 704 2952 sunt.
718 2894 766 2964 qui
777 2894 938 2949 communia
952 2910 1025 2965 quae-
1065 2890 1094 2943 in
1109 2891 1193 2946 choro
1207 2893 1255 2954 sit,
1266 2893 1308 2947 vel
1321 2892 1436 2948 missam
1449 2893 1586 2960 celebret;
1604 2893 1679 2964 quod
1694 2893 1718 2946 si
1730 2888 1850 2952 evenerit,

226 2977 292 3031 dam
314 2979 389 3034 inter
409 2997 440 3035 se
466 2980 572 3036 habent
598 2987 728 3053 separata
752 2999 769 3036 a
789 2983 896 3039 caeteris
925 2983 1024 3038 diebus
1064 2979 1100 3033 ad
1114 2979 1206 3050 ipsum
1221 2980 1551 3037 deferaturthuribulum
1566 2998 1631 3037 cum
1653 2993 1748 3037 acerra
1767 2978 1800 3032 ad
1815 2977 1852 3030 in-

224 3063 378 3123 Dominicis
396 3086 402 3122 :
427 3069 573 3124 Dominica
591 3071 718 3126 videlicet
734 3071 825 3142 prima
843 3071 878 3126 de
897 3038 1181 3127 Adventuctroitum
1196 3073 1225 3123 et
1239 3075 1305 3122 ante
1320 3069 1667 3140 Evangelium,adiacono
1681 3074 1710 3124 et
1721 3081 1849 3130 converso,

225 3151 347 3223 Domini,
370 3157 516 3212 Dominica
536 3159 627 3230 prima
642 3161 863 3230 septuagesima,
879 3161 1025 3215 Dominica
1065 3161 1129 3228 post
1144 3157 1325 3221 offerendam,
1341 3165 1485 3212 acantore
1500 3165 1529 3214 et
1543 3175 1689 3213 converso-

224 3242 318 3313 prima
332 3245 564 3318 quadragesimae,
587 3247 733 3302 Dominica
747 3249 776 3302 ia
795 3249 888 3303 medio
902 3249 1024 3320 quadra·
1101 3245 1182 3299 Circa
1192 3246 1276 3301 finem
1287 3246 1446 3301 missaecum
1455 3251 1620 3318 perventum
1629 3243 1852 3316 fueritadprioris

224 3331 347 3400 gesimae.
368 3334 513 3388 Dominica
532 3335 562 3389 ia
581 3336 694 3390 Palmis.
711 3337 744 3390 ln
761 3335 806 3391 his
821 3337 877 3391 dvro
892 3337 1023 3392 invitato-
1064 3333 1186 3389 collectae
1200 3337 1252 3388 Por
1266 3336 1416 3389 florninuna
1430 3341 1566 3396 nastrum.
1578 3335 1724 3407 deponant
1736 3335 1853 3389 duocoa·

225 3418 299 3475 mum
322 3427 424 3476 canant
447 3422 477 3476 in
505 3422 593 3490 albis;
622 3424 751 3478 sacerdos
777 3425 848 3479 lecto
873 3425 1022 3494 Evangelio
1063 3423 1136 3476 versi
1150 3423 1319 3478 candelabra
1332 3429 1398 3478 ante
1408 3425 1506 3490 altare,
1518 3429 1547 3478 et
1560 3424 1600 3478 sic
1614 3439 1726 3478 cumeo
1740 3422 1786 3494 qni
1798 3420 1853 3475 thu·

224 3513 324 3561 exutus
351 3509 381 3563 in
404 3511 534 3564 vestiario
552 3512 649 3566 casula
667 3519 696 3566 et
718 3512 798 3576 stola,
821 3519 978 3568 revertatur
992 3514 1021 3569 in
1063 3511 1184 3566 ribulum
1206 3517 1285 3566 tenet
1302 3517 1479 3567 revertantur
1502 3512 1532 3566 in
1552 3512 1727 3567 vestiarium.
1744 3508 1853 3580 Expleta

225 3595 340 3649 eborum
361 3596 390 3650 in
411 3597 572 3663 albiacum
593 3600 746 3670 manipulo,
763 3600 887 3656 exiturus
901 3602 1022 3672 incoepto
1063 3600 1150 3655 missa
1172 3606 1306 3672 sequatur
1331 3601 1461 3655 sacerdos
1485 3599 1689 3672 praecedentem
1714 3599 1852 3654 diaconum

224 3683 339 3754 hymno,
351 3691 379 3739 et
388 3686 510 3758 iaooepta
519 3687 671 3758 antiphona
681 3689 716 3743 ad
727 3691 884 3744 Benedictus
893 3689 1023 3745 similiter
1063 3686 1199 3742 ferentem
1214 3688 1335 3743 missale.

223 3772 253 3826 in
266 3771 329 3828 alba
341 3773 505 3840 intraturus,
519 3781 548 3832 et
561 3777 706 3831 incensum
717 3795 769 3848 per
782 3778 884 3833 muria
896 3783 1022 3850 portatu·
1099 3775 1129 3829 Si
1139 3775 1275 3830 festivitas
1285 3776 1372 3830 trium
1384 3775 1537 3831 lectionum
1549 3776 1661 3830 eveniat
1670 3776 1701 3829 in
1713 3773 1803 3843 aliqua
1813 3769 1853 3823 die

223 3875 282 3928 rus,
298 3863 398 3917 chorus
418 3863 453 3918 ab
472 3863 604 3919 hesterna
621 3865 666 3919 die
680 3865 763 3920 debet
777 3883 837 3920 esse
852 3871 977 3938 paratus,
993 3872 1021 3920 et
1062 3864 1217 3932 Dominica,
1228 3863 1272 3917 vel
1286 3865 1315 3918 in
1328 3863 1384 3918 alia
1394 3863 1546 3919 festivitate
1558 3864 1678 3935 alicujus
1688 3861 1785 3925 sancti,
1799 3875 1853 3929 qua

222 3964 274 4018 per
284 3950 400 4004 chorum
412 3951 514 4021 J'unous
533 3968 656 4023 sparsus.
673 3954 716 4007 lld
736 3960 871 4025 utrasque
892 3969 1021 4024 vesperas
1062 3952 1204 4023 propriam
1219 3952 1364 4006 historiam
1379 3953 1490 4017 babeat,
1506 3953 1559 4018 vel,
1576 3953 1600 4006 si
1615 3939 1759 4024 propriam
1773 3947 1852 4002 bisto-

223 4037 300 4092 etad
315 4037 412 4093 laudes
432 4040 488 4094 duo
510 4040 612 4095 tratres
636 4043 666 4096 in
689 4043 787 4097 froccis
810 4043 1021 4113 responsorium
1063 4039 1133 4094 riam
1148 4056 1205 4094 non
1220 4039 1314 4106 habet,
1330 4042 1360 4094 in
1387 4039 1457 4095 albis
1478 4045 1574 4094 tamen
1589 4041 1633 4094 vel
1651 4041 1681 4094 in
1705 4037 1798 4110 cappis
1815 4035 1852 4092 fir.

221 4131 333 4181 canant.
359 4125 471 4184 Tabulae
495 4129 634 4184 refectorii
657 4130 714 4185 sint
740 4135 886 4201 coopertae,
903 4131 1020 4185 honesta
1062 4131 1293 4184 commemoratio
1318 4129 1353 4184 de
1374 4129 1524 4184 festivitate
1539 4129 1627 4184 trium
1649 4129 1799 4183 lectionum
1812 4139 1854 4176 so·

222 4216 400 4286 manutergia
425 4217 483 4272 sint
504 4223 618 4272 extensa
646 4234 732 4289 super
753 4218 881 4285 tersoria,
906 4217 1020 4272 sicutin
1061 4219 1204 4273 lummodo
1219 4219 1269 4273 fiat
1288 4219 1323 4272 ad
1348 4219 1458 4289 priores
1469 4233 1599 4288 vesperas
1615 4217 1694 4272 etad
1710 4213 1855 4270 matutinas

222 4302 352 4358 omnibus
379 4305 576 4361 festivitatibus
599 4307 628 4361 in
656 4307 757 4377 quibus
780 4307 970 4362 invitatorium
991 4307 1020 4362 iu
1060 4307 1168 4372 laudes,
1180 4313 1208 4361 et
1222 4307 1308 4362 missa
1322 4307 1497 4362 matutinalis
1511 4306 1545 4360 de
1560 4322 1595 4360 ea
1610 4311 1740 4361 canatur.
1754 4303 1783 4358 Si
1797 4315 1854 4354 vero

221 4392 317 4463 cappis
340 4395 459 4449 canitur.
482 4395 551 4458 Quae
572 4397 759 4450 extendantur
788 4402 816 4450 et
841 4396 1018 4466 colligantur,
1061 4395 1180 4450 historia
1190 4397 1249 4465 jam
1264 4395 1320 4451 alia
1333 4396 1378 4449 die
1393 4395 1538 4450 Dominica
1551 4400 1666 4449 cantata
1681 4400 1735 4458 est,
1750 4395 1798 4446 aut
1812 4389 1856 4444 illa

222 4478 435 4552 sicutsuperius
450 4484 619 4538 dictumest.
1061 4483 1116 4538 alia
1135 4483 1272 4539 festivitas
1287 4483 1434 4538 duodecim
1457 4484 1610 4558 lectionum
1632 4483 1780 4538 historiam
1798 4493 1855 4550 pre

258 4567 357 4624 Sucrto
369 4571 417 4626 XI.
433 4599 467 4610 -
486 4575 652 4627 festivitates
670 4573 812 4626 duodecim
825 4575 983 4629 lectionum.
1061 4572 1151 4643 priam
1166 4589 1222 4626 non
1242 4572 1336 4638 habet,
1356 4588 1408 4627 nec
1433 4573 1462 4627 in
1484 4572 1555 4626 albis
1577 4573 1679 4626 necin
1700 4569 1795 4642 cappis
1813 4568 1852 4628 nt,

258 4656 291 4711 In
307 4658 437 4714 omnibus
466 4659 662 4716 festivitatibus
684 4661 832 4715 duodecim
858 4661 1019 4728 lectionum,
1061 4661 1216 4732 antiphona
1228 4661 1262 4715 de
1282 4661 1433 4716 festivitate
1456 4662 1491 4716 de
1510 4677 1566 4732 qua
1583 4666 1643 4716 tres
1659 4661 1794 4715 lectiones
1811 4657 1856 4709 fre-

222 4761 395 4818 quaecunque
417 4747 483 4816 sint,
506 4755 534 4804 et
555 4749 585 4803 in
609 4748 738 4803 omnibus
758 4749 856 4804 diebus
876 4751 923 4822 qui
943 4751 1018 4805 infra
1058 4755 1130 4812 rent,
1155 4750 1190 4803 ad
1212 4749 1319 4804 cantica
1340 4750 1549 4820 pronuntietur,
1574 4755 1603 4804 et
1623 4750 1758 4820 deinceps
1772 4751 1855 4800 totum

222 4839 333 4890 octavas
347 4843 422 4901 sunt,
439 4837 468 4893 ia
483 4838 584 4910 quibus
598 4839 627 4893 in
648 4839 770 4893 claustro
784 4855 839 4894 non
862 4840 1018 4911 loquuntur
1057 4837 1202 4892 servitium
1225 4853 1315 4908 usque
1338 4837 1377 4916 ad
1400 4838 1485 4891 tinem
1508 4837 1614 4891 ultimae
1632 4837 1757 4891 collecta¹
1780 4835 1813 4888 de
1827 4847 1857 4884 ea

220 4925 362 4994 monachi,
370 4926 497 4997 quamvis
507 4927 559 4998 ipsi
573 4926 633 4981 dies
642 4927 729 4980 trium
743 4928 894 4982 lectionum
909 4928 974 4993 sint,
989 4934 1017 4982 et
1059 4932 1168 4996 agatur.
1183 4926 1251 4980 Post
1269 4929 1462 4980 benedicemus
1484 4928 1600 4981 donatae
1624 4926 1678 4981 frat
1696 4937 1858 4980 commemo
1885 4921 1886 4924 ’

220 5012 251 5068 in
266 5015 396 5071 omnibus
410 5016 519 5088 vigiliis,
534 5018 563 5072 in
579 5017 679 5089 quibus
694 5016 785 5071 missae
799 5017 918 5088 pulsatis
931 5017 1019 5071 omni·
1042 5015 1131 5069 'ratio
1146 5013 1305 5069 festivitatis
1321 5014 1355 5069 de
1370 5031 1424 5086 qua
1440 5019 1502 5068 octo
1516 5015 1651 5070 lectiones
1669 5014 1789 5079 fuerint;
1804 5027 1858 5064 om-

220 5103 273 5159 bus
285 5104 372 5176 signis
389 5105 486 5161 festive
501 5113 632 5178 aguntur,
648 5113 677 5160 ct
694 5106 723 5160 in
740 5105 871 5160 omnibus
891 5105 1018 5160 Sabbatis
1058 5120 1108 5158 nes
1120 5119 1230 5174 quoque
1241 5104 1316 5157 horae
1326 5103 1360 5157 de
1371 5103 1421 5157 illa
1431 5103 1570 5168 dicantur,
1581 5119 1676 5157 sermo
1686 5103 1716 5157 in
1728 5099 1855 5172 capitulo,

217 5193 391 5264 jejuniorum
404 5195 719 5267 Quatuor'femporum,
729 5211 791 5248 eum
802 5194 1019 5250 cantorinehaa·
1059 5198 1087 5247 et
1101 5193 1192 5263 major
1206 5192 1306 5258 missa3
1322 5192 1496 5248 matutinalis
1512 5209 1576 5249 vero
1592 5193 1667 5248 unde
1687 5192 1785 5247 laudes
1799 5189 1856 5244 fue·

218 5283 290 5338 verit
302 5284 396 5340 Gloria
409 5287 490 5338 Petri
501 5285 536 5339 ad
548 5285 681 5349 officium,
699 5283 829 5338 sacerdos
842 5283 1017 5353 ingrediatur
1058 5287 1134 5336 runt.
1575 5349 1584 5358 Ι

220 5370 255 5424 ad
270 5372 359 5425 altare
377 5372 470 5427 ferens
482 5373 594 5428 missale
607 5372 736 5427 nranibus
751 5371 819 5437 suis,
837 5372 1018 5442 praecedenti·
1095 5369 1124 5424 Si
1145 5370 1281 5424 festivitas
1301 5369 1420 5440 alicujus
1442 5371 1542 5434 sancti,
1569 5370 1604 5424 de
1629 5385 1689 5440 qua
1711 5365 1855 5423 duodecim

219 5456 272 5512 bus
286 5459 376 5514 tribus
390 5461 530 5516 conversis
544 5477 607 5514 cum
622 5459 796 5514 candelabris
815 5465 843 5514 et
860 5460 1015 5524 thuribulo,
1058 5459 1191 5514 lectiones
1212 5461 1293 5525 flunt,
1313 5459 1422 5513 eveniet
1446 5459 1476 5512 in
1499 5459 1544 5513 die
1569 5459 1720 5513 Dominica
1746 5458 1780 5512 da
1804 5471 1856 5524 qua

220 5546 390 5604 subdiacono
404 5556 468 5621 post
489 5565 536 5604 eos
559 5565 623 5605 oum
642 5554 732 5617 textu,
751 5548 953 5606 subdiaconum
972 5566 1017 5605 se·
1057 5547 1173 5604 historia
1185 5549 1244 5618 jam
1254 5551 1367 5604 cantata
1377 5547 1422 5616 sit,
1435 5553 1484 5604 aut
1494 5547 1684 5618 subsequente
1700 5547 1747 5603 die
1764 5543 1855 5602 Domi·
