3896 6170
85 209 155 268 usa
682 187 1119 276 orsomnmsrsarausss.
1649 220 1720 284 tut

83 352 146 392 snm
166 340 203 392 ta
216 334 282 402 siat,
297 333 378 408 prius
388 339 486 392 mutan
500 351 585 408 quam
599 335 654 394 ille
666 335 830 410 conscriptae
842 338 956 406 inerim,
972 354 1037 396 cum
1050 339 1221 413 posteriores
1235 339 1296 396 istie
1318 355 1375 396 non
1393 339 1448 396 nisi
1462 341 1564 400 seculo
1578 357 1609 400 xr
1623 359 1641 400 a
1654 345 1722 402 lier-

83 424 100 463 n
156 407 354 464 oetUcalrico
368 413 489 462 exemia
502 407 568 475 sint,
580 408 615 464 de
630 408 731 482 quibus
745 409 830 481 paulo
843 409 961 466 interius
975 411 1110 466 dicemus.
1130 411 1192 476 Qua
1212 427 1278 466 uero
1298 412 1408 468 ratione
1426 411 1498 469 ritus
1511 430 1528 470 c
1542 415 1721 474 Cluuiacensi

84 479 265 561 monasterio,
280 483 309 534 et
322 493 374 550 per
387 495 457 562 quos
471 480 578 562 accepti
592 480 658 549 sint,
669 479 901 553 dccctprologus,
922 481 971 555 qui
985 497 1004 538 a
1019 482 1148 538 Guidone
1159 483 1307 556 monacho,
1328 483 1428 540 eodem
1448 484 1522 541 torte
1541 486 1589 560 qui
1606 487 1721 562 Hugoni

84 549 181 606 abbati
193 550 281 607 Farina
295 555 437 614 successit,
452 556 571 624 scriptus
585 551 647 608 fuit.
1166 582 1173 594 ·

401 811 882 998 uisurum
942 861 1407 1000 ulauuusls

485 1237 838 1335 uouusruau
876 1239 920 1335 s
959 1241 1130 1338 raum
1164 1241 1342 1340 uuum
1439 1201 1442 1208 ’

331 1419 387 1484 Ea
400 1438 454 1482 uu.
477 1417 630 1520 Vaticano,
645 1440 728 1484 uam.
744 1422 837 1500 6808,
853 1429 883 1484 et
896 1421 1102 1486 uetert'ccdr're
1117 1422 1228 1488 Sancti
1236 1424 1334 1490 Pauli
1344 1426 1377 1489 iu
1393 1425 1483 1490 Urbe.

724 1723 1104 1840 PROLOGUS.

124 1958 197 2016 Cum
212 1975 263 2031 per
274 1958 437 2016 universam
449 1957 561 2015 italiam
571 1958 676 2016 Christi
689 1961 830 2032 precepta
842 1959 1082 2031 tan-Aprusclarua
1096 1956 1210 2024 effulsit,
1233 1973 1284 2014 nec
1303 1973 1361 2014 nen
1375 1961 1403 2013 et
1416 1956 1445 2014 in
1459 1957 1644 2014 aediticatione
1657 1959 1729 2014 mul·

93 2048 269 2116 nutarentur,
284 2053 313 2104 et
325 2049 402 2104 velut
416 2047 446 2104 in
460 2048 578 2104 vastidio
590 2053 781 2116 versarentur,
796 2047 892 2104 diabo-
931 2055 1026 2103 torum
1040 2046 1276 2103 monasteriorum
1287 2064 1294 2100 ε
1305 2047 1391 2102 Pater
1401 2063 1467 2102 vero
1474 2047 1565 2119 liugn,
1576 2045 1731 2119 sequipeda

94 2135 153 2192 tice
175 2137 371 2209 suggestiones
392 2141 539 2210 ceperunt
561 2137 749 2210 augmentari,
765 2140 794 2191 et
807 2153 891 2208 opere
932 2136 993 2208 ejus
1008 2137 1123 2192 effectus
1136 2135 1166 2192 in
1181 2135 1270 2208 regali
1283 2135 1421 2203 coenobio,
1442 2135 1473 2191 in
1494 2140 1616 2203 tentum,
1641 2135 1730 2192 atad

94 2226 237 2298 compleri,
252 2227 293 2282 ita
302 2231 334 2282 ut
345 2225 467 2282 etiamin
479 2227 566 2282 sacris
580 2225 725 2282 constituti
734 2225 890 2294 ordinibus,
933 2225 1090 2282 Galliarum
1108 2225 1203 2282 studia
1222 2224 1424 2282 venerabilium
1439 2223 1598 2280 coencbium
1619 2221 1731 2281 Clunia·

94 2315 164 2371 sicut
178 2331 241 2371 mos
263 2315 399 2371 laicorum
420 2321 473 2385 est,
488 2332 590 2372 uxores
604 2314 773 2388 acciperent,
789 2319 818 2370 et
832 2314 893 2370 sinc
933 2314 1070 2382 censium,
1085 2314 1133 2370 ubi
1143 2314 1310 2371 venerabilis
1319 2315 1405 2370 Pater
1420 2313 1512 2382 Odilo,
1527 2313 1604 2370 velut
1616 2314 1734 2370 lucerne

94 2405 189 2476 aliqua
202 2403 369 2460 difficultate
380 2404 679 2461 heresimexercerent
692 2403 890 2460 simoniacam.
933 2403 1058 2470 radians,
1073 2403 1165 2461 adhuc
1178 2403 1277 2476 fulget,
1293 2404 1384 2459 multa
1406 2403 1441 2458 de
1454 2402 1570 2459 illorum
1580 2408 1732 2460 consuetu·

96 2492 223 2550 Ooelastis
238 2499 305 2549 tunc
318 2494 468 2550 clementia
481 2493 591 2550 fovente
600 2493 695 2566 Regis,
710 2492 893 2565 quiprctioso
934 2491 1010 2561 dine,
1031 2492 1067 2547 ad
1081 2492 1234 2548 utilitatem
1248 2492 1379 2560 fratrum,
1399 2492 1455 2548 illis
1479 2491 1646 2561 commissis,
1662 2493 1734 2550 etin
1794 2521 1800 2535 ·

95 2583 159 2638 olim
181 2583 321 2639 mnndum
342 2599 394 2640 suo
414 2583 535 2638 redemit
557 2599 664 2648 cruore,
686 2581 836 2638 suscitatus
851 2587 895 2637 est
934 2580 1006 2636 ovile
1016 2579 1121 2636 Christi
1134 2580 1295 2652 aggregatis
1309 2579 1523 2650 imposueritad
1541 2581 1662 2636 salutem
1674 2581 1734 2638 ani·

95 2671 210 2744 quidem
231 2671 331 2727 decora
353 2671 516 2745 splendidus
531 2670 704 2736 monachico,
720 2671 894 2726 Romualdus
934 2685 1055 2725 marum.
1071 2671 1110 2726 Ex
1123 2665 1225 2742 quibus
1240 2687 1313 2726 unus
1326 2671 1406 2726 valde
1419 2669 1582 2744 inspiratus.
1598 2676 1627 2726 et
1637 2687 1734 2728 accen·

93 2761 217 2829 nomine,
231 2760 281 2833 qui
295 2776 425 2816 normam
445 2759 671 2832 priscmjustitiae
686 2759 716 2815 in
732 2777 800 2816 sexu
814 2775 895 2814 reno·
935 2775 983 2814 sus
996 2758 1026 2814 in
1045 2757 1153 2815 fervore
1170 2760 1334 2826 monastico,
1351 2777 1384 2816 ex
1398 2758 1543 2832 discipulis
1566 2759 1663 2816 domm
1676 2759 1733 2816 Ro·

94 2849 167 2905 rsrit
180 2856 304 2922 utroque
325 2855 355 2906 et
377 2849 486 2906 ordine.
507 2849 595 2921 Cujus
618 2849 745 2922 exempla
766 2848 894 2904 imitatus
935 2846 1050 2915 mualdi,
1067 2850 1182 2904 nomine
1196 2849 1319 2904 loannes
1334 2847 1379 2918 tlt,
1391 2865 1455 2904 cum
1470 2864 1588 2906 unosuo
1602 2848 1679 2905 socio
1697 2849 1734 2906 ad

94 2937 263 2994 uenerabilis
276 2939 358 3011 Hugc
370 2938 467 3006 abbas,
478 2938 721 3010 renovavitprisca
732 2943 894 2994 sanctorum
935 2935 1086 2991 ridendum
1096 2941 1125 2992 et
1138 2935 1317 2992 scribendum
1331 2937 1492 3009 properauit
1500 2937 1575 3010 apud
1584 2937 1660 2994 idem
1670 2937 1735 2996 Glu-

93 3028 212 3085 Patrum
227 3027 378 3101 eximiique
391 3027 534 3084 Benedicti
555 3027 704 3084 clarissimi
718 3033 746 3083 et
761 3027 897 3084 luculenti
937 3024 1067 3080 niacense
1080 3024 1248 3092 coencbium,
1263 3030 1292 3082 et
1306 3025 1346 3081 its
1364 3026 1489 3082 exaravit
1500 3027 1530 3082 in
1541 3027 1692 3100 paginulis,
1702 3033 1736 3086 ut

94 3117 187 3174 Patris
203 3117 232 3172 in
244 3116 371 3173 coenobio
386 3115 474 3172 beatae
488 3117 583 3173 liariae
597 3133 710 3188 semper
729 3115 854 3188 Virginis
868 3115 897 3172 in
938 3114 1026 3170 oculis
1042 3114 1121 3182 vidit,
1139 3121 1169 3171 et
1182 3115 1213 3170 in
1227 3114 1368 3171 codicibus
1385 3115 1483 3183 eluxit,
1499 3115 1676 3188 posterisque
1693 3117 1735 3174 ls-

94 3207 166 3276 locc,
181 3206 233 3280 qui
247 3205 350 3262 dicitur
368 3205 532 3272 Acutianus,
549 3204 598 3262 ubi
612 3205 773 3262 destructus
783 3210 845 3260 crat
857 3204 899 3260 ni·
937 3202 1029 3274 genda
1047 3203 1227 3258 contradidit.
1250 3203 1377 3258 Domnus
1399 3219 1465 3260 vero
1479 3205 1561 3276 Hugo
1575 3205 1669 3271 Pater,
1684 3222 1737 3279 per

95 3295 148 3351 mis
154 3294 322 3351 omnisordo
332 3300 360 3350 et
369 3293 535 3368 compositio
549 3295 769 3350 monachorum:
784 3294 897 3350 illorum
909 3291 1034 3377 flamnia
1047 3291 1174 3348 imitator
1186 3292 1300 3349 illorum
1315 3293 1440 3360 effectus,
1461 3293 1520 3349 hac
1533 3298 1563 3349 st
1573 3295 1663 3350 multe
1679 3294 1736 3352 alia

94 3385 169 3440 ulnis
193 3383 342 3457 imponens
365 3399 448 3440 usum
463 3382 589 3439 cluniaci
610 3382 728 3439 ooenobii
750 3383 781 3438 in
806 3383 898 3439 Gallia
937 3381 967 3438 in
981 3397 1033 3438 suo
1046 3382 1135 3453 regali
1149 3386 1178 3437 et
1191 3381 1444 3454 antiquocoenobio
1457 3383 1577 3450 adrexit,
1588 3389 1620 3440 ut
1631 3383 1737 3442 abillo·

94 3469 236 3535 edificati,
252 3487 285 3526 ac
298 3475 453 3542 pertatem
467 3469 574 3539 orbem,
589 3475 690 3526 cuncta
709 3471 785 3526 ultra
799 3487 898 3526 mona·
938 3486 1002 3526 rum
1015 3488 1069 3526 usu
1089 3471 1119 3527 in
1138 3471 1217 3528 nullo
1240 3471 1421 3544 discreparet,
1447 3471 1563 3545 cupiens
1580 3473 1736 3547 adimplere

94 3560 193 3626 steria,
209 3559 335 3632 regulari
353 3557 467 3615 tramite
480 3559 613 3633 pollentis
627 3559 689 3632 ipso
701 3563 838 3632 tempore.
854 3561 899 3616 In·
939 3561 1014 3633 quod
1029 3558 1187 3617 indutibus
1203 3559 1395 3632 apostolorum
1416 3560 1520 3633 iegitur
1534 3575 1543 3620 t
1556 3581 1570 3618 c
1582 3562 1737 3622 timumdi·

93 3655 216 3707 maante
229 3647 344 3704 etenim
357 3647 440 3720 longe
451 3649 564 3721 lateque
577 3647 652 3704 sama
660 3646 798 3720 prelibati
808 3665 898 3704 coenc-
939 3648 984 3704 nis
1010 3647 1184 3705 credentium
1204 3654 1266 3704 erat
1279 3663 1328 3705 cor
1340 3654 1369 3704 et
1387 3649 1482 3706 anima
1496 3665 1554 3706 una
1568 3651 1634 3722 (lot.
1649 3650 1700 3722 iv).
1721 3670 1734 3706 r

95 3737 144 3806 bii,
167 3755 223 3795 nec
240 3753 298 3793 non
321 3740 351 3792 et
370 3736 567 3808 predictorum
596 3737 724 3803 Petrum,
748 3737 898 3794 Rotnueldi
939 3737 1030 3802 Quam
1041 3737 1282 3802 consuetudinem,
1295 3737 1392 3810 siquis
1404 3737 1609 3812 adimpleverit,
1624 3739 1654 3796 in
1667 3756 1737 3813 pra·

95 3827 203 3884 scilicet
224 3831 256 3884 et
273 3825 369 3882 domui
392 3825 519 3897 lingonis
536 3824 645 3882 abbatis
658 3825 853 3896 benignissimi
867 3825 898 3881 hi
937 3826 1011 3882 senti
1025 3826 1193 3882 exaltabitur
1208 3827 1273 3896 vita,
1291 3833 1321 3883 et
1333 3833 1397 3902 post
1408 3827 1483 3884 intra
1493 3843 1646 3903 perennem
1655 3829 1735 3888 leta·

96 3915 220 3990 denique
243 3914 354 3981 Patres,
376 3911 464 3968 nimio
487 3914 546 3970 zelo
566 3913 705 3969 terrentes
730 3917 759 3968 et
779 3913 897 3970 interae
937 3913 1015 3972 bitur
1027 3931 1170 3988 pascuam,
1184 3919 1236 3972 etc.

95 4003 313 4074 concordantes,
335 4002 457 4060 domnus
485 4001 659 4060 Romuuldus
686 4001 717 4058 in
743 4002 899 4060 theoretica

690 4155 812 4216 tinum
830 4155 991 4216 cnrmuu
1009 4155 1109 4218 LIBRI
1127 4154 1152 4218 1.

440 4270 542 4344 Incipit
551 4273 676 4346 pulchre
690 4291 757 4330 usar
771 4277 930 4332 monastica
948 4291 1061 4340 norme,

441 4362 567 4430 Qualiter
580 4363 628 4431 api
641 4362 733 4417 debeat
747 4361 841 4418 diebus
856 4368 912 4418 acto
926 4367 990 4418 aute
1004 4361 1120 4419 bomini
1127 4357 1316 4420 Nativitatem.

439 4445 605 4502 Adventante
618 4447 746 4510 Domino,
763 4447 854 4502 istiuas
868 4459 976 4502 seruare
990 4455 1134 4505 memento.

440 4533 598 4605 Stephanus
612 4536 687 4591 bauo
702 4538 791 4590 ritum
804 4539 904 4606 querit
921 4552 1030 4592 seruare
1044 4539 1197 4594 munaum.

441 4623 540 4678 Almus
554 4629 579 4679 et
593 4623 640 4679 bos
654 4639 743 4679 mores
753 4629 907 4694 prospectat
919 4626 954 4680 ab
967 4641 1030 4681 arce
1042 4627 1173 4682 Ioannes.

440 4711 581 4767 laudibus
595 4715 742 4782 infantam
756 4713 839 4782 bauo,
855 4715 968 4784 fratres,
979 4716 1091 4784 juupite
1105 4719 1205 4771 ritum.

441 4800 693 4870 Quidapidabeatsr'
702 4802 759 4856 dies
773 4803 937 4858 Damiutcar
943 4804 1097 4858 incurrerit
1104 4803 1184 4874 iufra
1194 4805 1248 4860 ista
1257 4805 1401 4862 caumata.

441 4889 511 4944 Item
524 4889 556 4945 rte
571 4891 631 4958 ipsa
644 4891 833 4955 crematione,
845 4893 944 4961 qaeptt
955 4893 1076 4961 priuatis
1084 4893 1189 4950 medus.

444 4977 557 5034 urucas
571 4977 705 5048 Stephani
718 4981 766 5042 sic,
780 4980 893 5049 fratrer,
909 4983 1015 5035 murrite
1028 4984 1128 5040 sancti.

440 5067 497 5123 lata
513 5067 693 5138 Tirecpbauie
706 5083 845 5124 curemus
859 5071 891 5124 ia
902 5069 999 5126 ordine
1013 5072 1084 5126 rite.

446 5155 551 5214 Taliter
565 5158 666 5212 octaris
677 5157 827 5226 peragitur
843 5157 1030 5228 Tbeopbaaia.

443 5245 550 5302 Paulas
562 5261 707 5301 creausus
716 5245 772 5301 sibi
786 5246 854 5302 tales
867 5248 953 5316 eatptt
962 5263 1039 5304 usas.

131 5385 178 5468 (i)
193 5385 248 5470 iiic
260 5384 314 5442 snb
327 5383 538 5472 religiosissimo
559 5383 659 5444 abbate
680 5387 784 5472 lpseph
808 5403 904 5472 moue·
943 5388 1065 5447 alterum
1083 5391 1232 5466 prologum
1244 5393 1400 5470 scripsisse,
1410 5396 1460 5473 qui
1474 5403 1569 5458 tamen
1583 5399 1620 5458 ad
1633 5415 1735 5462 manua

94 5463 193 5516 κιαι-ιο
205 5463 315 5514 incerto
328 5473 429 5514 amase
443 5457 555 5514 diuma
566 5458 662 5516 Retert
674 5465 760 5516 suam
778 5459 904 5517 tiabrllc-
943 5478 1021 5520 meas
1034 5479 1091 5522 non
1102 5463 1223 5526 deuenit.

93 5531 169 5590 nius
184 5529 289 5587 sunu.
304 5534 375 5585 tom.
394 5529 444 5599 iv,
465 5545 531 5604 png.
542 5527 607 5601 207,
623 5531 754 5590 camdem
764 5533 903 5592 loannem

228 5627 364 5695 Panaca.
389 5627 449 5695 un.
1584 5641 1626 5708 38
