<?xml version="1.0" encoding="UTF-8"?>
<!DOCTYPE html PUBLIC "-//W3C//DTD XHTML 1.0 Transitional//EN"
    "http://www.w3.org/TR/xhtml1/DTD/xhtml1-transitional.dtd">
<html xmlns="http://www.w3.org/1999/xhtml" xml:lang="en" lang="en">
 <head>
  <title>
</title>
<meta http-equiv="Content-Type" content="text/html;charset=utf-8" />
  <meta name='ocr-system' content='tesseract 3.04.00' />
  <meta name='ocr-capabilities' content='ocr_page ocr_carea ocr_par ocr_line ocrx_word'/>
</head>
<body>
  <div class='ocr_page' id='page_1' title='image "./patrologiaecurs92unkngoog/patrologiaecurs92unkngoog_0575.png"; bbox 0 0 3896 6170; ppageno 0'>
   <div class='ocr_carea' id='block_1_1' title="bbox 241 323 1829 388">
    <p class='ocr_par' dir='ltr' id='par_1_1' title="bbox 241 323 1829 388">
     <span class='ocr_line' id='line_1_1' title="bbox 241 323 1829 388; baseline 0.003 -6"><span class='ocrx_word' id='word_1_1' title='bbox 241 323 310 386; x_wconf 70' lang='lat' dir='ltr'><strong>llsse</strong></span> <span class='ocrx_word' id='word_1_2' title='bbox 754 329 784 388; x_wconf 73' lang='lat' dir='ltr'><strong>S.</strong></span> <span class='ocrx_word' id='word_1_3' title='bbox 796 328 996 386; x_wconf 64' lang='lat' dir='ltr'><strong>mntem</strong></span> <span class='ocrx_word' id='word_1_4' title='bbox 1013 329 1167 386; x_wconf 68' lang='lat' dir='ltr'><strong>metus</strong></span> <span class='ocrx_word' id='word_1_5' title='bbox 1185 326 1356 385; x_wconf 75' lang='lat' dir='ltr'><strong>erastus.</strong></span> <span class='ocrx_word' id='word_1_6' title='bbox 1773 327 1829 386; x_wconf 83' lang='lat' dir='ltr'><strong>llll</strong></span> 
     </span>
    </p>
   </div>
   <div class='ocr_carea' id='block_1_2' title="bbox 155 448 1873 5702">
    <p class='ocr_par' dir='ltr' id='par_1_2' title="bbox 155 448 1873 5702">
     <span class='ocr_line' id='line_1_2' title="bbox 239 448 1828 527; baseline 0.001 -23"><span class='ocrx_word' id='word_1_7' title='bbox 239 457 340 506; x_wconf 82' lang='lat' dir='ltr'><strong>rentes</strong></span> <span class='ocrx_word' id='word_1_8' title='bbox 354 450 435 506; x_wconf 78' lang='lat' dir='ltr'><strong>estin</strong></span> <span class='ocrx_word' id='word_1_9' title='bbox 451 451 609 519; x_wconf 81' lang='lat' dir='ltr'><strong>refectorio,</strong></span> <span class='ocrx_word' id='word_1_10' title='bbox 625 452 704 508; x_wconf 78' lang='lat' dir='ltr'><strong>celsi</strong></span> <span class='ocrx_word' id='word_1_11' title='bbox 721 457 766 508; x_wconf 87' lang='lat' dir='ltr'><strong>est</strong></span> <span class='ocrx_word' id='word_1_12' title='bbox 779 459 891 524; x_wconf 88' lang='lat' dir='ltr'><strong>tempus</strong></span> <span class='ocrx_word' id='word_1_13' title='bbox 905 469 961 526; x_wconf 89' lang='lat' dir='ltr'><strong>quo</strong></span> <span class='ocrx_word' id='word_1_14' title='bbox 972 455 1036 527; x_wconf 67' lang='lat' dir='ltr'><strong>dre·</strong></span> <span class='ocrx_word' id='word_1_15' title='bbox 1044 459 1067 516; x_wconf 86' lang='grc' dir='ltr'><strong>Α</strong></span> <span class='ocrx_word' id='word_1_16' title='bbox 1077 454 1197 508; x_wconf 87' lang='lat' dir='ltr'><strong>domnus</strong></span> <span class='ocrx_word' id='word_1_17' title='bbox 1222 452 1303 516; x_wconf 79' lang='lat' dir='ltr'><strong>abire,</strong></span> <span class='ocrx_word' id='word_1_18' title='bbox 1329 448 1478 506; x_wconf 85' lang='lat' dir='ltr'><strong>novissime</strong></span> <span class='ocrx_word' id='word_1_19' title='bbox 1498 449 1651 506; x_wconf 56' lang='lat' dir='ltr'><strong>dhaem.</strong></span> <span class='ocrx_word' id='word_1_20' title='bbox 1662 448 1758 520; x_wconf 62' lang='grc' dir='ltr'><strong>Μ</strong></span> <span class='ocrx_word' id='word_1_21' title='bbox 1768 469 1828 516; x_wconf 81' lang='lat' dir='ltr'><strong>sero,</strong></span> 
     </span>
     <span class='ocr_line' id='line_1_3' title="bbox 239 538 1830 615; baseline 0.001 -21"><span class='ocrx_word' id='word_1_22' title='bbox 239 547 298 594; x_wconf 84' lang='lat' dir='ltr'><strong>tres</strong></span> <span class='ocrx_word' id='word_1_23' title='bbox 308 541 341 594; x_wconf 90' lang='lat' dir='ltr'><strong>nd</strong></span> <span class='ocrx_word' id='word_1_24' title='bbox 353 540 500 595; x_wconf 83' lang='lat' dir='ltr'><strong>meridiem</strong></span> <span class='ocrx_word' id='word_1_25' title='bbox 509 541 632 596; x_wconf 87' lang='lat' dir='ltr'><strong>dormire</strong></span> <span class='ocrx_word' id='word_1_26' title='bbox 640 543 740 608; x_wconf 86' lang='lat' dir='ltr'><strong>solent,</strong></span> <span class='ocrx_word' id='word_1_27' title='bbox 748 543 1037 614; x_wconf 82' lang='lat' dir='ltr'><strong>denovitiis,aliisque</strong></span> <span class='ocrx_word' id='word_1_28' title='bbox 1079 545 1125 615; x_wconf 89' lang='lat' dir='ltr'><strong>qui</strong></span> <span class='ocrx_word' id='word_1_29' title='bbox 1141 543 1256 597; x_wconf 82' lang='lat' dir='ltr'>interim</span> <span class='ocrx_word' id='word_1_30' title='bbox 1275 541 1389 596; x_wconf 85' lang='lat' dir='ltr'><strong>stabant</strong></span> <span class='ocrx_word' id='word_1_31' title='bbox 1400 545 1480 594; x_wconf 86' lang='lat' dir='ltr'><strong>extre</strong></span> <span class='ocrx_word' id='word_1_32' title='bbox 1497 539 1638 594; x_wconf 86' lang='lat' dir='ltr'><strong>eeclesiam</strong></span> <span class='ocrx_word' id='word_1_33' title='bbox 1651 540 1676 594; x_wconf 88' lang='lat' dir='ltr'><strong>S.</strong></span> <span class='ocrx_word' id='word_1_34' title='bbox 1691 538 1781 604; x_wconf 80' lang='lat' dir='ltr'><strong>Maria,</strong></span> <span class='ocrx_word' id='word_1_35' title='bbox 1794 543 1830 596; x_wconf 86' lang='lat' dir='ltr'><strong>ie·</strong></span> 
     </span>
     <span class='ocr_line' id='line_1_4' title="bbox 236 629 1832 704; baseline 0.002 -22"><span class='ocrx_word' id='word_1_36' title='bbox 236 629 374 684; x_wconf 75' lang='lat' dir='ltr'><strong>tratribus</strong></span> <span class='ocrx_word' id='word_1_37' title='bbox 384 630 523 701; x_wconf 73' lang='lat' dir='ltr'><strong>aliquanti</strong></span> <span class='ocrx_word' id='word_1_38' title='bbox 533 631 681 686; x_wconf 82' lang='lat' dir='ltr'><strong>validiores</strong></span> <span class='ocrx_word' id='word_1_39' title='bbox 695 639 851 686; x_wconf 73' lang='lat' dir='ltr'><strong>remearent.</strong></span> <span class='ocrx_word' id='word_1_40' title='bbox 864 633 942 688; x_wconf 86' lang='lat' dir='ltr'><strong>Tunc</strong></span> <span class='ocrx_word' id='word_1_41' title='bbox 952 633 1036 688; x_wconf 60' lang='lat' dir='ltr'><strong>marn</strong></span> <span class='ocrx_word' id='word_1_42' title='bbox 1077 633 1247 704; x_wconf 77' lang='lat' dir='ltr'><strong>gradiuntur</strong></span> <span class='ocrx_word' id='word_1_43' title='bbox 1261 632 1399 696; x_wconf 87' lang='lat' dir='ltr'><strong>eamdem,</strong></span> <span class='ocrx_word' id='word_1_44' title='bbox 1421 646 1485 686; x_wconf 82' lang='lat' dir='ltr'><strong>mox</strong></span> <span class='ocrx_word' id='word_1_45' title='bbox 1505 633 1537 684; x_wconf 87' lang='lat' dir='ltr'><strong>ul</strong></span> <span class='ocrx_word' id='word_1_46' title='bbox 1556 635 1698 684; x_wconf 83' lang='lat' dir='ltr'><strong>conventus</strong></span> <span class='ocrx_word' id='word_1_47' title='bbox 1708 629 1798 693; x_wconf 79' lang='lat' dir='ltr'><strong>exierit,</strong></span> <span class='ocrx_word' id='word_1_48' title='bbox 1810 637 1832 685; x_wconf 85' lang='lat' dir='ltr'><strong>el</strong></span> 
     </span>
     <span class='ocr_line' id='line_1_5' title="bbox 155 719 1833 792; baseline 0.001 -20"><span class='ocrx_word' id='word_1_49' title='bbox 155 731 158 740; x_wconf 89' lang='grc'><strong><em>·</em></strong></span> <span class='ocrx_word' id='word_1_50' title='bbox 240 724 367 790; x_wconf 86' lang='lat' dir='ltr'><strong>tempore</strong></span> <span class='ocrx_word' id='word_1_51' title='bbox 376 719 485 774; x_wconf 82' lang='lat' dir='ltr'><strong>statuto</strong></span> <span class='ocrx_word' id='word_1_52' title='bbox 499 721 609 776; x_wconf 75' lang='lat' dir='ltr'><strong>usitma</strong></span> <span class='ocrx_word' id='word_1_53' title='bbox 621 739 681 776; x_wconf 86' lang='lat' dir='ltr'><strong>non</strong></span> <span class='ocrx_word' id='word_1_54' title='bbox 702 721 887 792; x_wconf 73' lang='lat' dir='ltr'><strong>negliguntur</strong></span> <span class='ocrx_word' id='word_1_55' title='bbox 900 727 958 787; x_wconf 86' lang='lat' dir='ltr'><strong>tres</strong></span> <span class='ocrx_word' id='word_1_56' title='bbox 973 739 1038 778; x_wconf 86' lang='lat' dir='ltr'><strong>ore-</strong></span> <span class='ocrx_word' id='word_1_57' title='bbox 1078 722 1182 778; x_wconf 86' lang='lat' dir='ltr'><strong>ibidem</strong></span> <span class='ocrx_word' id='word_1_58' title='bbox 1197 722 1330 784; x_wconf 81' lang='lat' dir='ltr'><strong>alliciam,</strong></span> <span class='ocrx_word' id='word_1_59' title='bbox 1342 719 1607 790; x_wconf 83' lang='lat' dir='ltr'><strong>quodetoonreutus</strong></span> <span class='ocrx_word' id='word_1_60' title='bbox 1616 719 1833 774; x_wconf 69' lang='lat' dir='ltr'><strong>resumendo-</strong></span> 
     </span>
     <span class='ocr_line' id='line_1_6' title="bbox 240 805 1833 882; baseline 0.003 -22"><span class='ocrx_word' id='word_1_61' title='bbox 240 805 384 874; x_wconf 69' lang='lat' dir='ltr'><strong>damulae,</strong></span> <span class='ocrx_word' id='word_1_62' title='bbox 392 814 548 880; x_wconf 84' lang='lat' dir='ltr'><strong>vestesque,</strong></span> <span class='ocrx_word' id='word_1_63' title='bbox 566 811 589 864; x_wconf 93' lang='lat' dir='ltr'><strong>si</strong></span> <span class='ocrx_word' id='word_1_64' title='bbox 607 811 670 882; x_wconf 86' lang='lat' dir='ltr'><strong>quis</strong></span> <span class='ocrx_word' id='word_1_65' title='bbox 681 818 794 866; x_wconf 78' lang='lat' dir='ltr'><strong>mutere</strong></span> <span class='ocrx_word' id='word_1_66' title='bbox 807 813 881 880; x_wconf 84' lang='lat' dir='ltr'><strong>velit,</strong></span> <span class='ocrx_word' id='word_1_67' title='bbox 899 813 940 867; x_wconf 89' lang='lat' dir='ltr'><strong>vel</strong></span> <span class='ocrx_word' id='word_1_68' title='bbox 955 818 1039 868; x_wconf 82' lang='lat' dir='ltr'><strong>antee</strong></span> <span class='ocrx_word' id='word_1_69' title='bbox 1079 821 1125 868; x_wconf 86' lang='lat' dir='ltr'><strong>tus</strong></span> <span class='ocrx_word' id='word_1_70' title='bbox 1144 816 1238 866; x_wconf 85' lang='lat' dir='ltr'><strong>autem</strong></span> <span class='ocrx_word' id='word_1_71' title='bbox 1261 809 1427 882; x_wconf 74' lang='lat' dir='ltr'><strong>perveniens</strong></span> <span class='ocrx_word' id='word_1_72' title='bbox 1446 807 1478 864; x_wconf 88' lang='lat' dir='ltr'><strong>in</strong></span> <span class='ocrx_word' id='word_1_73' title='bbox 1492 806 1681 862; x_wconf 74' lang='lat' dir='ltr'><strong>censurium</strong></span> <span class='ocrx_word' id='word_1_74' title='bbox 1693 807 1833 878; x_wconf 74' lang='lat' dir='ltr'><strong>expulere</strong></span> 
     </span>
     <span class='ocr_line' id='line_1_7' title="bbox 240 895 1835 972; baseline 0 -22"><span class='ocrx_word' id='word_1_75' title='bbox 240 897 284 950; x_wconf 81' lang='lat' dir='ltr'><strong>vel</strong></span> <span class='ocrx_word' id='word_1_76' title='bbox 292 902 390 968; x_wconf 84' lang='lat' dir='ltr'><strong>postea</strong></span> <span class='ocrx_word' id='word_1_77' title='bbox 407 899 538 953; x_wconf 81' lang='lat' dir='ltr'><strong>mutabit.</strong></span> <span class='ocrx_word' id='word_1_78' title='bbox 559 899 709 958; x_wconf 81' lang='lat' dir='ltr'><strong>Sciendum</strong></span> <span class='ocrx_word' id='word_1_79' title='bbox 721 906 816 972; x_wconf 68' lang='lat' dir='ltr'><strong>autern</strong></span> <span class='ocrx_word' id='word_1_80' title='bbox 829 901 902 972; x_wconf 86' lang='lat' dir='ltr'><strong>quod</strong></span> <span class='ocrx_word' id='word_1_81' title='bbox 916 917 992 966; x_wconf 82' lang='lat' dir='ltr'><strong>mox,</strong></span> <span class='ocrx_word' id='word_1_82' title='bbox 1006 907 1039 956; x_wconf 90' lang='lat' dir='ltr'><strong>ut</strong></span> <span class='ocrx_word' id='word_1_83' title='bbox 1078 901 1234 956; x_wconf 90' lang='lat' dir='ltr'><strong>inmodum</strong></span> <span class='ocrx_word' id='word_1_84' title='bbox 1250 915 1367 962; x_wconf 77' lang='lat' dir='ltr'><strong>corone,</strong></span> <span class='ocrx_word' id='word_1_85' title='bbox 1381 895 1686 969; x_wconf 78' lang='lat' dir='ltr'><strong>etintersepelieudeu</strong></span> <span class='ocrx_word' id='word_1_86' title='bbox 1701 895 1748 950; x_wconf 83' lang='lat' dir='ltr'><strong>sab</strong></span> <span class='ocrx_word' id='word_1_87' title='bbox 1759 903 1835 952; x_wconf 81' lang='lat' dir='ltr'><strong>noteu</strong></span> 
     </span>
     <span class='ocr_line' id='line_1_8' title="bbox 239 986 1836 1062; baseline -0.001 -21"><span class='ocrx_word' id='word_1_88' title='bbox 239 986 417 1042; x_wconf 78' lang='lat' dir='ltr'><strong>matutinalis</strong></span> <span class='ocrx_word' id='word_1_89' title='bbox 427 987 514 1042; x_wconf 63' lang='lat' dir='ltr'><strong>mima</strong></span> <span class='ocrx_word' id='word_1_90' title='bbox 529 988 640 1055; x_wconf 86' lang='lat' dir='ltr'><strong>linitur,</strong></span> <span class='ocrx_word' id='word_1_91' title='bbox 653 995 729 1048; x_wconf 88' lang='lat' dir='ltr'><strong>totus</strong></span> <span class='ocrx_word' id='word_1_92' title='bbox 741 995 902 1056; x_wconf 85' lang='lat' dir='ltr'><strong>conventus,</strong></span> <span class='ocrx_word' id='word_1_93' title='bbox 917 991 1039 1062; x_wconf 64' lang='lat' dir='ltr'><strong>exceptis</strong></span> <span class='ocrx_word' id='word_1_94' title='bbox 1079 989 1237 1061; x_wconf 88' lang='lat' dir='ltr'><strong>psalmodia</strong></span> <span class='ocrx_word' id='word_1_95' title='bbox 1250 1005 1312 1043; x_wconf 89' lang='lat' dir='ltr'><strong>cum</strong></span> <span class='ocrx_word' id='word_1_96' title='bbox 1327 987 1487 1059; x_wconf 84' lang='lat' dir='ltr'><strong>antiphonis</strong></span> <span class='ocrx_word' id='word_1_97' title='bbox 1501 987 1563 1057; x_wconf 76' lang='lat' dir='ltr'><strong>istis</strong></span> <span class='ocrx_word' id='word_1_98' title='bbox 1575 986 1767 1052; x_wconf 68' lang='lat' dir='ltr'><strong>enumeranti</strong></span> <span class='ocrx_word' id='word_1_99' title='bbox 1783 987 1836 1054; x_wconf 79' lang='lat' dir='ltr'><strong>Apr-</strong></span> 
     </span>
     <span class='ocr_line' id='line_1_9' title="bbox 242 1074 1834 1148; baseline -0.001 -18"><span class='ocrx_word' id='word_1_100' title='bbox 242 1074 365 1142; x_wconf 83' lang='lat' dir='ltr'><strong>uoritiis,</strong></span> <span class='ocrx_word' id='word_1_101' title='bbox 389 1076 508 1148; x_wconf 86' lang='lat' dir='ltr'><strong>aliisque</strong></span> <span class='ocrx_word' id='word_1_102' title='bbox 526 1077 649 1148; x_wconf 82' lang='lat' dir='ltr'><strong>capitulo</strong></span> <span class='ocrx_word' id='word_1_103' title='bbox 672 1079 832 1136; x_wconf 77' lang='lat' dir='ltr'><strong>carentibus</strong></span> <span class='ocrx_word' id='word_1_104' title='bbox 857 1080 894 1136; x_wconf 90' lang='lat' dir='ltr'><strong>ed</strong></span> <span class='ocrx_word' id='word_1_105' title='bbox 921 1081 1038 1136; x_wconf 85' lang='lat' dir='ltr'><strong>chorum</strong></span> <span class='ocrx_word' id='word_1_106' title='bbox 1079 1084 1142 1134; x_wconf 79' lang='lat' dir='ltr'><strong>rite.</strong></span> <span class='ocrx_word' id='word_1_107' title='bbox 1154 1079 1229 1134; x_wconf 84' lang='lat' dir='ltr'><strong>Psal.</strong></span> <span class='ocrx_word' id='word_1_108' title='bbox 1248 1081 1425 1146; x_wconf 81' lang='lat' dir='ltr'><strong>Confllomim&#39;</strong></span> <span class='ocrx_word' id='word_1_109' title='bbox 1446 1078 1572 1132; x_wconf 81' lang='lat' dir='ltr'><strong>Domino.</strong></span> <span class='ocrx_word' id='word_1_110' title='bbox 1587 1093 1610 1130; x_wconf 89' lang='lat' dir='ltr'><strong>s.</strong></span> <span class='ocrx_word' id='word_1_111' title='bbox 1626 1074 1698 1130; x_wconf 75' lang='lat' dir='ltr'><strong>Anti.</strong></span> <span class='ocrx_word' id='word_1_112' title='bbox 1710 1075 1834 1142; x_wconf 77' lang='lat' dir='ltr'><strong>lnprrdior.</strong></span> 
     </span>
     <span class='ocr_line' id='line_1_10' title="bbox 241 1164 1836 1244; baseline -0.001 -26"><span class='ocrx_word' id='word_1_113' title='bbox 241 1165 410 1235; x_wconf 77' lang='lat' dir='ltr'><strong>regreditur,</strong></span> <span class='ocrx_word' id='word_1_114' title='bbox 421 1166 460 1220; x_wconf 90' lang='lat' dir='ltr'><strong>ibi</strong></span> <span class='ocrx_word' id='word_1_115' title='bbox 470 1167 671 1222; x_wconf 85' lang='lat' dir='ltr'><strong>vscetlectioni</strong></span> <span class='ocrx_word' id='word_1_116' title='bbox 686 1169 1038 1244; x_wconf 75' lang='lat' dir='ltr'><strong>quousqueedcapitulum</strong></span> <span class='ocrx_word' id='word_1_117' title='bbox 1079 1169 1154 1224; x_wconf 88' lang='lat' dir='ltr'><strong>Psel.</strong></span> <span class='ocrx_word' id='word_1_118' title='bbox 1171 1169 1416 1235; x_wconf 78' lang='lat' dir='ltr'><strong>Quemadmodum.</strong></span> <span class='ocrx_word' id='word_1_119' title='bbox 1432 1167 1508 1220; x_wconf 79' lang='lat' dir='ltr'><strong>anti.</strong></span> <span class='ocrx_word' id='word_1_120' title='bbox 1525 1167 1585 1220; x_wconf 77' lang='lat' dir='ltr'><strong>ileo</strong></span> <span class='ocrx_word' id='word_1_121' title='bbox 1601 1167 1709 1233; x_wconf 81' lang='lat' dir='ltr'><strong>requies.</strong></span> <span class='ocrx_word' id='word_1_122' title='bbox 1727 1164 1788 1218; x_wconf 65' lang='lat' dir='ltr'><strong>rou,</strong></span> <span class='ocrx_word' id='word_1_123' title='bbox 1798 1165 1836 1218; x_wconf 79' lang='lat' dir='ltr'><strong>llo·</strong></span> 
     </span>
     <span class='ocr_line' id='line_1_11' title="bbox 241 1253 1835 1329; baseline -0.002 -21"><span class='ocrx_word' id='word_1_124' title='bbox 241 1255 380 1325; x_wconf 67' lang='lat' dir='ltr'><strong>pausetur.</strong></span> <span class='ocrx_word' id='word_1_125' title='bbox 398 1255 453 1310; x_wconf 82' lang='lat' dir='ltr'><strong>Sed</strong></span> <span class='ocrx_word' id='word_1_126' title='bbox 468 1255 554 1310; x_wconf 88' lang='lat' dir='ltr'><strong>iidem</strong></span> <span class='ocrx_word' id='word_1_127' title='bbox 569 1257 665 1312; x_wconf 79' lang='lat' dir='ltr'><strong>novitii</strong></span> <span class='ocrx_word' id='word_1_128' title='bbox 679 1258 714 1314; x_wconf 89' lang='lat' dir='ltr'><strong>ad</strong></span> <span class='ocrx_word' id='word_1_129' title='bbox 729 1259 881 1329; x_wconf 87' lang='lat' dir='ltr'><strong>capitulum</strong></span> <span class='ocrx_word' id='word_1_130' title='bbox 904 1275 1039 1316; x_wconf 85' lang='lat' dir='ltr'><strong>unacum</strong></span> <span class='ocrx_word' id='word_1_131' title='bbox 1079 1262 1170 1312; x_wconf 72' lang='lat' dir='ltr'><strong>acardo</strong></span> <span class='ocrx_word' id='word_1_132' title='bbox 1182 1259 1304 1312; x_wconf 81' lang='lat' dir='ltr'><strong>dominc.</strong></span> <span class='ocrx_word' id='word_1_133' title='bbox 1316 1256 1392 1310; x_wconf 81' lang='lat' dir='ltr'><strong>Anti.</strong></span> <span class='ocrx_word' id='word_1_134' title='bbox 1409 1253 1599 1312; x_wconf 82' lang='lat' dir='ltr'><strong>deolro.Psel.</strong></span> <span class='ocrx_word' id='word_1_135' title='bbox 1615 1255 1721 1308; x_wconf 60' lang='lat' dir='ltr'><strong>monins</strong></span> <span class='ocrx_word' id='word_1_136' title='bbox 1732 1254 1835 1322; x_wconf 78' lang='lat' dir='ltr'><strong>probasti.</strong></span> 
     </span>
     <span class='ocr_line' id='line_1_12' title="bbox 240 1341 1838 1417; baseline -0.002 -19"><span class='ocrx_word' id='word_1_137' title='bbox 240 1343 364 1398; x_wconf 82' lang='lat' dir='ltr'><strong>infirmis</strong></span> <span class='ocrx_word' id='word_1_138' title='bbox 377 1342 437 1399; x_wconf 91' lang='lat' dir='ltr'><strong>illic</strong></span> <span class='ocrx_word' id='word_1_139' title='bbox 446 1346 807 1417; x_wconf 79' lang='lat' dir='ltr'><strong>remanerepraecipiuulur.</strong></span> <span class='ocrx_word' id='word_1_140' title='bbox 818 1346 957 1404; x_wconf 77' lang='lat' dir='ltr'><strong>Similiter</strong></span> <span class='ocrx_word' id='word_1_141' title='bbox 966 1348 1041 1406; x_wconf 74' lang='lat' dir='ltr'><strong>intra</strong></span> <span class='ocrx_word' id='word_1_142' title='bbox 1079 1347 1156 1402; x_wconf 78' lang='lat' dir='ltr'><strong>Anu.</strong></span> <span class='ocrx_word' id='word_1_143' title='bbox 1172 1347 1210 1402; x_wconf 83' lang='lat' dir='ltr'><strong>Ne</strong></span> <span class='ocrx_word' id='word_1_144' title='bbox 1222 1348 1319 1400; x_wconf 68' lang='lat' dir='ltr'><strong>aaran.</strong></span> <span class='ocrx_word' id='word_1_145' title='bbox 1332 1345 1405 1400; x_wconf 85' lang='lat' dir='ltr'><strong>Psal.</strong></span> <span class='ocrx_word' id='word_1_146' title='bbox 1422 1346 1536 1400; x_wconf 79' lang='lat' dir='ltr'><strong>llomiru</strong></span> <span class='ocrx_word' id='word_1_147' title='bbox 1548 1343 1661 1398; x_wconf 80' lang='lat' dir='ltr'><strong>seeudl.</strong></span> <span class='ocrx_word' id='word_1_148' title='bbox 1675 1342 1699 1396; x_wconf 76' lang='lat'><strong>2.</strong></span> <span class='ocrx_word' id='word_1_149' title='bbox 1714 1341 1779 1396; x_wconf 84' lang='lat' dir='ltr'><strong>Aeli.</strong></span> <span class='ocrx_word' id='word_1_150' title='bbox 1792 1342 1838 1396; x_wconf 87' lang='lat' dir='ltr'><strong>da·</strong></span> 
     </span>
     <span class='ocr_line' id='line_1_13' title="bbox 242 1430 1838 1506; baseline -0.004 -16"><span class='ocrx_word' id='word_1_151' title='bbox 242 1433 407 1490; x_wconf 78' lang='lat' dir='ltr'><strong>mandatum</strong></span> <span class='ocrx_word' id='word_1_152' title='bbox 417 1434 528 1505; x_wconf 79' lang='lat' dir='ltr'><strong>aliquot</strong></span> <span class='ocrx_word' id='word_1_153' title='bbox 542 1451 687 1490; x_wconf 79' lang='lat' dir='ltr'><strong>remanere</strong></span> <span class='ocrx_word' id='word_1_154' title='bbox 697 1435 843 1505; x_wconf 77' lang='lat' dir='ltr'><strong>jubentur.</strong></span> <span class='ocrx_word' id='word_1_155' title='bbox 1081 1439 1126 1492; x_wconf 74' lang='lat' dir='ltr'><strong>aa</strong></span> <span class='ocrx_word' id='word_1_156' title='bbox 1135 1434 1345 1506; x_wconf 72' lang='lat' dir='ltr'><strong>spiritucpsel.</strong></span> <span class='ocrx_word' id='word_1_157' title='bbox 1357 1435 1476 1489; x_wconf 76' lang='lat' dir='ltr'><strong>tandm</strong></span> <span class='ocrx_word' id='word_1_158' title='bbox 1486 1434 1635 1488; x_wconf 74' lang='lat' dir='ltr'><strong>Baralirem</strong></span> <span class='ocrx_word' id='word_1_159' title='bbox 1649 1433 1679 1484; x_wconf 81' lang='lat' dir='ltr'><strong>de</strong></span> <span class='ocrx_word' id='word_1_160' title='bbox 1693 1435 1768 1484; x_wconf 78' lang='lat' dir='ltr'><strong>terro.</strong></span> <span class='ocrx_word' id='word_1_161' title='bbox 1781 1430 1838 1484; x_wconf 80' lang='lat' dir='ltr'><strong>leti.</strong></span> 
     </span>
     <span class='ocr_line' id='line_1_14' title="bbox 279 1520 1839 1594; baseline -0.002 -20"><span class='ocrx_word' id='word_1_162' title='bbox 279 1520 343 1590; x_wconf 73' lang='lat' dir='ltr'><strong>llop</strong></span> <span class='ocrx_word' id='word_1_163' title='bbox 356 1525 452 1576; x_wconf 84' lang='lat' dir='ltr'><strong>eutem</strong></span> <span class='ocrx_word' id='word_1_164' title='bbox 468 1522 544 1584; x_wconf 85' lang='lat' dir='ltr'><strong>utin</strong></span> <span class='ocrx_word' id='word_1_165' title='bbox 563 1521 741 1578; x_wconf 78' lang='lat' dir='ltr'><strong>refectorium</strong></span> <span class='ocrx_word' id='word_1_166' title='bbox 762 1529 844 1594; x_wconf 84' lang='lat' dir='ltr'><strong>potus</strong></span> <span class='ocrx_word' id='word_1_167' title='bbox 865 1524 1011 1586; x_wconf 62' lang='lat' dir='ltr'><strong>wilatis</strong></span> <span class='ocrx_word' id='word_1_168' title='bbox 1025 1541 1043 1578; x_wconf 87' lang='lat' dir='ltr'><strong>a</strong></span> <span class='ocrx_word' id='word_1_169' title='bbox 1082 1527 1194 1582; x_wconf 77' lang='lat' dir='ltr'><strong>Absolve</strong></span> <span class='ocrx_word' id='word_1_170' title='bbox 1214 1526 1338 1580; x_wconf 80' lang='lat' dir='ltr'><strong>domino.</strong></span> <span class='ocrx_word' id='word_1_171' title='bbox 1366 1522 1440 1576; x_wconf 89' lang='lat' dir='ltr'><strong>Psel.</strong></span> <span class='ocrx_word' id='word_1_172' title='bbox 1461 1523 1620 1576; x_wconf 80' lang='lat' dir='ltr'><strong>Benedictus</strong></span> <span class='ocrx_word' id='word_1_173' title='bbox 1640 1523 1761 1576; x_wconf 69' lang='lat' dir='ltr'><strong>domim</strong></span> <span class='ocrx_word' id='word_1_174' title='bbox 1780 1522 1839 1574; x_wconf 76' lang='lat' dir='ltr'><strong>deuo.</strong></span> 
     </span>
     <span class='ocr_line' id='line_1_15' title="bbox 242 1606 1841 1685; baseline -0.003 -21"><span class='ocrx_word' id='word_1_175' title='bbox 242 1606 410 1680; x_wconf 78' lang='lat' dir='ltr'><strong>quibusdam</strong></span> <span class='ocrx_word' id='word_1_176' title='bbox 427 1609 542 1676; x_wconf 90' lang='lat' dir='ltr'><strong>bibitur,</strong></span> <span class='ocrx_word' id='word_1_177' title='bbox 560 1610 595 1664; x_wconf 81' lang='lat' dir='ltr'><strong>ab</strong></span> <span class='ocrx_word' id='word_1_178' title='bbox 610 1613 733 1668; x_wconf 85' lang='lat' dir='ltr'><strong>armario</strong></span> <span class='ocrx_word' id='word_1_179' title='bbox 747 1612 813 1670; x_wconf 81' lang='lat' dir='ltr'><strong>illuc</strong></span> <span class='ocrx_word' id='word_1_180' title='bbox 828 1614 998 1685; x_wconf 81' lang='lat' dir='ltr'><strong>diriguntur,</strong></span> <span class='ocrx_word' id='word_1_181' title='bbox 1009 1619 1042 1667; x_wconf 93' lang='lat' dir='ltr'><strong>ut</strong></span> <span class='ocrx_word' id='word_1_182' title='bbox 1080 1615 1215 1670; x_wconf 83' lang='lat' dir='ltr'><strong>Sacerdos</strong></span> <span class='ocrx_word' id='word_1_183' title='bbox 1229 1630 1292 1668; x_wconf 87' lang='lat' dir='ltr'><strong>oum</strong></span> <span class='ocrx_word' id='word_1_184' title='bbox 1314 1611 1437 1684; x_wconf 87' lang='lat' dir='ltr'><strong>primum</strong></span> <span class='ocrx_word' id='word_1_185' title='bbox 1452 1611 1559 1666; x_wconf 77' lang='lat' dir='ltr'><strong>venerit</strong></span> <span class='ocrx_word' id='word_1_186' title='bbox 1570 1611 1605 1665; x_wconf 90' lang='lat' dir='ltr'><strong>ed</strong></span> <span class='ocrx_word' id='word_1_187' title='bbox 1619 1609 1781 1680; x_wconf 75' lang='lat' dir='ltr'><strong>sepidobruu</strong></span> <span class='ocrx_word' id='word_1_188' title='bbox 1792 1607 1841 1661; x_wconf 87' lang='lat' dir='ltr'><strong>dicit</strong></span> 
     </span>
     <span class='ocr_line' id='line_1_16' title="bbox 244 1697 1842 1776; baseline -0.001 -26"><span class='ocrx_word' id='word_1_189' title='bbox 244 1701 274 1752; x_wconf 87' lang='lat' dir='ltr'><strong>et</strong></span> <span class='ocrx_word' id='word_1_190' title='bbox 284 1697 324 1766; x_wconf 89' lang='lat' dir='ltr'><strong>bi,</strong></span> <span class='ocrx_word' id='word_1_191' title='bbox 339 1698 387 1769; x_wconf 87' lang='lat' dir='ltr'><strong>qui</strong></span> <span class='ocrx_word' id='word_1_192' title='bbox 401 1699 479 1753; x_wconf 71' lang='lat' dir='ltr'><strong>nessi</strong></span> <span class='ocrx_word' id='word_1_193' title='bbox 500 1705 575 1761; x_wconf 75' lang='lat' dir='ltr'><strong>arnt,</strong></span> <span class='ocrx_word' id='word_1_194' title='bbox 592 1700 714 1768; x_wconf 72' lang='lat' dir='ltr'><strong>repient,</strong></span> <span class='ocrx_word' id='word_1_195' title='bbox 740 1706 769 1756; x_wconf 88' lang='lat' dir='ltr'><strong>et</strong></span> <span class='ocrx_word' id='word_1_196' title='bbox 788 1703 918 1760; x_wconf 84' lang='lat' dir='ltr'><strong>eumdem</strong></span> <span class='ocrx_word' id='word_1_197' title='bbox 942 1709 1040 1776; x_wconf 77' lang='lat' dir='ltr'><strong>potum</strong></span> <span class='ocrx_word' id='word_1_198' title='bbox 1081 1704 1132 1760; x_wconf 88' lang='lat' dir='ltr'><strong>bes</strong></span> <span class='ocrx_word' id='word_1_199' title='bbox 1146 1704 1276 1760; x_wconf 79' lang='lat' dir='ltr'><strong>collectas</strong></span> <span class='ocrx_word' id='word_1_200' title='bbox 1298 1721 1305 1756; x_wconf 76' lang='grc' dir='ltr'><strong><em>ε</em></strong></span> <span class='ocrx_word' id='word_1_201' title='bbox 1328 1701 1512 1757; x_wconf 76' lang='lat' dir='ltr'><strong>obsecremus.</strong></span> <span class='ocrx_word' id='word_1_202' title='bbox 1528 1703 1599 1757; x_wconf 79' lang='lat' dir='ltr'><strong>dous</strong></span> <span class='ocrx_word' id='word_1_203' title='bbox 1618 1700 1785 1768; x_wconf 80' lang='lat' dir='ltr'><strong>Omnipotens,</strong></span> <span class='ocrx_word' id='word_1_204' title='bbox 1797 1699 1842 1764; x_wconf 79' lang='lat' dir='ltr'><strong>ou.</strong></span> 
     </span>
     <span class='ocr_line' id='line_1_17' title="bbox 244 1775 1841 1864; baseline 0.001 -23"><span class='ocrx_word' id='word_1_205' title='bbox 244 1787 389 1842; x_wconf 74' lang='lat' dir='ltr'><strong>mareotis</strong></span> <span class='ocrx_word' id='word_1_206' title='bbox 401 1797 515 1859; x_wconf 86' lang='lat' dir='ltr'><strong>accepte</strong></span> <span class='ocrx_word' id='word_1_207' title='bbox 528 1789 564 1843; x_wconf 93' lang='lat' dir='ltr'><strong>ed</strong></span> <span class='ocrx_word' id='word_1_208' title='bbox 577 1793 697 1860; x_wconf 79' lang='lat' dir='ltr'><strong>gradum</strong></span> <span class='ocrx_word' id='word_1_209' title='bbox 714 1789 827 1847; x_wconf 85' lang='lat' dir='ltr'><strong>licentia</strong></span> <span class='ocrx_word' id='word_1_210' title='bbox 840 1790 947 1850; x_wconf 86' lang='lat' dir='ltr'><strong>bibent.</strong></span> <span class='ocrx_word' id='word_1_211' title='bbox 965 1790 1040 1855; x_wconf 75' lang='lat' dir='ltr'><strong>Qus·</strong></span> <span class='ocrx_word' id='word_1_212' title='bbox 1049 1775 1073 1847; x_wconf 77' lang='grc' dir='ltr'><strong>Β</strong></span> <span class='ocrx_word' id='word_1_213' title='bbox 1082 1793 1266 1864; x_wconf 83' lang='lat' dir='ltr'><strong>Sepulchrum</strong></span> <span class='ocrx_word' id='word_1_214' title='bbox 1281 1797 1310 1846; x_wconf 89' lang='lat' dir='ltr'><strong>et</strong></span> <span class='ocrx_word' id='word_1_215' title='bbox 1324 1790 1401 1864; x_wconf 81' lang='lat' dir='ltr'><strong>prius</strong></span> <span class='ocrx_word' id='word_1_216' title='bbox 1409 1795 1439 1844; x_wconf 89' lang='lat' dir='ltr'><strong>et</strong></span> <span class='ocrx_word' id='word_1_217' title='bbox 1444 1793 1542 1860; x_wconf 86' lang='lat' dir='ltr'><strong>postea</strong></span> <span class='ocrx_word' id='word_1_218' title='bbox 1557 1786 1841 1860; x_wconf 73' lang='lat' dir='ltr'><strong>quamtoserscepee.</strong></span> 
     </span>
     <span class='ocr_line' id='line_1_18' title="bbox 241 1878 1842 1954; baseline -0.001 -23"><span class='ocrx_word' id='word_1_219' title='bbox 241 1892 353 1947; x_wconf 85' lang='lat' dir='ltr'><strong>cunque</strong></span> <span class='ocrx_word' id='word_1_220' title='bbox 367 1883 462 1932; x_wconf 86' lang='lat' dir='ltr'><strong>autem</strong></span> <span class='ocrx_word' id='word_1_221' title='bbox 483 1878 554 1934; x_wconf 87' lang='lat' dir='ltr'><strong>bore</strong></span> <span class='ocrx_word' id='word_1_222' title='bbox 568 1878 663 1936; x_wconf 77' lang='lat' dir='ltr'><strong>fratris</strong></span> <span class='ocrx_word' id='word_1_223' title='bbox 679 1879 772 1934; x_wconf 72' lang='lat' dir='ltr'><strong>olsitus</strong></span> <span class='ocrx_word' id='word_1_224' title='bbox 786 1881 919 1942; x_wconf 82' lang='lat' dir='ltr'><strong>evenerit,</strong></span> <span class='ocrx_word' id='word_1_225' title='bbox 931 1880 990 1938; x_wconf 87' lang='lat' dir='ltr'><strong>sive</strong></span> <span class='ocrx_word' id='word_1_226' title='bbox 1001 1880 1042 1934; x_wconf 87' lang='lat' dir='ltr'><strong>sit</strong></span> <span class='ocrx_word' id='word_1_227' title='bbox 1081 1897 1153 1954; x_wconf 88' lang='lat' dir='ltr'><strong>eque</strong></span> <span class='ocrx_word' id='word_1_228' title='bbox 1173 1882 1320 1938; x_wconf 81' lang='lat' dir='ltr'><strong>benedicte</strong></span> <span class='ocrx_word' id='word_1_229' title='bbox 1339 1879 1501 1950; x_wconf 85' lang='lat' dir='ltr'><strong>aspergitur</strong></span> <span class='ocrx_word' id='word_1_230' title='bbox 1518 1885 1547 1934; x_wconf 89' lang='lat' dir='ltr'><strong>et</strong></span> <span class='ocrx_word' id='word_1_231' title='bbox 1569 1879 1732 1942; x_wconf 84' lang='lat' dir='ltr'><strong>incensatur,</strong></span> <span class='ocrx_word' id='word_1_232' title='bbox 1746 1889 1793 1930; x_wconf 87' lang='lat' dir='ltr'><strong>uon</strong></span> <span class='ocrx_word' id='word_1_233' title='bbox 1804 1881 1842 1938; x_wconf 85' lang='lat' dir='ltr'><strong>ur,</strong></span> 
     </span>
     <span class='ocr_line' id='line_1_19' title="bbox 243 1963 1843 2039; baseline -0.003 -19"><span class='ocrx_word' id='word_1_234' title='bbox 243 1966 379 2037; x_wconf 85' lang='lat' dir='ltr'><strong>temporis</strong></span> <span class='ocrx_word' id='word_1_235' title='bbox 390 1966 513 2037; x_wconf 80' lang='lat' dir='ltr'><strong>hyemis,</strong></span> <span class='ocrx_word' id='word_1_236' title='bbox 527 1967 584 2022; x_wconf 89' lang='lat' dir='ltr'><strong>sive</strong></span> <span class='ocrx_word' id='word_1_237' title='bbox 604 1967 718 2034; x_wconf 79' lang='lat' dir='ltr'><strong>estatis,</strong></span> <span class='ocrx_word' id='word_1_238' title='bbox 739 1968 905 2039; x_wconf 74' lang='lat' dir='ltr'><strong>psalterium</strong></span> <span class='ocrx_word' id='word_1_239' title='bbox 925 1985 982 2030; x_wconf 80' lang='lat' dir='ltr'><strong>noa</strong></span> <span class='ocrx_word' id='word_1_240' title='bbox 998 1975 1042 2024; x_wconf 82' lang='lat' dir='ltr'><strong>est</strong></span> <span class='ocrx_word' id='word_1_241' title='bbox 1082 1971 1130 2028; x_wconf 83' lang='lat' dir='ltr'><strong>sed</strong></span> <span class='ocrx_word' id='word_1_242' title='bbox 1144 1971 1232 2034; x_wconf 73' lang='lat' dir='ltr'><strong>semel</strong></span> <span class='ocrx_word' id='word_1_243' title='bbox 1246 1977 1356 2028; x_wconf 68' lang='lat' dir='ltr'><strong>metum</strong></span> <span class='ocrx_word' id='word_1_244' title='bbox 1372 1985 1436 2024; x_wconf 89' lang='lat' dir='ltr'><strong>cum</strong></span> <span class='ocrx_word' id='word_1_245' title='bbox 1452 1983 1534 2024; x_wconf 88' lang='lat' dir='ltr'><strong>versu</strong></span> <span class='ocrx_word' id='word_1_246' title='bbox 1551 1985 1558 2020; x_wconf 77' lang='lat' dir='ltr'>z</span> <span class='ocrx_word' id='word_1_247' title='bbox 1571 1968 1733 2035; x_wconf 81' lang='lat' dir='ltr'><strong>Redemptor.</strong></span> <span class='ocrx_word' id='word_1_248' title='bbox 1745 1963 1843 2018; x_wconf 49' lang='lat' dir='ltr'><strong>eodm*</strong></span> 
     </span>
     <span class='ocr_line' id='line_1_20' title="bbox 242 2054 1844 2132; baseline -0.002 -24"><span class='ocrx_word' id='word_1_249' title='bbox 242 2054 445 2125; x_wconf 83' lang='lat' dir='ltr'><strong>incipiendum,</strong></span> <span class='ocrx_word' id='word_1_250' title='bbox 459 2056 514 2110; x_wconf 82' lang='lat' dir='ltr'><strong>uisi</strong></span> <span class='ocrx_word' id='word_1_251' title='bbox 527 2057 606 2126; x_wconf 91' lang='lat' dir='ltr'><strong>prius</strong></span> <span class='ocrx_word' id='word_1_252' title='bbox 615 2073 646 2111; x_wconf 83' lang='lat' dir='ltr'><strong>ex</strong></span> <span class='ocrx_word' id='word_1_253' title='bbox 657 2059 931 2128; x_wconf 79' lang='lat' dir='ltr'><strong>totocompleutur...</strong></span> <span class='ocrx_word' id='word_1_254' title='bbox 944 2065 1042 2128; x_wconf 84' lang='lat' dir='ltr'><strong>postea</strong></span> <span class='ocrx_word' id='word_1_255' title='bbox 1082 2067 1129 2116; x_wconf 86' lang='lat' dir='ltr'><strong>tur</strong></span> <span class='ocrx_word' id='word_1_256' title='bbox 1140 2060 1302 2132; x_wconf 64' lang='lat' dir='ltr'><strong>operarium</strong></span> <span class='ocrx_word' id='word_1_257' title='bbox 1319 2059 1442 2129; x_wconf 76' lang='lat' dir='ltr'><strong>ligneum</strong></span> <span class='ocrx_word' id='word_1_258' title='bbox 1457 2073 1542 2128; x_wconf 84' lang='lat' dir='ltr'><strong>super</strong></span> <span class='ocrx_word' id='word_1_259' title='bbox 1553 2057 1648 2127; x_wconf 85' lang='lat' dir='ltr'><strong>ipsum</strong></span> <span class='ocrx_word' id='word_1_260' title='bbox 1662 2055 1814 2114; x_wconf 71' lang='lat' dir='ltr'><strong>umorum.</strong></span> <span class='ocrx_word' id='word_1_261' title='bbox 1823 2057 1844 2106; x_wconf 83' lang='lat' dir='ltr'><strong>et</strong></span> 
     </span>
     <span class='ocr_line' id='line_1_21' title="bbox 244 2142 1845 2220; baseline 0.001 -22"><span class='ocrx_word' id='word_1_262' title='bbox 244 2146 330 2214; x_wconf 74' lang='lat' dir='ltr'><strong>quem</strong></span> <span class='ocrx_word' id='word_1_263' title='bbox 356 2143 437 2214; x_wconf 78' lang='lat' dir='ltr'><strong>obiit,</strong></span> <span class='ocrx_word' id='word_1_264' title='bbox 453 2151 482 2198; x_wconf 81' lang='lat' dir='ltr'><strong>et</strong></span> <span class='ocrx_word' id='word_1_265' title='bbox 496 2146 605 2216; x_wconf 87' lang='lat' dir='ltr'><strong>vesperi</strong></span> <span class='ocrx_word' id='word_1_266' title='bbox 623 2162 674 2216; x_wconf 86' lang='lat' dir='ltr'><strong>pro</strong></span> <span class='ocrx_word' id='word_1_267' title='bbox 689 2145 1043 2208; x_wconf 80' lang='lat' dir='ltr'><strong>deluuotisetoffidumet</strong></span> <span class='ocrx_word' id='word_1_268' title='bbox 1082 2150 1213 2206; x_wconf 75' lang='lat' dir='ltr'><strong>sacerdos</strong></span> <span class='ocrx_word' id='word_1_269' title='bbox 1227 2148 1346 2220; x_wconf 88' lang='lat' dir='ltr'><strong>primus,</strong></span> <span class='ocrx_word' id='word_1_270' title='bbox 1361 2147 1385 2204; x_wconf 88' lang='lat' dir='ltr'><strong>si</strong></span> <span class='ocrx_word' id='word_1_271' title='bbox 1398 2147 1521 2215; x_wconf 78' lang='lat' dir='ltr'><strong>domam</strong></span> <span class='ocrx_word' id='word_1_272' title='bbox 1535 2145 1609 2204; x_wconf 76' lang='lat' dir='ltr'><strong>abba</strong></span> <span class='ocrx_word' id='word_1_273' title='bbox 1625 2161 1681 2214; x_wconf 83' lang='lat' dir='ltr'><strong>aon</strong></span> <span class='ocrx_word' id='word_1_274' title='bbox 1698 2142 1845 2200; x_wconf 72' lang='lat' dir='ltr'><strong>aderitum</strong></span> 
     </span>
     <span class='ocr_line' id='line_1_22' title="bbox 242 2229 1846 2312; baseline 0.004 -26"><span class='ocrx_word' id='word_1_275' title='bbox 242 2233 417 2288; x_wconf 82' lang='lat' dir='ltr'><strong>matutinum</strong></span> <span class='ocrx_word' id='word_1_276' title='bbox 428 2241 457 2288; x_wconf 88' lang='lat' dir='ltr'><strong>et</strong></span> <span class='ocrx_word' id='word_1_277' title='bbox 479 2236 559 2304; x_wconf 69' lang='lat' dir='ltr'><strong>Verbo</strong></span> <span class='ocrx_word' id='word_1_278' title='bbox 574 2251 643 2295; x_wconf 82' lang='lat' dir='ltr'><strong>roco.</strong></span> <span class='ocrx_word' id='word_1_279' title='bbox 661 2235 747 2290; x_wconf 80' lang='lat' dir='ltr'><strong>missa</strong></span> <span class='ocrx_word' id='word_1_280' title='bbox 762 2236 847 2294; x_wconf 86' lang='lat' dir='ltr'><strong>etiem</strong></span> <span class='ocrx_word' id='word_1_281' title='bbox 866 2237 1042 2297; x_wconf 83' lang='lat' dir='ltr'><strong>matutinalis</strong></span> <span class='ocrx_word' id='word_1_282' title='bbox 1083 2241 1158 2312; x_wconf 84' lang='lat' dir='ltr'><strong>pala,</strong></span> <span class='ocrx_word' id='word_1_283' title='bbox 1174 2239 1289 2297; x_wconf 85' lang='lat' dir='ltr'><strong>mittens</strong></span> <span class='ocrx_word' id='word_1_284' title='bbox 1303 2233 1511 2294; x_wconf 77' lang='lat' dir='ltr'><strong>tribuericibus</strong></span> <span class='ocrx_word' id='word_1_285' title='bbox 1533 2235 1568 2290; x_wconf 88' lang='lat' dir='ltr'><strong>de</strong></span> <span class='ocrx_word' id='word_1_286' title='bbox 1591 2239 1667 2292; x_wconf 80' lang='lat' dir='ltr'><strong>terra</strong></span> <span class='ocrx_word' id='word_1_287' title='bbox 1684 2247 1762 2304; x_wconf 86' lang='lat' dir='ltr'><strong>super</strong></span> <span class='ocrx_word' id='word_1_288' title='bbox 1775 2229 1846 2292; x_wconf 78' lang='lat' dir='ltr'><strong>uun,</strong></span> 
     </span>
     <span class='ocr_line' id='line_1_23' title="bbox 245 2321 1845 2399; baseline -0.006 -11"><span class='ocrx_word' id='word_1_289' title='bbox 245 2327 398 2376; x_wconf 63' lang='lat' dir='ltr'><strong>mutentur</strong></span> <span class='ocrx_word' id='word_1_290' title='bbox 412 2339 463 2394; x_wconf 71' lang='lat' dir='ltr'><strong>pro</strong></span> <span class='ocrx_word' id='word_1_291' title='bbox 479 2339 522 2388; x_wconf 70' lang='lat'><strong>0⁰,</strong></span> <span class='ocrx_word' id='word_1_292' title='bbox 538 2323 649 2380; x_wconf 79' lang='lat' dir='ltr'><strong>eduosi</strong></span> <span class='ocrx_word' id='word_1_293' title='bbox 669 2341 702 2379; x_wconf 87' lang='lat' dir='ltr'><strong>ea</strong></span> <span class='ocrx_word' id='word_1_294' title='bbox 724 2325 769 2382; x_wconf 86' lang='lat' dir='ltr'><strong>die</strong></span> <span class='ocrx_word' id='word_1_295' title='bbox 788 2341 845 2382; x_wconf 86' lang='lat' dir='ltr'><strong>nou</strong></span> <span class='ocrx_word' id='word_1_296' title='bbox 868 2325 1040 2396; x_wconf 62' lang='lat' dir='ltr'><strong>repellerem</strong></span> <span class='ocrx_word' id='word_1_297' title='bbox 1083 2328 1287 2399; x_wconf 74' lang='lat' dir='ltr'><strong>subjungithas</strong></span> <span class='ocrx_word' id='word_1_298' title='bbox 1297 2327 1426 2382; x_wconf 85' lang='lat' dir='ltr'><strong>collectas</strong></span> <span class='ocrx_word' id='word_1_299' title='bbox 1438 2338 1444 2374; x_wconf 76' lang='grc' dir='ltr'><strong><em>ε</em></strong></span> <span class='ocrx_word' id='word_1_300' title='bbox 1457 2321 1845 2384; x_wconf 66' lang='lat' dir='ltr'><strong>darnurmtresotoree&#39;ul</strong></span> 
     </span>
     <span class='ocr_line' id='line_1_24' title="bbox 244 2410 1723 2489; baseline 0.001 -23"><span class='ocrx_word' id='word_1_301' title='bbox 244 2410 1040 2480; x_wconf 78' lang='lat' dir='ltr'><strong>teucincrastinoomues,utofferantdebentinteresse.</strong></span> <span class='ocrx_word' id='word_1_302' title='bbox 1084 2419 1238 2489; x_wconf 77' lang='lat' dir='ltr'><strong>qorjosm.</strong></span> <span class='ocrx_word' id='word_1_303' title='bbox 1256 2418 1381 2476; x_wconf 78' lang='lat' dir='ltr'><strong>debilem</strong></span> <span class='ocrx_word' id='word_1_304' title='bbox 1396 2416 1525 2470; x_wconf 80' lang='lat' dir='ltr'><strong>lumeni.</strong></span> <span class='ocrx_word' id='word_1_305' title='bbox 1544 2414 1723 2470; x_wconf 71' lang='lat' dir='ltr'><strong>remorante.</strong></span> 
     </span>
     <span class='ocr_line' id='line_1_25' title="bbox 243 2499 1848 2576; baseline 0 -22"><span class='ocrx_word' id='word_1_306' title='bbox 243 2499 741 2567; x_wconf 79' lang='lat' dir='ltr'><strong>Postolierendamrerosacerdotes,</strong></span> <span class='ocrx_word' id='word_1_307' title='bbox 752 2504 913 2574; x_wconf 73' lang='lat' dir='ltr'><strong>quirolent,</strong></span> <span class='ocrx_word' id='word_1_308' title='bbox 926 2509 1044 2576; x_wconf 64' lang='lat' dir='ltr'><strong>pomum</strong></span> <span class='ocrx_word' id='word_1_309' title='bbox 1119 2507 1227 2574; x_wconf 85' lang='lat' dir='ltr'><strong>Quibus</strong></span> <span class='ocrx_word' id='word_1_310' title='bbox 1241 2506 1329 2562; x_wconf 83' lang='lat' dir='ltr'><strong>linitis</strong></span> <span class='ocrx_word' id='word_1_311' title='bbox 1352 2504 1486 2562; x_wconf 87' lang='lat' dir='ltr'><strong>recedunt</strong></span> <span class='ocrx_word' id='word_1_312' title='bbox 1505 2519 1523 2558; x_wconf 88' lang='lat' dir='ltr'><strong>a</strong></span> <span class='ocrx_word' id='word_1_313' title='bbox 1543 2503 1691 2574; x_wconf 76' lang='lat' dir='ltr'><strong>sepulchro</strong></span> <span class='ocrx_word' id='word_1_314' title='bbox 1710 2499 1782 2556; x_wconf 84' lang='lat' dir='ltr'><strong>simul</strong></span> <span class='ocrx_word' id='word_1_315' title='bbox 1800 2512 1848 2554; x_wconf 77' lang='lat' dir='ltr'><strong>eum</strong></span> 
     </span>
     <span class='ocr_line' id='line_1_26' title="bbox 245 2589 1850 2667; baseline 0 -24"><span class='ocrx_word' id='word_1_316' title='bbox 245 2605 297 2660; x_wconf 91' lang='lat' dir='ltr'><strong>pro</strong></span> <span class='ocrx_word' id='word_1_317' title='bbox 312 2605 345 2643; x_wconf 85' lang='lat' dir='ltr'><strong>eo</strong></span> <span class='ocrx_word' id='word_1_318' title='bbox 360 2589 420 2644; x_wconf 88' lang='lat' dir='ltr'><strong>sino</strong></span> <span class='ocrx_word' id='word_1_319' title='bbox 434 2589 548 2644; x_wconf 82' lang='lat' dir='ltr'><strong>boantis</strong></span> <span class='ocrx_word' id='word_1_320' title='bbox 560 2590 661 2662; x_wconf 73' lang='lat' dir='ltr'><strong>misses</strong></span> <span class='ocrx_word' id='word_1_321' title='bbox 675 2599 798 2656; x_wconf 80' lang='lat' dir='ltr'><strong>eantare,</strong></span> <span class='ocrx_word' id='word_1_322' title='bbox 814 2592 837 2648; x_wconf 85' lang='lat' dir='ltr'><strong>si</strong></span> <span class='ocrx_word' id='word_1_323' title='bbox 847 2599 943 2650; x_wconf 84' lang='lat' dir='ltr'><strong>temen</strong></span> <span class='ocrx_word' id='word_1_324' title='bbox 958 2601 1001 2650; x_wconf 90' lang='lat' dir='ltr'><strong>est</strong></span> <span class='ocrx_word' id='word_1_325' title='bbox 1014 2593 1044 2650; x_wconf 89' lang='lat' dir='ltr'><strong>in</strong></span> <span class='ocrx_word' id='word_1_326' title='bbox 1086 2613 1177 2661; x_wconf 85' lang='lat' dir='ltr'><strong>cruce,</strong></span> <span class='ocrx_word' id='word_1_327' title='bbox 1191 2603 1220 2652; x_wconf 88' lang='lat' dir='ltr'><strong>et</strong></span> <span class='ocrx_word' id='word_1_328' title='bbox 1235 2595 1391 2667; x_wconf 80' lang='lat' dir='ltr'><strong>prooeduut</strong></span> <span class='ocrx_word' id='word_1_329' title='bbox 1403 2598 1470 2650; x_wconf 83' lang='lat' dir='ltr'><strong>ente</strong></span> <span class='ocrx_word' id='word_1_330' title='bbox 1480 2592 1618 2664; x_wconf 82' lang='lat' dir='ltr'><strong>capellam</strong></span> <span class='ocrx_word' id='word_1_331' title='bbox 1633 2592 1662 2649; x_wconf 90' lang='lat' dir='ltr'><strong>iu</strong></span> <span class='ocrx_word' id='word_1_332' title='bbox 1679 2589 1763 2658; x_wconf 76' lang='lat' dir='ltr'><strong>padio</strong></span> <span class='ocrx_word' id='word_1_333' title='bbox 1775 2601 1850 2644; x_wconf 76' lang='lat' dir='ltr'><strong>cene</strong></span> 
     </span>
     <span class='ocr_line' id='line_1_27' title="bbox 245 2676 1851 2755; baseline -0.002 -17"><span class='ocrx_word' id='word_1_334' title='bbox 245 2677 393 2738; x_wconf 74' lang='lat' dir='ltr'><strong>duodecim</strong></span> <span class='ocrx_word' id='word_1_335' title='bbox 404 2679 736 2748; x_wconf 77' lang='lat' dir='ltr'><strong>lectiordhuslliecoaus,</strong></span> <span class='ocrx_word' id='word_1_336' title='bbox 752 2689 902 2753; x_wconf 75' lang='lat' dir='ltr'><strong>postquam</strong></span> <span class='ocrx_word' id='word_1_337' title='bbox 916 2684 1044 2742; x_wconf 80' lang='lat' dir='ltr'><strong>incense·</strong></span> <span class='ocrx_word' id='word_1_338' title='bbox 1085 2688 1160 2752; x_wconf 82' lang='lat' dir='ltr'><strong>terii,</strong></span> <span class='ocrx_word' id='word_1_339' title='bbox 1173 2686 1215 2744; x_wconf 88' lang='lat' dir='ltr'><strong>ibi</strong></span> <span class='ocrx_word' id='word_1_340' title='bbox 1228 2685 1282 2742; x_wconf 86' lang='lat' dir='ltr'><strong>sub</strong></span> <span class='ocrx_word' id='word_1_341' title='bbox 1296 2683 1409 2740; x_wconf 73' lang='lat' dir='ltr'><strong>silerum</strong></span> <span class='ocrx_word' id='word_1_342' title='bbox 1423 2682 1569 2755; x_wconf 79' lang='lat' dir='ltr'><strong>premisse</strong></span> <span class='ocrx_word' id='word_1_343' title='bbox 1592 2681 1717 2740; x_wconf 79' lang='lat' dir='ltr'><strong>oratiam</strong></span> <span class='ocrx_word' id='word_1_344' title='bbox 1735 2676 1851 2734; x_wconf 62' lang='lat' dir='ltr'><strong>Dominis</strong></span> 
     </span>
     <span class='ocr_line' id='line_1_28' title="bbox 244 2767 1851 2843; baseline -0.002 -22"><span class='ocrx_word' id='word_1_345' title='bbox 244 2767 318 2822; x_wconf 79' lang='lat' dir='ltr'><strong>sarit</strong></span> <span class='ocrx_word' id='word_1_346' title='bbox 329 2768 441 2834; x_wconf 78' lang='lat' dir='ltr'><strong>alteria,</strong></span> <span class='ocrx_word' id='word_1_347' title='bbox 455 2768 583 2823; x_wconf 83' lang='lat' dir='ltr'><strong>incenset</strong></span> <span class='ocrx_word' id='word_1_348' title='bbox 597 2773 626 2824; x_wconf 85' lang='lat' dir='ltr'><strong>et.</strong></span> <span class='ocrx_word' id='word_1_349' title='bbox 639 2769 802 2827; x_wconf 82' lang='lat' dir='ltr'><strong>defunctum</strong></span> <span class='ocrx_word' id='word_1_350' title='bbox 815 2789 898 2828; x_wconf 78' lang='lat' dir='ltr'><strong>muce</strong></span> <span class='ocrx_word' id='word_1_351' title='bbox 921 2773 1043 2843; x_wconf 85' lang='lat' dir='ltr'><strong>desuper</strong></span> <span class='ocrx_word' id='word_1_352' title='bbox 1081 2775 1257 2834; x_wconf 67' lang='lat' dir='ltr'><strong>subinfertur</strong></span> <span class='ocrx_word' id='word_1_353' title='bbox 1271 2788 1277 2823; x_wconf 93' lang='lat'>:</span> <span class='ocrx_word' id='word_1_354' title='bbox 1294 2775 1326 2832; x_wconf 72' lang='lat' dir='ltr'><strong>Et</strong></span> <span class='ocrx_word' id='word_1_355' title='bbox 1340 2791 1373 2828; x_wconf 84' lang='lat' dir='ltr'><strong>ae</strong></span> <span class='ocrx_word' id='word_1_356' title='bbox 1386 2790 1442 2828; x_wconf 83' lang='lat' dir='ltr'><strong>nos·</strong></span> <span class='ocrx_word' id='word_1_357' title='bbox 1458 2773 1573 2828; x_wconf 73' lang='lat' dir='ltr'><strong>tlemus.</strong></span> <span class='ocrx_word' id='word_1_358' title='bbox 1586 2773 1627 2830; x_wconf 81' lang='lat' dir='ltr'><strong>Ne</strong></span> <span class='ocrx_word' id='word_1_359' title='bbox 1637 2774 1730 2828; x_wconf 80' lang='lat' dir='ltr'><strong>latres.</strong></span> <span class='ocrx_word' id='word_1_360' title='bbox 1743 2769 1851 2824; x_wconf 72' lang='lat' dir='ltr'><strong>morinos</strong></span> 
     </span>
     <span class='ocr_line' id='line_1_29' title="bbox 245 2855 1853 2929; baseline -0.002 -17"><span class='ocrx_word' id='word_1_361' title='bbox 245 2857 330 2914; x_wconf 71' lang='lat' dir='ltr'><strong>tecla</strong></span> <span class='ocrx_word' id='word_1_362' title='bbox 338 2857 535 2929; x_wconf 80' lang='lat' dir='ltr'><strong>Sepulchrum,</strong></span> <span class='ocrx_word' id='word_1_363' title='bbox 546 2875 609 2916; x_wconf 83' lang='lat' dir='ltr'><strong>cum</strong></span> <span class='ocrx_word' id='word_1_364' title='bbox 622 2859 727 2914; x_wconf 66' lang='lat' dir='ltr'><strong>Mum</strong></span> <span class='ocrx_word' id='word_1_365' title='bbox 736 2859 832 2924; x_wconf 81' lang='lat' dir='ltr'><strong>luerit,</strong></span> <span class='ocrx_word' id='word_1_366' title='bbox 842 2862 1047 2919; x_wconf 81' lang='lat' dir='ltr'><strong>dicendesunt</strong></span> <span class='ocrx_word' id='word_1_367' title='bbox 1085 2868 1234 2928; x_wconf 79' lang='lat' dir='ltr'><strong>uobiscum.</strong></span> <span class='ocrx_word' id='word_1_368' title='bbox 1251 2865 1312 2920; x_wconf 80' lang='lat' dir='ltr'><strong>Tibi</strong></span> <span class='ocrx_word' id='word_1_369' title='bbox 1326 2865 1438 2920; x_wconf 71' lang='lat' dir='ltr'><strong>monim</strong></span> <span class='ocrx_word' id='word_1_370' title='bbox 1448 2856 1772 2929; x_wconf 64' lang='lat' dir='ltr'><strong>manaucandum</strong></span> <span class='ocrx_word' id='word_1_371' title='bbox 1783 2855 1853 2910; x_wconf 82' lang='lat' dir='ltr'><strong>ertio·</strong></span> 
     </span>
     <span class='ocr_line' id='line_1_30' title="bbox 244 2944 1852 3024; baseline -0.002 -22"><span class='ocrx_word' id='word_1_372' title='bbox 244 2949 289 3003; x_wconf 84' lang='lat' dir='ltr'><strong>lue</strong></span> <span class='ocrx_word' id='word_1_373' title='bbox 302 2947 695 3019; x_wconf 81' lang='lat' dir='ltr'><strong>collectasuperillud:llom.</strong></span> <span class='ocrx_word' id='word_1_374' title='bbox 709 2955 758 3021; x_wconf 79' lang='lat' dir='ltr'><strong>pm&#39;</strong></span> <span class='ocrx_word' id='word_1_375' title='bbox 767 2955 948 3021; x_wconf 81' lang='lat' dir='ltr'><strong>simplicibus.</strong></span> <span class='ocrx_word' id='word_1_376' title='bbox 961 2954 1041 3019; x_wconf 77' lang='lat' dir='ltr'><strong>door,</strong></span> <span class='ocrx_word' id='word_1_377' title='bbox 1085 2955 1138 3010; x_wconf 86' lang='lat' dir='ltr'><strong>ctis</strong></span> <span class='ocrx_word' id='word_1_378' title='bbox 1158 2953 1287 3024; x_wconf 80' lang='lat' dir='ltr'><strong>sequitur</strong></span> <span class='ocrx_word' id='word_1_379' title='bbox 1314 2951 1383 3024; x_wconf 83' lang='lat' dir='ltr'><strong>psal.</strong></span> <span class='ocrx_word' id='word_1_380' title='bbox 1402 2952 1522 3006; x_wconf 82' lang='lat' dir='ltr'><strong>Loudele</strong></span> <span class='ocrx_word' id='word_1_381' title='bbox 1547 2965 1649 3010; x_wconf 57' lang='lat' dir='ltr'><strong>rursus</strong></span> <span class='ocrx_word' id='word_1_382' title='bbox 1672 2964 1732 3008; x_wconf 82' lang='lat' dir='ltr'><strong>euru</strong></span> <span class='ocrx_word' id='word_1_383' title='bbox 1751 2944 1852 3004; x_wconf 80' lang='lat' dir='ltr'><strong>cauom</strong></span> 
     </span>
     <span class='ocr_line' id='line_1_31' title="bbox 245 3038 1853 3110; baseline 0.005 -16"><span class='ocrx_word' id='word_1_384' title='bbox 245 3041 296 3108; x_wconf 79' lang='lat' dir='ltr'><strong>qul</strong></span> <span class='ocrx_word' id='word_1_385' title='bbox 322 3039 471 3095; x_wconf 73' lang='lat' dir='ltr'><strong>nerninem.</strong></span> <span class='ocrx_word' id='word_1_386' title='bbox 496 3039 611 3094; x_wconf 78' lang='lat' dir='ltr'><strong>llomlae</strong></span> <span class='ocrx_word' id='word_1_387' title='bbox 638 3042 701 3094; x_wconf 79' lang='lat' dir='ltr'><strong>lore</strong></span> <span class='ocrx_word' id='word_1_388' title='bbox 730 3041 844 3096; x_wconf 72' lang='lat' dir='ltr'><strong>Christe.</strong></span> <span class='ocrx_word' id='word_1_389' title='bbox 868 3041 930 3106; x_wconf 84' lang='lat' dir='ltr'><strong>Qua</strong></span> <span class='ocrx_word' id='word_1_390' title='bbox 951 3042 1042 3106; x_wconf 81' lang='lat' dir='ltr'><strong>linita,</strong></span> <span class='ocrx_word' id='word_1_391' title='bbox 1085 3043 1241 3100; x_wconf 68' lang='lat' dir='ltr'><strong>Dominicis.</strong></span> <span class='ocrx_word' id='word_1_392' title='bbox 1256 3043 1360 3098; x_wconf 78' lang='lat' dir='ltr'><strong>Veram</strong></span> <span class='ocrx_word' id='word_1_393' title='bbox 1375 3043 1416 3096; x_wconf 77' lang='lat' dir='ltr'><strong>:A</strong></span> <span class='ocrx_word' id='word_1_394' title='bbox 1439 3046 1530 3110; x_wconf 83' lang='lat' dir='ltr'><strong>porto.</strong></span> <span class='ocrx_word' id='word_1_395' title='bbox 1550 3039 1678 3097; x_wconf 80' lang='lat' dir='ltr'><strong>Colleeta</strong></span> <span class='ocrx_word' id='word_1_396' title='bbox 1697 3055 1703 3092; x_wconf 77' lang='grc' dir='ltr'><strong>ε</strong></span> <span class='ocrx_word' id='word_1_397' title='bbox 1719 3038 1782 3094; x_wconf 78' lang='lat' dir='ltr'><strong>Deru</strong></span> <span class='ocrx_word' id='word_1_398' title='bbox 1793 3038 1853 3101; x_wconf 71' lang='lat' dir='ltr'><strong>mill</strong></span> 
     </span>
     <span class='ocr_line' id='line_1_32' title="bbox 247 3093 1853 3204; baseline 0.006 -22"><span class='ocrx_word' id='word_1_399' title='bbox 247 3128 487 3200; x_wconf 63' lang='lat' dir='ltr'><strong>aspergitureque</strong></span> <span class='ocrx_word' id='word_1_400' title='bbox 497 3128 652 3194; x_wconf 82' lang='lat' dir='ltr'><strong>benedicte,</strong></span> <span class='ocrx_word' id='word_1_401' title='bbox 661 3137 688 3184; x_wconf 85' lang='lat' dir='ltr'><strong>et</strong></span> <span class='ocrx_word' id='word_1_402' title='bbox 704 3131 893 3202; x_wconf 83' lang='lat' dir='ltr'><strong>sequituriste</strong></span> <span class='ocrx_word' id='word_1_403' title='bbox 904 3132 1020 3186; x_wconf 83' lang='lat' dir='ltr'><strong>collecte</strong></span> <span class='ocrx_word' id='word_1_404' title='bbox 1034 3093 1072 3186; x_wconf 73' lang='lat' dir='ltr'><strong>:C</strong></span> <span class='ocrx_word' id='word_1_405' title='bbox 1088 3134 1286 3189; x_wconf 80' lang='lat' dir='ltr'><strong>misericordie.</strong></span> <span class='ocrx_word' id='word_1_406' title='bbox 1300 3132 1385 3188; x_wconf 79' lang='lat' dir='ltr'><strong>Festa</strong></span> <span class='ocrx_word' id='word_1_407' title='bbox 1393 3130 1758 3204; x_wconf 64' lang='lat' dir='ltr'><strong>inclinationemnsuotoet</strong></span> <span class='ocrx_word' id='word_1_408' title='bbox 1768 3131 1853 3194; x_wconf 64' lang='lat' dir='ltr'><strong>musei</strong></span> 
     </span>
     <span class='ocr_line' id='line_1_33' title="bbox 247 3213 1855 3296; baseline -0.001 -24"><span class='ocrx_word' id='word_1_409' title='bbox 247 3219 407 3284; x_wconf 65' lang='lat' dir='ltr'><strong>Imffebilia</strong></span> <span class='ocrx_word' id='word_1_410' title='bbox 421 3223 449 3272; x_wconf 89' lang='lat' dir='ltr'><strong>et</strong></span> <span class='ocrx_word' id='word_1_411' title='bbox 461 3217 513 3273; x_wconf 94' lang='lat' dir='ltr'><strong>hoc</strong></span> <span class='ocrx_word' id='word_1_412' title='bbox 527 3219 705 3288; x_wconf 83' lang='lat' dir='ltr'><strong>egiturinfre</strong></span> <span class='ocrx_word' id='word_1_413' title='bbox 721 3237 856 3275; x_wconf 86' lang='lat' dir='ltr'><strong>canonem</strong></span> <span class='ocrx_word' id='word_1_414' title='bbox 871 3222 1047 3276; x_wconf 86' lang='lat' dir='ltr'><strong>matutinalis</strong></span> <span class='ocrx_word' id='word_1_415' title='bbox 1087 3223 1203 3296; x_wconf 71' lang='lat' dir='ltr'><strong>psalmis</strong></span> <span class='ocrx_word' id='word_1_416' title='bbox 1217 3221 1367 3292; x_wconf 81' lang='lat' dir='ltr'><strong>impositis,</strong></span> <span class='ocrx_word' id='word_1_417' title='bbox 1382 3220 1501 3285; x_wconf 83' lang='lat' dir='ltr'><strong>reditur,</strong></span> <span class='ocrx_word' id='word_1_418' title='bbox 1526 3223 1556 3274; x_wconf 84' lang='lat' dir='ltr'><strong>el</strong></span> <span class='ocrx_word' id='word_1_419' title='bbox 1578 3219 1631 3284; x_wconf 90' lang='lat' dir='ltr'><strong>ite,</strong></span> <span class='ocrx_word' id='word_1_420' title='bbox 1650 3217 1753 3290; x_wconf 86' lang='lat' dir='ltr'><strong>priores</strong></span> <span class='ocrx_word' id='word_1_421' title='bbox 1768 3231 1797 3270; x_wconf 78' lang='lat' dir='ltr'><strong>ea</strong></span> <span class='ocrx_word' id='word_1_422' title='bbox 1812 3213 1855 3266; x_wconf 73' lang='lat' dir='ltr'><strong>rite</strong></span> 
     </span>
     <span class='ocr_line' id='line_1_34' title="bbox 247 3306 1856 3384; baseline -0.011 -8"><span class='ocrx_word' id='word_1_423' title='bbox 247 3306 348 3360; x_wconf 55' lang='lat' dir='ltr'><strong>mim·</strong></span> <span class='ocrx_word' id='word_1_424' title='bbox 1087 3313 1173 3368; x_wconf 87' lang='lat' dir='ltr'><strong>etiem</strong></span> <span class='ocrx_word' id='word_1_425' title='bbox 1188 3309 1589 3384; x_wconf 76' lang='lat' dir='ltr'><strong>sintentsriores‚errdemqus</strong></span> <span class='ocrx_word' id='word_1_426' title='bbox 1602 3308 1702 3366; x_wconf 83' lang='lat' dir='ltr'><strong>ordine</strong></span> <span class='ocrx_word' id='word_1_427' title='bbox 1713 3322 1771 3362; x_wconf 88' lang='lat' dir='ltr'><strong>oum</strong></span> <span class='ocrx_word' id='word_1_428' title='bbox 1784 3317 1856 3374; x_wconf 73' lang='lat' dir='ltr'><strong>perst—</strong></span> 
     </span>
     <span class='ocr_line' id='line_1_35' title="bbox 532 3391 1856 3470; baseline 0 -20"><span class='ocrx_word' id='word_1_429' title='bbox 532 3396 649 3452; x_wconf 74' lang='lat' dir='ltr'><strong>GAPUT</strong></span> <span class='ocrx_word' id='word_1_430' title='bbox 667 3397 761 3453; x_wconf 81' lang='lat' dir='ltr'><strong>Lillll.</strong></span> <span class='ocrx_word' id='word_1_431' title='bbox 1087 3401 1349 3464; x_wconf 85' lang='lat' dir='ltr'><strong>aerintieohorum,</strong></span> <span class='ocrx_word' id='word_1_432' title='bbox 1366 3404 1671 3470; x_wconf 86' lang='lat' dir='ltr'><strong>prosternunlse,eum</strong></span> <span class='ocrx_word' id='word_1_433' title='bbox 1683 3396 1747 3468; x_wconf 87' lang='lat' dir='ltr'><strong>ipsis</strong></span> <span class='ocrx_word' id='word_1_434' title='bbox 1755 3391 1856 3466; x_wconf 71' lang='lat' dir='ltr'><strong>psalma</strong></span> 
     </span>
     <span class='ocr_line' id='line_1_36' title="bbox 409 3480 1857 3564; baseline -0.003 -27"><span class='ocrx_word' id='word_1_435' title='bbox 409 3485 546 3552; x_wconf 78' lang='lat' dir='ltr'><strong>Quomodo</strong></span> <span class='ocrx_word' id='word_1_436' title='bbox 560 3491 584 3538; x_wconf 87' lang='lat' dir='ltr'><strong>el</strong></span> <span class='ocrx_word' id='word_1_437' title='bbox 602 3487 714 3554; x_wconf 84' lang='lat' dir='ltr'><strong>quondo</strong></span> <span class='ocrx_word' id='word_1_438' title='bbox 727 3490 885 3556; x_wconf 74' lang='lat' dir='ltr'><strong>sepeliatur.</strong></span> <span class='ocrx_word' id='word_1_439' title='bbox 1088 3507 1158 3564; x_wconf 86' lang='lat' dir='ltr'><strong>quos</strong></span> <span class='ocrx_word' id='word_1_440' title='bbox 1173 3490 1303 3545; x_wconf 82' lang='lat' dir='ltr'><strong>sacerdos</strong></span> <span class='ocrx_word' id='word_1_441' title='bbox 1315 3489 1374 3559; x_wconf 86' lang='lat' dir='ltr'><strong>jam</strong></span> <span class='ocrx_word' id='word_1_442' title='bbox 1390 3487 1453 3544; x_wconf 84' lang='lat' dir='ltr'><strong>alba</strong></span> <span class='ocrx_word' id='word_1_443' title='bbox 1469 3493 1497 3544; x_wconf 89' lang='lat' dir='ltr'><strong>et</strong></span> <span class='ocrx_word' id='word_1_444' title='bbox 1509 3486 1581 3544; x_wconf 82' lang='lat' dir='ltr'><strong>stola</strong></span> <span class='ocrx_word' id='word_1_445' title='bbox 1593 3491 1695 3544; x_wconf 83' lang='lat' dir='ltr'><strong>exutus</strong></span> <span class='ocrx_word' id='word_1_446' title='bbox 1716 3482 1809 3538; x_wconf 77' lang='lat' dir='ltr'><strong>claudit</strong></span> <span class='ocrx_word' id='word_1_447' title='bbox 1818 3480 1857 3533; x_wconf 86' lang='lat' dir='ltr'><strong>ber</strong></span> 
     </span>
     <span class='ocr_line' id='line_1_37' title="bbox 285 3571 1858 3648; baseline 0.003 -22"><span class='ocrx_word' id='word_1_448' title='bbox 285 3571 553 3644; x_wconf 60' lang='lat' dir='ltr'><strong>&#39;Finitocapitula</strong></span> <span class='ocrx_word' id='word_1_449' title='bbox 576 3581 605 3629; x_wconf 87' lang='lat' dir='ltr'><strong>et</strong></span> <span class='ocrx_word' id='word_1_450' title='bbox 625 3575 650 3628; x_wconf 88' lang='lat' dir='ltr'><strong>si</strong></span> <span class='ocrx_word' id='word_1_451' title='bbox 674 3575 738 3630; x_wconf 87' lang='lat' dir='ltr'><strong>telis</strong></span> <span class='ocrx_word' id='word_1_452' title='bbox 758 3583 802 3630; x_wconf 89' lang='lat' dir='ltr'><strong>est</strong></span> <span class='ocrx_word' id='word_1_453' title='bbox 824 3577 895 3640; x_wconf 90' lang='lat' dir='ltr'><strong>dies,</strong></span> <span class='ocrx_word' id='word_1_454' title='bbox 915 3594 1047 3648; x_wconf 88' lang='lat' dir='ltr'><strong>percussa</strong></span> <span class='ocrx_word' id='word_1_455' title='bbox 1088 3581 1225 3636; x_wconf 85' lang='lat' dir='ltr'><strong>collecta:</strong></span> <span class='ocrx_word' id='word_1_456' title='bbox 1242 3578 1354 3635; x_wconf 81' lang='lat' dir='ltr'><strong>Absolve</strong></span> <span class='ocrx_word' id='word_1_457' title='bbox 1368 3579 1635 3644; x_wconf 77' lang='lat' dir='ltr'><strong>Douriaeertr&#39;mom,</strong></span> <span class='ocrx_word' id='word_1_458' title='bbox 1649 3575 1858 3644; x_wconf 69' lang='lat' dir='ltr'><strong>deauraretur</strong></span> 
     </span>
     <span class='ocr_line' id='line_1_38' title="bbox 248 3659 1858 3740; baseline 0.001 -23"><span class='ocrx_word' id='word_1_459' title='bbox 248 3659 355 3726; x_wconf 84' lang='lat' dir='ltr'><strong>tabula,</strong></span> <span class='ocrx_word' id='word_1_460' title='bbox 368 3663 444 3733; x_wconf 83' lang='lat' dir='ltr'><strong>prior</strong></span> <span class='ocrx_word' id='word_1_461' title='bbox 455 3663 1046 3738; x_wconf 76' lang='lat' dir='ltr'><strong>unumdemajoribussignisaliqueetulupn</strong></span> <span class='ocrx_word' id='word_1_462' title='bbox 1088 3675 1246 3740; x_wconf 84' lang='lat' dir='ltr'><strong>prostratus</strong></span> <span class='ocrx_word' id='word_1_463' title='bbox 1259 3667 1389 3738; x_wconf 82' lang='lat' dir='ltr'><strong>jacuerit.</strong></span> <span class='ocrx_word' id='word_1_464' title='bbox 1412 3667 1488 3740; x_wconf 82' lang='lat' dir='ltr'><strong>Quos</strong></span> <span class='ocrx_word' id='word_1_465' title='bbox 1506 3667 1594 3723; x_wconf 81' lang='lat' dir='ltr'><strong>etiarn</strong></span> <span class='ocrx_word' id='word_1_466' title='bbox 1616 3665 1721 3732; x_wconf 72' lang='lat' dir='ltr'><strong>infirmi</strong></span> <span class='ocrx_word' id='word_1_467' title='bbox 1738 3662 1858 3733; x_wconf 74' lang='lat' dir='ltr'><strong>incipiente</strong></span> 
     </span>
     <span class='ocr_line' id='line_1_39' title="bbox 250 3751 1858 3826; baseline 0.007 -20"><span class='ocrx_word' id='word_1_468' title='bbox 250 3767 301 3822; x_wconf 86' lang='lat' dir='ltr'><strong>per</strong></span> <span class='ocrx_word' id='word_1_469' title='bbox 314 3756 373 3806; x_wconf 86' lang='lat' dir='ltr'><strong>tres</strong></span> <span class='ocrx_word' id='word_1_470' title='bbox 387 3752 461 3805; x_wconf 87' lang='lat' dir='ltr'><strong>vices</strong></span> <span class='ocrx_word' id='word_1_471' title='bbox 474 3752 585 3822; x_wconf 84' lang='lat' dir='ltr'><strong>tangit:</strong></span> <span class='ocrx_word' id='word_1_472' title='bbox 603 3753 773 3809; x_wconf 72' lang='lat' dir='ltr'><strong>conueniunt</strong></span> <span class='ocrx_word' id='word_1_473' title='bbox 794 3753 905 3826; x_wconf 79' lang='lat' dir='ltr'><strong>iratres,</strong></span> <span class='ocrx_word' id='word_1_474' title='bbox 927 3763 956 3811; x_wconf 91' lang='lat' dir='ltr'><strong>et</strong></span> <span class='ocrx_word' id='word_1_475' title='bbox 975 3759 1047 3812; x_wconf 86' lang='lat' dir='ltr'><strong>cerei</strong></span> <span class='ocrx_word' id='word_1_476' title='bbox 1087 3761 1226 3812; x_wconf 84' lang='lat' dir='ltr'><strong>eonrsntu</strong></span> <span class='ocrx_word' id='word_1_477' title='bbox 1238 3755 1372 3812; x_wconf 79' lang='lat' dir='ltr'><strong>inchoant</strong></span> <span class='ocrx_word' id='word_1_478' title='bbox 1386 3769 1419 3808; x_wconf 85' lang='lat' dir='ltr'><strong>sc</strong></span> <span class='ocrx_word' id='word_1_479' title='bbox 1430 3751 1564 3824; x_wconf 80' lang='lat' dir='ltr'><strong>prostrati</strong></span> <span class='ocrx_word' id='word_1_480' title='bbox 1579 3752 1798 3822; x_wconf 65' lang='lat' dir='ltr'><strong>maleelbissffi·</strong></span> <span class='ocrx_word' id='word_1_481' title='bbox 1812 3760 1858 3817; x_wconf 68' lang='lat'><strong>‘1⁰⁸³</strong></span> 
     </span>
     <span class='ocr_line' id='line_1_40' title="bbox 250 3833 1857 3914; baseline -0.002 -21"><span class='ocrx_word' id='word_1_482' title='bbox 250 3833 302 3912; x_wconf 85' lang='lat' dir='ltr'><strong>&#39;per</strong></span> <span class='ocrx_word' id='word_1_483' title='bbox 310 3835 439 3899; x_wconf 74' lang='lat' dir='ltr'><strong>&#39;custodes</strong></span> <span class='ocrx_word' id='word_1_484' title='bbox 445 3839 567 3895; x_wconf 77' lang='lat' dir='ltr'><strong>molesia</strong></span> <span class='ocrx_word' id='word_1_485' title='bbox 576 3841 694 3912; x_wconf 78' lang='lat' dir='ltr'><strong>singulis</strong></span> <span class='ocrx_word' id='word_1_486' title='bbox 703 3841 920 3912; x_wconf 78' lang='lat' dir='ltr'><strong>distribuuntur,</strong></span> <span class='ocrx_word' id='word_1_487' title='bbox 926 3843 1047 3900; x_wconf 88' lang='lat' dir='ltr'><strong>infirmis</strong></span> <span class='ocrx_word' id='word_1_488' title='bbox 1087 3845 1252 3902; x_wconf 79' lang='lat' dir='ltr'><strong>defunctum</strong></span> <span class='ocrx_word' id='word_1_489' title='bbox 1265 3843 1406 3902; x_wconf 77' lang='lat' dir='ltr'><strong>efferendo</strong></span> <span class='ocrx_word' id='word_1_490' title='bbox 1419 3843 1515 3900; x_wconf 82' lang='lat' dir='ltr'><strong>stetim</strong></span> <span class='ocrx_word' id='word_1_491' title='bbox 1540 3842 1651 3914; x_wconf 71' lang='lat' dir='ltr'><strong>adseri</strong></span> <span class='ocrx_word' id='word_1_492' title='bbox 1667 3847 1734 3902; x_wconf 80' lang='lat' dir='ltr'><strong>sual</strong></span> <span class='ocrx_word' id='word_1_493' title='bbox 1745 3839 1857 3898; x_wconf 75' lang='lat' dir='ltr'><strong>inciae.</strong></span> 
     </span>
     <span class='ocr_line' id='line_1_41' title="bbox 251 3923 1860 4006; baseline 0.002 -24"><span class='ocrx_word' id='word_1_494' title='bbox 251 3943 363 3999; x_wconf 87' lang='lat' dir='ltr'><strong>quoque</strong></span> <span class='ocrx_word' id='word_1_495' title='bbox 375 3935 441 3984; x_wconf 85' lang='lat' dir='ltr'><strong>ente</strong></span> <span class='ocrx_word' id='word_1_496' title='bbox 456 3929 498 3982; x_wconf 87' lang='lat' dir='ltr'><strong>vel</strong></span> <span class='ocrx_word' id='word_1_497' title='bbox 508 3935 586 3983; x_wconf 82' lang='lat' dir='ltr'><strong>extra</strong></span> <span class='ocrx_word' id='word_1_498' title='bbox 595 3931 729 4001; x_wconf 72' lang='lat' dir='ltr'><strong>capellum</strong></span> <span class='ocrx_word' id='word_1_499' title='bbox 741 3931 891 3988; x_wconf 82' lang='lat' dir='ltr'><strong>stantibus.</strong></span> <span class='ocrx_word' id='word_1_500' title='bbox 901 3933 1047 4000; x_wconf 89' lang='lat' dir='ltr'><strong>Sacerdos,</strong></span> <span class='ocrx_word' id='word_1_501' title='bbox 1090 3949 1145 3990; x_wconf 92' lang='lat' dir='ltr'><strong>non</strong></span> <span class='ocrx_word' id='word_1_502' title='bbox 1158 3934 1236 4006; x_wconf 91' lang='lat' dir='ltr'><strong>prius</strong></span> <span class='ocrx_word' id='word_1_503' title='bbox 1249 3932 1430 3997; x_wconf 86' lang='lat' dir='ltr'><strong>omittuntur,</strong></span> <span class='ocrx_word' id='word_1_504' title='bbox 1443 3947 1528 4002; x_wconf 87' lang='lat' dir='ltr'><strong>quam</strong></span> <span class='ocrx_word' id='word_1_505' title='bbox 1543 3931 1683 3992; x_wconf 79' lang='lat' dir='ltr'><strong>teretrum</strong></span> <span class='ocrx_word' id='word_1_506' title='bbox 1697 3945 1775 4002; x_wconf 83' lang='lat' dir='ltr'><strong>super</strong></span> <span class='ocrx_word' id='word_1_507' title='bbox 1786 3923 1860 3996; x_wconf 74' lang='lat' dir='ltr'><strong>sepul·</strong></span> 
     </span>
     <span class='ocr_line' id='line_1_42' title="bbox 251 4015 1860 4094; baseline -0.001 -22"><span class='ocrx_word' id='word_1_508' title='bbox 251 4017 300 4088; x_wconf 89' lang='lat' dir='ltr'><strong>qui</strong></span> <span class='ocrx_word' id='word_1_509' title='bbox 315 4015 438 4088; x_wconf 85' lang='lat' dir='ltr'><strong>priorem</strong></span> <span class='ocrx_word' id='word_1_510' title='bbox 450 4018 563 4072; x_wconf 85' lang='lat' dir='ltr'><strong>missam</strong></span> <span class='ocrx_word' id='word_1_511' title='bbox 575 4020 697 4074; x_wconf 83' lang='lat' dir='ltr'><strong>rentovit</strong></span> <span class='ocrx_word' id='word_1_512' title='bbox 705 4022 866 4092; x_wconf 83' lang='lat' dir='ltr'><strong>sepulturus</strong></span> <span class='ocrx_word' id='word_1_513' title='bbox 875 4022 1047 4090; x_wconf 81' lang='lat' dir='ltr'><strong>defunctum,</strong></span> <span class='ocrx_word' id='word_1_514' title='bbox 1091 4024 1190 4078; x_wconf 80' lang='lat' dir='ltr'><strong>mrum</strong></span> <span class='ocrx_word' id='word_1_515' title='bbox 1209 4021 1331 4094; x_wconf 80' lang='lat' dir='ltr'><strong>ponitur.</strong></span> <span class='ocrx_word' id='word_1_516' title='bbox 1354 4021 1499 4080; x_wconf 80' lang='lat' dir='ltr'><strong>Feretrum</strong></span> <span class='ocrx_word' id='word_1_517' title='bbox 1514 4035 1579 4074; x_wconf 82' lang='lat' dir='ltr'><strong>mox</strong></span> <span class='ocrx_word' id='word_1_518' title='bbox 1596 4025 1661 4092; x_wconf 79' lang='lat' dir='ltr'><strong>post</strong></span> <span class='ocrx_word' id='word_1_519' title='bbox 1684 4019 1860 4090; x_wconf 80' lang='lat' dir='ltr'><strong>sepulbrreua</strong></span> 
     </span>
     <span class='ocr_line' id='line_1_43' title="bbox 252 4099 1860 4182; baseline 0.004 -21"><span class='ocrx_word' id='word_1_520' title='bbox 252 4099 369 4161; x_wconf 82' lang='lat' dir='ltr'><strong>indutus</strong></span> <span class='ocrx_word' id='word_1_521' title='bbox 388 4105 627 4174; x_wconf 67' lang='lat' dir='ltr'><strong>estelbaedhoc</strong></span> <span class='ocrx_word' id='word_1_522' title='bbox 642 4115 751 4165; x_wconf 84' lang='lat' dir='ltr'><strong>tentum</strong></span> <span class='ocrx_word' id='word_1_523' title='bbox 767 4111 912 4182; x_wconf 85' lang='lat' dir='ltr'><strong>deputate,</strong></span> <span class='ocrx_word' id='word_1_524' title='bbox 925 4119 953 4166; x_wconf 92' lang='lat' dir='ltr'><strong>et</strong></span> <span class='ocrx_word' id='word_1_525' title='bbox 966 4113 1048 4168; x_wconf 86' lang='lat' dir='ltr'><strong>stole.</strong></span> <span class='ocrx_word' id='word_1_526' title='bbox 1090 4113 1205 4168; x_wconf 83' lang='lat' dir='ltr'><strong>famulis</strong></span> <span class='ocrx_word' id='word_1_527' title='bbox 1218 4109 1366 4168; x_wconf 83' lang='lat' dir='ltr'><strong>infirmarii</strong></span> <span class='ocrx_word' id='word_1_528' title='bbox 1381 4110 1409 4170; x_wconf 89' lang='lat' dir='ltr'><strong>ln</strong></span> <span class='ocrx_word' id='word_1_529' title='bbox 1421 4109 1582 4181; x_wconf 82' lang='lat' dir='ltr'><strong>predictam</strong></span> <span class='ocrx_word' id='word_1_530' title='bbox 1598 4109 1743 4169; x_wconf 55' lang='lat' dir='ltr'><strong>Quiane</strong></span> <span class='ocrx_word' id='word_1_531' title='bbox 1763 4111 1860 4177; x_wconf 66' lang='lat' dir='ltr'><strong>repom·</strong></span> 
     </span>
     <span class='ocr_line' id='line_1_44' title="bbox 251 4195 1860 4274; baseline -0.002 -24"><span class='ocrx_word' id='word_1_532' title='bbox 251 4195 397 4252; x_wconf 64' lang='lat' dir='ltr'><strong>hmanas</strong></span> <span class='ocrx_word' id='word_1_533' title='bbox 410 4198 498 4254; x_wconf 81' lang='lat' dir='ltr'><strong>accito</strong></span> <span class='ocrx_word' id='word_1_534' title='bbox 522 4197 577 4251; x_wconf 89' lang='lat' dir='ltr'><strong>alio</strong></span> <span class='ocrx_word' id='word_1_535' title='bbox 601 4197 688 4253; x_wconf 87' lang='lat' dir='ltr'><strong>tratre</strong></span> <span class='ocrx_word' id='word_1_536' title='bbox 712 4199 810 4271; x_wconf 87' lang='lat' dir='ltr'><strong>incipit</strong></span> <span class='ocrx_word' id='word_1_537' title='bbox 834 4201 919 4270; x_wconf 74' lang='lat' dir='ltr'><strong>lyris</strong></span> <span class='ocrx_word' id='word_1_538' title='bbox 933 4205 1045 4260; x_wconf 74' lang='lat' dir='ltr'><strong>abiron.</strong></span> <span class='ocrx_word' id='word_1_539' title='bbox 1091 4207 1147 4266; x_wconf 88' lang='lat' dir='ltr'><strong>tur,</strong></span> <span class='ocrx_word' id='word_1_540' title='bbox 1163 4199 1393 4274; x_wconf 79' lang='lat' dir='ltr'><strong>utilliojugiler,</strong></span> <span class='ocrx_word' id='word_1_541' title='bbox 1419 4213 1483 4260; x_wconf 86' lang='lat' dir='ltr'><strong>oum</strong></span> <span class='ocrx_word' id='word_1_542' title='bbox 1504 4214 1575 4269; x_wconf 88' lang='lat' dir='ltr'><strong>epus</strong></span> <span class='ocrx_word' id='word_1_543' title='bbox 1596 4198 1695 4262; x_wconf 82' lang='lat' dir='ltr'><strong>luerit,</strong></span> <span class='ocrx_word' id='word_1_544' title='bbox 1720 4196 1860 4256; x_wconf 80' lang='lat' dir='ltr'><strong>invenietur.</strong></span> 
     </span>
     <span class='ocr_line' id='line_1_45' title="bbox 253 4284 1863 4366; baseline -0.004 -26"><span class='ocrx_word' id='word_1_545' title='bbox 253 4287 359 4340; x_wconf 77' lang='lat' dir='ltr'><strong>Glcrr&#39;sle</strong></span> <span class='ocrx_word' id='word_1_546' title='bbox 372 4289 482 4340; x_wconf 77' lang='lat' dir='ltr'><strong>cleison.</strong></span> <span class='ocrx_word' id='word_1_547' title='bbox 500 4287 583 4355; x_wconf 74' lang='lat' dir='ltr'><strong>lyris</strong></span> <span class='ocrx_word' id='word_1_548' title='bbox 595 4287 704 4342; x_wconf 82' lang='lat' dir='ltr'><strong>eleison.</strong></span> <span class='ocrx_word' id='word_1_549' title='bbox 724 4288 766 4342; x_wconf 81' lang='lat' dir='ltr'><strong>Ad</strong></span> <span class='ocrx_word' id='word_1_550' title='bbox 786 4289 859 4360; x_wconf 89' lang='lat' dir='ltr'><strong>quod</strong></span> <span class='ocrx_word' id='word_1_551' title='bbox 874 4307 937 4344; x_wconf 88' lang='lat' dir='ltr'><strong>cum</strong></span> <span class='ocrx_word' id='word_1_552' title='bbox 951 4307 1049 4348; x_wconf 89' lang='lat' dir='ltr'><strong>omnes</strong></span> <span class='ocrx_word' id='word_1_553' title='bbox 1126 4293 1209 4361; x_wconf 55' lang='lat' dir='ltr'><strong>(rtur.)</strong></span> <span class='ocrx_word' id='word_1_554' title='bbox 1221 4288 1337 4360; x_wconf 87' lang='lat' dir='ltr'><strong>Ipsodie</strong></span> <span class='ocrx_word' id='word_1_555' title='bbox 1352 4304 1407 4359; x_wconf 83' lang='lat' dir='ltr'><strong>qua</strong></span> <span class='ocrx_word' id='word_1_556' title='bbox 1421 4287 1723 4366; x_wconf 73' lang='lat' dir='ltr'><strong>deiunctussepditur.</strong></span> <span class='ocrx_word' id='word_1_557' title='bbox 1735 4284 1863 4340; x_wconf 88' lang='lat' dir='ltr'><strong>sibiscou·</strong></span> 
     </span>
     <span class='ocr_line' id='line_1_46' title="bbox 251 4341 1866 4458; baseline 0 -30"><span class='ocrx_word' id='word_1_558' title='bbox 251 4367 384 4429; x_wconf 87' lang='lat' dir='ltr'><strong>similiter</strong></span> <span class='ocrx_word' id='word_1_559' title='bbox 401 4375 607 4446; x_wconf 79' lang='lat' dir='ltr'><strong>responderint,</strong></span> <span class='ocrx_word' id='word_1_560' title='bbox 626 4376 798 4432; x_wconf 82' lang='lat' dir='ltr'><strong>submittunt</strong></span> <span class='ocrx_word' id='word_1_561' title='bbox 818 4395 847 4432; x_wconf 90' lang='lat' dir='ltr'><strong>se</strong></span> <span class='ocrx_word' id='word_1_562' title='bbox 871 4379 989 4436; x_wconf 86' lang='lat' dir='ltr'><strong>inclines</strong></span> <span class='ocrx_word' id='word_1_563' title='bbox 1012 4341 1195 4446; x_wconf 74' lang='lat' dir='ltr'><strong>adDeditur,</strong></span> <span class='ocrx_word' id='word_1_564' title='bbox 1203 4378 1339 4450; x_wconf 88' lang='lat' dir='ltr'><strong>quidquid</strong></span> <span class='ocrx_word' id='word_1_565' title='bbox 1352 4377 1385 4434; x_wconf 87' lang='lat' dir='ltr'><strong>sd</strong></span> <span class='ocrx_word' id='word_1_566' title='bbox 1398 4393 1507 4435; x_wconf 84' lang='lat' dir='ltr'><strong>coensm</strong></span> <span class='ocrx_word' id='word_1_567' title='bbox 1521 4377 1603 4448; x_wconf 85' lang='lat' dir='ltr'><strong>penis</strong></span> <span class='ocrx_word' id='word_1_568' title='bbox 1620 4377 1663 4434; x_wconf 84' lang='lat' dir='ltr'><strong>rel</strong></span> <span class='ocrx_word' id='word_1_569' title='bbox 1685 4383 1764 4458; x_wconf 88' lang='lat' dir='ltr'><strong>potus</strong></span> <span class='ocrx_word' id='word_1_570' title='bbox 1775 4385 1866 4446; x_wconf 73' lang='lat' dir='ltr'><strong>repar</strong></span> 
     </span>
     <span class='ocr_line' id='line_1_47' title="bbox 253 4455 1865 4542; baseline -0.002 -24"><span class='ocrx_word' id='word_1_571' title='bbox 253 4463 410 4522; x_wconf 82' lang='lat' dir='ltr'><strong>orationem</strong></span> <span class='ocrx_word' id='word_1_572' title='bbox 424 4462 611 4529; x_wconf 87' lang='lat' dir='ltr'><strong>Dominioam,</strong></span> <span class='ocrx_word' id='word_1_573' title='bbox 633 4469 662 4519; x_wconf 87' lang='lat' dir='ltr'><strong>at</strong></span> <span class='ocrx_word' id='word_1_574' title='bbox 678 4466 809 4520; x_wconf 79' lang='lat' dir='ltr'><strong>sacerdos</strong></span> <span class='ocrx_word' id='word_1_575' title='bbox 823 4465 928 4538; x_wconf 79' lang='lat' dir='ltr'><strong>absque</strong></span> <span class='ocrx_word' id='word_1_576' title='bbox 942 4469 1051 4524; x_wconf 80' lang='lat' dir='ltr'><strong>seluta-</strong></span> <span class='ocrx_word' id='word_1_577' title='bbox 1090 4469 1168 4535; x_wconf 87' lang='lat' dir='ltr'><strong>serit,</strong></span> <span class='ocrx_word' id='word_1_578' title='bbox 1184 4468 1219 4524; x_wconf 85' lang='lat' dir='ltr'><strong>ad</strong></span> <span class='ocrx_word' id='word_1_579' title='bbox 1235 4467 1442 4542; x_wconf 79' lang='lat' dir='ltr'><strong>deernosynam</strong></span> <span class='ocrx_word' id='word_1_580' title='bbox 1464 4481 1514 4536; x_wconf 81' lang='lat' dir='ltr'><strong>pre</strong></span> <span class='ocrx_word' id='word_1_581' title='bbox 1528 4483 1562 4522; x_wconf 83' lang='lat' dir='ltr'><strong>eo</strong></span> <span class='ocrx_word' id='word_1_582' title='bbox 1577 4466 1680 4534; x_wconf 62' lang='lat' dir='ltr'><strong>delun</strong></span> <span class='ocrx_word' id='word_1_583' title='bbox 1696 4465 1719 4524; x_wconf 91' lang='lat' dir='ltr'><strong>si</strong></span> <span class='ocrx_word' id='word_1_584' title='bbox 1734 4461 1820 4522; x_wconf 86' lang='lat' dir='ltr'><strong>semel.</strong></span> <span class='ocrx_word' id='word_1_585' title='bbox 1839 4455 1865 4515; x_wconf 84' lang='lat' dir='ltr'><strong>ad</strong></span> 
     </span>
     <span class='ocr_line' id='line_1_48' title="bbox 253 4545 1866 4630; baseline 0.009 -25"><span class='ocrx_word' id='word_1_586' title='bbox 253 4551 331 4606; x_wconf 86' lang='lat' dir='ltr'><strong>tione</strong></span> <span class='ocrx_word' id='word_1_587' title='bbox 345 4552 413 4606; x_wconf 89' lang='lat' dir='ltr'><strong>dicit</strong></span> <span class='ocrx_word' id='word_1_588' title='bbox 425 4553 476 4606; x_wconf 89' lang='lat' dir='ltr'><strong>hes</strong></span> <span class='ocrx_word' id='word_1_589' title='bbox 491 4552 640 4607; x_wconf 83' lang='lat' dir='ltr'><strong>collectas:</strong></span> <span class='ocrx_word' id='word_1_590' title='bbox 656 4556 696 4608; x_wconf 83' lang='lat' dir='ltr'><strong>Ne</strong></span> <span class='ocrx_word' id='word_1_591' title='bbox 711 4557 807 4609; x_wconf 76' lang='lat' dir='ltr'><strong>intres.</strong></span> <span class='ocrx_word' id='word_1_592' title='bbox 823 4557 876 4626; x_wconf 68' lang='lat' dir='ltr'><strong>ibo</strong></span> <span class='ocrx_word' id='word_1_593' title='bbox 894 4573 1050 4626; x_wconf 82' lang='lat' dir='ltr'><strong>quesumus</strong></span> <span class='ocrx_word' id='word_1_594' title='bbox 1091 4557 1251 4630; x_wconf 84' lang='lat' dir='ltr'><strong>prandium.</strong></span> <span class='ocrx_word' id='word_1_595' title='bbox 1267 4554 1375 4624; x_wconf 79' lang='lat' dir='ltr'><strong>Singuli</strong></span> <span class='ocrx_word' id='word_1_596' title='bbox 1388 4554 1547 4612; x_wconf 81' lang='lat' dir='ltr'><strong>sacerdotes</strong></span> <span class='ocrx_word' id='word_1_597' title='bbox 1558 4563 1618 4614; x_wconf 88' lang='lat' dir='ltr'><strong>tres</strong></span> <span class='ocrx_word' id='word_1_598' title='bbox 1633 4555 1742 4618; x_wconf 70' lang='lat' dir='ltr'><strong>misas.</strong></span> <span class='ocrx_word' id='word_1_599' title='bbox 1755 4567 1811 4618; x_wconf 73' lang='lat' dir='ltr'><strong>edm</strong></span> <span class='ocrx_word' id='word_1_600' title='bbox 1825 4545 1866 4619; x_wconf 64' lang='lat'><strong>9¹¹²</strong></span> 
     </span>
     <span class='ocr_line' id='line_1_49' title="bbox 254 4638 1867 4717; baseline 0.001 -23"><span class='ocrx_word' id='word_1_601' title='bbox 254 4638 379 4700; x_wconf 72' lang='lat' dir='ltr'><strong>domino.</strong></span> <span class='ocrx_word' id='word_1_602' title='bbox 405 4643 517 4696; x_wconf 78' lang='lat' dir='ltr'><strong>lnolr&#39;oo</strong></span> <span class='ocrx_word' id='word_1_603' title='bbox 539 4641 619 4695; x_wconf 82' lang='lat' dir='ltr'><strong>Bous.</strong></span> <span class='ocrx_word' id='word_1_604' title='bbox 640 4643 817 4698; x_wconf 72' lang='lat' dir='ltr'><strong>premittens</strong></span> <span class='ocrx_word' id='word_1_605' title='bbox 838 4645 874 4699; x_wconf 88' lang='lat' dir='ltr'><strong>ad</strong></span> <span class='ocrx_word' id='word_1_606' title='bbox 901 4646 1047 4716; x_wconf 81' lang='lat' dir='ltr'><strong>singulas:</strong></span> <span class='ocrx_word' id='word_1_607' title='bbox 1091 4644 1331 4717; x_wconf 86' lang='lat' dir='ltr'><strong>mumpotuerint.</strong></span> <span class='ocrx_word' id='word_1_608' title='bbox 1347 4642 1539 4714; x_wconf 79' lang='lat' dir='ltr'><strong>unusquisque</strong></span> <span class='ocrx_word' id='word_1_609' title='bbox 1554 4642 1602 4714; x_wconf 89' lang='lat' dir='ltr'><strong>qui</strong></span> <span class='ocrx_word' id='word_1_610' title='bbox 1616 4645 1672 4706; x_wconf 81' lang='lat' dir='ltr'><strong>seit</strong></span> <span class='ocrx_word' id='word_1_611' title='bbox 1683 4643 1798 4715; x_wconf 80' lang='lat' dir='ltr'><strong>psalmos</strong></span> <span class='ocrx_word' id='word_1_612' title='bbox 1806 4651 1867 4692; x_wconf 68' lang='grc' dir='ltr'><strong>εω-</strong></span> 
     </span>
     <span class='ocr_line' id='line_1_50' title="bbox 255 4728 1868 4806; baseline 0 -22"><span class='ocrx_word' id='word_1_613' title='bbox 255 4729 379 4784; x_wconf 59' lang='lat' dir='ltr'><strong>memus.</strong></span> <span class='ocrx_word' id='word_1_614' title='bbox 396 4728 503 4793; x_wconf 80' lang='lat' dir='ltr'><strong>Quibus</strong></span> <span class='ocrx_word' id='word_1_615' title='bbox 512 4729 667 4801; x_wconf 87' lang='lat' dir='ltr'><strong>imponitur</strong></span> <span class='ocrx_word' id='word_1_616' title='bbox 682 4733 891 4804; x_wconf 83' lang='lat' dir='ltr'><strong>responsorium</strong></span> <span class='ocrx_word' id='word_1_617' title='bbox 906 4733 930 4791; x_wconf 92' lang='lat' dir='ltr'><strong>l.</strong></span> <span class='ocrx_word' id='word_1_618' title='bbox 948 4737 1050 4792; x_wconf 83' lang='lat' dir='ltr'><strong>lodulo</strong></span> <span class='ocrx_word' id='word_1_619' title='bbox 1089 4735 1180 4806; x_wconf 77' lang='lat' dir='ltr'><strong>ginta</strong></span> <span class='ocrx_word' id='word_1_620' title='bbox 1189 4731 1371 4805; x_wconf 84' lang='lat' dir='ltr'><strong>quiillilereli</strong></span> <span class='ocrx_word' id='word_1_621' title='bbox 1382 4733 1486 4789; x_wconf 89' lang='lat' dir='ltr'><strong>totiens</strong></span> <span class='ocrx_word' id='word_1_622' title='bbox 1495 4730 1868 4796; x_wconf 75' lang='lat' dir='ltr'><strong>oradonemllominioeuprl</strong></span> 
     </span>
     <span class='ocr_line' id='line_1_51' title="bbox 254 4814 1869 4894; baseline -0.004 -22"><span class='ocrx_word' id='word_1_623' title='bbox 254 4823 301 4872; x_wconf 83' lang='lat' dir='ltr'><strong>est.</strong></span> <span class='ocrx_word' id='word_1_624' title='bbox 317 4817 344 4875; x_wconf 74' lang='lat'><strong>2.</strong></span> <span class='ocrx_word' id='word_1_625' title='bbox 358 4817 419 4874; x_wconf 78' lang='lat' dir='ltr'><strong>Solo</strong></span> <span class='ocrx_word' id='word_1_626' title='bbox 434 4819 561 4877; x_wconf 78' lang='lat' dir='ltr'><strong>domino.</strong></span> <span class='ocrx_word' id='word_1_627' title='bbox 577 4817 602 4876; x_wconf 78' lang='lat'><strong>3.</strong></span> <span class='ocrx_word' id='word_1_628' title='bbox 620 4823 717 4875; x_wconf 79' lang='lat' dir='ltr'><strong>libera</strong></span> <span class='ocrx_word' id='word_1_629' title='bbox 732 4839 774 4876; x_wconf 71' lang='lat' dir='ltr'><strong>aas</strong></span> <span class='ocrx_word' id='word_1_630' title='bbox 789 4823 914 4894; x_wconf 75' lang='lat' dir='ltr'><strong>dominc.</strong></span> <span class='ocrx_word' id='word_1_631' title='bbox 931 4825 1050 4880; x_wconf 85' lang='lat' dir='ltr'><strong>Versum</strong></span> <span class='ocrx_word' id='word_1_632' title='bbox 1091 4841 1125 4882; x_wconf 87' lang='lat' dir='ltr'><strong>eo.</strong></span> <span class='ocrx_word' id='word_1_633' title='bbox 1139 4821 1438 4892; x_wconf 77' lang='lat' dir='ltr'><strong>cautantlnsequenti</strong></span> <span class='ocrx_word' id='word_1_634' title='bbox 1449 4820 1496 4879; x_wconf 89' lang='lat' dir='ltr'><strong>dis</strong></span> <span class='ocrx_word' id='word_1_635' title='bbox 1509 4821 1661 4885; x_wconf 80' lang='lat' dir='ltr'><strong>inchoetur</strong></span> <span class='ocrx_word' id='word_1_636' title='bbox 1675 4827 1703 4878; x_wconf 90' lang='lat' dir='ltr'><strong>et</strong></span> <span class='ocrx_word' id='word_1_637' title='bbox 1716 4814 1869 4894; x_wconf 85' lang='lat' dir='ltr'><strong>septenarius</strong></span> 
     </span>
     <span class='ocr_line' id='line_1_52' title="bbox 252 4907 1868 4986; baseline 0.01 -25"><span class='ocrx_word' id='word_1_638' title='bbox 252 4911 350 4962; x_wconf 80' lang='lat' dir='ltr'><strong>metat</strong></span> <span class='ocrx_word' id='word_1_639' title='bbox 362 4907 502 4962; x_wconf 85' lang='lat' dir='ltr'><strong>armarius</strong></span> <span class='ocrx_word' id='word_1_640' title='bbox 523 4923 588 4962; x_wconf 81' lang='lat' dir='ltr'><strong>cum</strong></span> <span class='ocrx_word' id='word_1_641' title='bbox 610 4909 666 4964; x_wconf 84' lang='lat' dir='ltr'><strong>elio</strong></span> <span class='ocrx_word' id='word_1_642' title='bbox 687 4909 835 4978; x_wconf 69' lang='lat' dir='ltr'><strong>fratrent</strong></span> <span class='ocrx_word' id='word_1_643' title='bbox 858 4929 944 4986; x_wconf 86' lang='lat' dir='ltr'><strong>supra</strong></span> <span class='ocrx_word' id='word_1_644' title='bbox 966 4916 1051 4984; x_wconf 76' lang='lat' dir='ltr'><strong>Kyrie</strong></span> <span class='ocrx_word' id='word_1_645' title='bbox 1091 4916 1153 4986; x_wconf 77' lang='lat' dir='ltr'><strong>ejus</strong></span> <span class='ocrx_word' id='word_1_646' title='bbox 1168 4921 1196 4970; x_wconf 87' lang='lat' dir='ltr'><strong>et</strong></span> <span class='ocrx_word' id='word_1_647' title='bbox 1206 4913 1381 4984; x_wconf 81' lang='lat' dir='ltr'><strong>tricenarius.</strong></span> <span class='ocrx_word' id='word_1_648' title='bbox 1396 4911 1578 4982; x_wconf 65' lang='lat' dir='ltr'><strong>septenarius</strong></span> <span class='ocrx_word' id='word_1_649' title='bbox 1591 4912 1643 4978; x_wconf 81' lang='lat' dir='ltr'><strong>ite,</strong></span> <span class='ocrx_word' id='word_1_650' title='bbox 1658 4916 1691 4973; x_wconf 83' lang='lat' dir='ltr'><strong>ul</strong></span> <span class='ocrx_word' id='word_1_651' title='bbox 1707 4925 1756 4982; x_wconf 74' lang='lat' dir='ltr'><strong>prr</strong></span> <span class='ocrx_word' id='word_1_652' title='bbox 1778 4911 1868 4976; x_wconf 71' lang='lat' dir='ltr'><strong>septae]</strong></span> 
     </span>
     <span class='ocr_line' id='line_1_53' title="bbox 252 4996 1869 5074; baseline -0.004 -15"><span class='ocrx_word' id='word_1_653' title='bbox 252 4998 362 5052; x_wconf 73' lang='lat' dir='ltr'><strong>seleon.</strong></span> <span class='ocrx_word' id='word_1_654' title='bbox 1091 5004 1151 5060; x_wconf 86' lang='lat' dir='ltr'><strong>dies</strong></span> <span class='ocrx_word' id='word_1_655' title='bbox 1166 5004 1288 5060; x_wconf 78' lang='lat' dir='ltr'><strong>officium</strong></span> <span class='ocrx_word' id='word_1_656' title='bbox 1301 5010 1330 5058; x_wconf 82' lang='lat' dir='ltr'><strong>et</strong></span> <span class='ocrx_word' id='word_1_657' title='bbox 1341 5000 1428 5058; x_wconf 83' lang='lat' dir='ltr'><strong>misso</strong></span> <span class='ocrx_word' id='word_1_658' title='bbox 1438 5005 1567 5060; x_wconf 74' lang='lat' dir='ltr'><strong>oenmtur</strong></span> <span class='ocrx_word' id='word_1_659' title='bbox 1578 5015 1631 5074; x_wconf 82' lang='lat' dir='ltr'><strong>pro</strong></span> <span class='ocrx_word' id='word_1_660' title='bbox 1646 5017 1680 5060; x_wconf 83' lang='lat' dir='ltr'><strong>se</strong></span> <span class='ocrx_word' id='word_1_661' title='bbox 1692 4996 1869 5070; x_wconf 70' lang='lat' dir='ltr'><strong>ramalium</strong></span> 
     </span>
     <span class='ocr_line' id='line_1_54' title="bbox 289 5082 1871 5164; baseline 0.004 -25"><span class='ocrx_word' id='word_1_662' title='bbox 289 5085 425 5151; x_wconf 83' lang='lat' dir='ltr'><strong>Quotiens</strong></span> <span class='ocrx_word' id='word_1_663' title='bbox 434 5085 561 5141; x_wconf 86' lang='lat' dir='ltr'><strong>incensat</strong></span> <span class='ocrx_word' id='word_1_664' title='bbox 571 5088 1051 5164; x_wconf 80' lang='lat' dir='ltr'><strong>eltereprincipele,totiensoorpus</strong></span> <span class='ocrx_word' id='word_1_665' title='bbox 1091 5099 1230 5148; x_wconf 80' lang='lat' dir='ltr'><strong>conventu</strong></span> <span class='ocrx_word' id='word_1_666' title='bbox 1245 5107 1251 5140; x_wconf 83' lang='lat'>:</span> <span class='ocrx_word' id='word_1_667' title='bbox 1268 5090 1436 5150; x_wconf 79' lang='lat' dir='ltr'><strong>tricenarius</strong></span> <span class='ocrx_word' id='word_1_668' title='bbox 1448 5106 1512 5146; x_wconf 77' lang='lat' dir='ltr'><strong>vere</strong></span> <span class='ocrx_word' id='word_1_669' title='bbox 1526 5090 1576 5154; x_wconf 67' lang='lat' dir='ltr'><strong>ile,</strong></span> <span class='ocrx_word' id='word_1_670' title='bbox 1591 5095 1624 5150; x_wconf 81' lang='lat' dir='ltr'><strong>ul</strong></span> <span class='ocrx_word' id='word_1_671' title='bbox 1637 5106 1690 5160; x_wconf 82' lang='lat' dir='ltr'><strong>per</strong></span> <span class='ocrx_word' id='word_1_672' title='bbox 1700 5087 1810 5159; x_wconf 72' lang='lat' dir='ltr'><strong>lagida</strong></span> <span class='ocrx_word' id='word_1_673' title='bbox 1821 5082 1871 5138; x_wconf 62' lang='lat' dir='ltr'><strong>dits</strong></span> 
     </span>
     <span class='ocr_line' id='line_1_55' title="bbox 252 5175 1871 5256; baseline 0.004 -27"><span class='ocrx_word' id='word_1_674' title='bbox 252 5175 379 5231; x_wconf 71' lang='lat' dir='ltr'><strong>deuincti</strong></span> <span class='ocrx_word' id='word_1_675' title='bbox 392 5191 504 5230; x_wconf 82' lang='lat' dir='ltr'><strong>crucem</strong></span> <span class='ocrx_word' id='word_1_676' title='bbox 516 5177 637 5249; x_wconf 83' lang='lat' dir='ltr'><strong>desuper</strong></span> <span class='ocrx_word' id='word_1_677' title='bbox 660 5177 773 5233; x_wconf 76' lang='lat' dir='ltr'><strong>todem.</strong></span> <span class='ocrx_word' id='word_1_678' title='bbox 799 5181 959 5251; x_wconf 87' lang='lat' dir='ltr'><strong>Imponiter</strong></span> <span class='ocrx_word' id='word_1_679' title='bbox 973 5182 1049 5236; x_wconf 81' lang='lat' dir='ltr'><strong>anri·</strong></span> <span class='ocrx_word' id='word_1_680' title='bbox 1092 5182 1175 5237; x_wconf 91' lang='lat' dir='ltr'><strong>detur</strong></span> <span class='ocrx_word' id='word_1_681' title='bbox 1189 5181 1224 5237; x_wconf 88' lang='lat' dir='ltr'><strong>ad</strong></span> <span class='ocrx_word' id='word_1_682' title='bbox 1235 5181 1442 5256; x_wconf 74' lang='lat' dir='ltr'><strong>eleemosynam</strong></span> <span class='ocrx_word' id='word_1_683' title='bbox 1463 5179 1524 5248; x_wconf 77' lang='lat' dir='ltr'><strong>eius</strong></span> <span class='ocrx_word' id='word_1_684' title='bbox 1543 5177 1696 5248; x_wconf 72' lang='lat' dir='ltr'><strong>prebenda</strong></span> <span class='ocrx_word' id='word_1_685' title='bbox 1714 5175 1871 5249; x_wconf 70' lang='lat' dir='ltr'><strong>placitanti</strong></span> 
     </span>
     <span class='ocr_line' id='line_1_56' title="bbox 252 5262 1870 5341; baseline 0.006 -24"><span class='ocrx_word' id='word_1_686' title='bbox 252 5265 346 5336; x_wconf 74' lang='lat' dir='ltr'><strong>pliona</strong></span> <span class='ocrx_word' id='word_1_687' title='bbox 358 5280 421 5319; x_wconf 90' lang='lat' dir='ltr'><strong>cum</strong></span> <span class='ocrx_word' id='word_1_688' title='bbox 430 5266 536 5334; x_wconf 87' lang='lat' dir='ltr'><strong>psalmo</strong></span> <span class='ocrx_word' id='word_1_689' title='bbox 544 5268 745 5338; x_wconf 71' lang='lat' dir='ltr'><strong>‹amegasimo</strong></span> <span class='ocrx_word' id='word_1_690' title='bbox 757 5269 789 5324; x_wconf 90' lang='lat' dir='ltr'><strong>ln</strong></span> <span class='ocrx_word' id='word_1_691' title='bbox 803 5268 856 5322; x_wconf 87' lang='lat' dir='ltr'><strong>hac</strong></span> <span class='ocrx_word' id='word_1_692' title='bbox 874 5272 1051 5341; x_wconf 85' lang='lat' dir='ltr'><strong>processione</strong></span> <span class='ocrx_word' id='word_1_693' title='bbox 1092 5271 1217 5341; x_wconf 82' lang='lat' dir='ltr'><strong>psalmus</strong></span> <span class='ocrx_word' id='word_1_694' title='bbox 1225 5271 1288 5326; x_wconf 73' lang='lat' dir='ltr'><strong>l&#39;uoe</strong></span> <span class='ocrx_word' id='word_1_695' title='bbox 1300 5285 1361 5326; x_wconf 76' lang='lat' dir='ltr'><strong>rnre</strong></span> <span class='ocrx_word' id='word_1_696' title='bbox 1375 5268 1436 5339; x_wconf 80' lang='lat' dir='ltr'><strong>(qui</strong></span> <span class='ocrx_word' id='word_1_697' title='bbox 1451 5275 1546 5326; x_wconf 78' lang='lat' dir='ltr'><strong>terum</strong></span> <span class='ocrx_word' id='word_1_698' title='bbox 1558 5267 1631 5326; x_wconf 81' lang='lat' dir='ltr'><strong>solor</strong></span> <span class='ocrx_word' id='word_1_699' title='bbox 1644 5266 1681 5328; x_wconf 77' lang='lat' dir='ltr'><strong>ali</strong></span> <span class='ocrx_word' id='word_1_700' title='bbox 1694 5279 1787 5324; x_wconf 69' lang='lat' dir='ltr'><strong>omnes</strong></span> <span class='ocrx_word' id='word_1_701' title='bbox 1800 5262 1870 5318; x_wconf 71' lang='lat' dir='ltr'><strong>h⁰ffl⁵</strong></span> 
     </span>
     <span class='ocr_line' id='line_1_57' title="bbox 252 5349 1872 5430; baseline 0.009 -24"><span class='ocrx_word' id='word_1_702' title='bbox 252 5354 375 5424; x_wconf 84' lang='lat' dir='ltr'><strong>primum</strong></span> <span class='ocrx_word' id='word_1_703' title='bbox 399 5369 473 5425; x_wconf 84' lang='lat' dir='ltr'><strong>aque</strong></span> <span class='ocrx_word' id='word_1_704' title='bbox 495 5353 649 5418; x_wconf 83' lang='lat' dir='ltr'><strong>benedicte,</strong></span> <span class='ocrx_word' id='word_1_705' title='bbox 674 5355 816 5412; x_wconf 85' lang='lat' dir='ltr'><strong>incensum</strong></span> <span class='ocrx_word' id='word_1_706' title='bbox 842 5363 870 5412; x_wconf 86' lang='lat' dir='ltr'><strong>st</strong></span> <span class='ocrx_word' id='word_1_707' title='bbox 895 5375 962 5413; x_wconf 88' lang='lat' dir='ltr'><strong>crux</strong></span> <span class='ocrx_word' id='word_1_708' title='bbox 986 5376 1049 5430; x_wconf 78' lang='lat' dir='ltr'><strong>cupi</strong></span> <span class='ocrx_word' id='word_1_709' title='bbox 1091 5359 1146 5414; x_wconf 87' lang='lat' dir='ltr'><strong>dici</strong></span> <span class='ocrx_word' id='word_1_710' title='bbox 1161 5376 1211 5430; x_wconf 89' lang='lat' dir='ltr'><strong>pro</strong></span> <span class='ocrx_word' id='word_1_711' title='bbox 1222 5377 1254 5414; x_wconf 86' lang='lat' dir='ltr'><strong>so</strong></span> <span class='ocrx_word' id='word_1_712' title='bbox 1265 5371 1281 5424; x_wconf 73' lang='lat' dir='ltr'><strong>:r</strong></span> <span class='ocrx_word' id='word_1_713' title='bbox 1297 5364 1364 5412; x_wconf 87' lang='lat' dir='ltr'><strong>tuuc</strong></span> <span class='ocrx_word' id='word_1_714' title='bbox 1378 5357 1489 5414; x_wconf 85' lang='lat' dir='ltr'><strong>dicatur</strong></span> <span class='ocrx_word' id='word_1_715' title='bbox 1502 5363 1532 5416; x_wconf 90' lang='lat' dir='ltr'><strong>el</strong></span> <span class='ocrx_word' id='word_1_716' title='bbox 1552 5356 1634 5415; x_wconf 79' lang='lat' dir='ltr'><strong>Verbo</strong></span> <span class='ocrx_word' id='word_1_717' title='bbox 1649 5371 1721 5418; x_wconf 73' lang='lat' dir='ltr'><strong>rose,</strong></span> <span class='ocrx_word' id='word_1_718' title='bbox 1735 5359 1762 5411; x_wconf 80' lang='lat' dir='ltr'><strong>el</strong></span> <span class='ocrx_word' id='word_1_719' title='bbox 1773 5349 1872 5420; x_wconf 56' lang='lat' dir='ltr'><strong>tripula</strong></span> 
     </span>
     <span class='ocr_line' id='line_1_58' title="bbox 251 5438 1873 5519; baseline 0.001 -24"><span class='ocrx_word' id='word_1_720' title='bbox 251 5443 360 5498; x_wconf 82' lang='lat' dir='ltr'><strong>duobus</strong></span> <span class='ocrx_word' id='word_1_721' title='bbox 375 5443 549 5497; x_wconf 84' lang='lat' dir='ltr'><strong>candelabris</strong></span> <span class='ocrx_word' id='word_1_722' title='bbox 563 5444 636 5508; x_wconf 86' lang='lat' dir='ltr'><strong>aliis,</strong></span> <span class='ocrx_word' id='word_1_723' title='bbox 651 5445 761 5500; x_wconf 85' lang='lat' dir='ltr'><strong>noviter</strong></span> <span class='ocrx_word' id='word_1_724' title='bbox 774 5447 809 5514; x_wconf 86' lang='lat' dir='ltr'><strong>de</strong></span> <span class='ocrx_word' id='word_1_725' title='bbox 822 5448 939 5501; x_wconf 82' lang='lat' dir='ltr'><strong>ecclesia</strong></span> <span class='ocrx_word' id='word_1_726' title='bbox 956 5449 1049 5503; x_wconf 84' lang='lat' dir='ltr'><strong>allatis</strong></span> <span class='ocrx_word' id='word_1_727' title='bbox 1091 5465 1142 5519; x_wconf 89' lang='lat' dir='ltr'><strong>pro</strong></span> <span class='ocrx_word' id='word_1_728' title='bbox 1155 5465 1187 5504; x_wconf 89' lang='lat' dir='ltr'><strong>eo</strong></span> <span class='ocrx_word' id='word_1_729' title='bbox 1202 5449 1303 5504; x_wconf 62' lang='lat' dir='ltr'><strong>mmsis</strong></span> <span class='ocrx_word' id='word_1_730' title='bbox 1324 5445 1478 5511; x_wconf 57' lang='lat' dir='ltr'><strong>sanandas</strong></span> <span class='ocrx_word' id='word_1_731' title='bbox 1499 5459 1548 5504; x_wconf 75' lang='lat' dir='ltr'><strong>ses</strong></span> <span class='ocrx_word' id='word_1_732' title='bbox 1570 5443 1771 5510; x_wconf 68' lang='lat' dir='ltr'><strong>mardonius,</strong></span> <span class='ocrx_word' id='word_1_733' title='bbox 1792 5438 1873 5498; x_wconf 49' lang='grc' dir='ltr'><strong>κάων</strong></span> 
     </span>
     <span class='ocr_line' id='line_1_59' title="bbox 251 5526 1873 5607; baseline 0.008 -23"><span class='ocrx_word' id='word_1_734' title='bbox 251 5537 409 5601; x_wconf 79' lang='lat' dir='ltr'><strong>portantur,</strong></span> <span class='ocrx_word' id='word_1_735' title='bbox 426 5533 570 5586; x_wconf 87' lang='lat' dir='ltr'><strong>secerdote</strong></span> <span class='ocrx_word' id='word_1_736' title='bbox 584 5539 614 5586; x_wconf 87' lang='lat' dir='ltr'><strong>et</strong></span> <span class='ocrx_word' id='word_1_737' title='bbox 627 5535 749 5591; x_wconf 88' lang='lat' dir='ltr'><strong>armario</strong></span> <span class='ocrx_word' id='word_1_738' title='bbox 772 5537 963 5606; x_wconf 84' lang='lat' dir='ltr'><strong>sequentibus,</strong></span> <span class='ocrx_word' id='word_1_739' title='bbox 979 5553 1049 5607; x_wconf 88' lang='lat' dir='ltr'><strong>quos</strong></span> <span class='ocrx_word' id='word_1_740' title='bbox 1091 5537 1315 5602; x_wconf 87' lang='lat' dir='ltr'><strong>nentearmariu‚</strong></span> <span class='ocrx_word' id='word_1_741' title='bbox 1324 5534 1545 5607; x_wconf 79' lang='lat' dir='ltr'><strong>priarinjungil.</strong></span> <span class='ocrx_word' id='word_1_742' title='bbox 1555 5533 1589 5596; x_wconf 79' lang='lat' dir='ltr'><strong>Iu</strong></span> <span class='ocrx_word' id='word_1_743' title='bbox 1600 5549 1659 5604; x_wconf 80' lang='lat' dir='ltr'><strong>qud</strong></span> <span class='ocrx_word' id='word_1_744' title='bbox 1672 5530 1814 5596; x_wconf 68' lang='lat' dir='ltr'><strong>llioed⁸f5⁰</strong></span> <span class='ocrx_word' id='word_1_745' title='bbox 1824 5526 1873 5596; x_wconf 69' lang='lat'><strong>9¹¹¹·</strong></span> 
     </span>
     <span class='ocr_line' id='line_1_60' title="bbox 249 5615 1870 5702; baseline 0.005 -31"><span class='ocrx_word' id='word_1_746' title='bbox 249 5623 407 5689; x_wconf 84' lang='lat' dir='ltr'><strong>sequuntur</strong></span> <span class='ocrx_word' id='word_1_747' title='bbox 417 5621 514 5675; x_wconf 84' lang='lat' dir='ltr'><strong>novitii</strong></span> <span class='ocrx_word' id='word_1_748' title='bbox 528 5629 557 5674; x_wconf 84' lang='lat' dir='ltr'><strong>et</strong></span> <span class='ocrx_word' id='word_1_749' title='bbox 569 5623 706 5688; x_wconf 78' lang='lat' dir='ltr'><strong>conuersi,</strong></span> <span class='ocrx_word' id='word_1_750' title='bbox 722 5631 751 5678; x_wconf 87' lang='lat' dir='ltr'><strong>ct</strong></span> <span class='ocrx_word' id='word_1_751' title='bbox 771 5631 869 5695; x_wconf 83' lang='lat' dir='ltr'><strong>postea</strong></span> <span class='ocrx_word' id='word_1_752' title='bbox 887 5625 1004 5696; x_wconf 81' lang='lat' dir='ltr'><strong>priores,</strong></span> <span class='ocrx_word' id='word_1_753' title='bbox 1020 5632 1050 5680; x_wconf 87' lang='lat' dir='ltr'><strong>et</strong></span> <span class='ocrx_word' id='word_1_754' title='bbox 1087 5618 1780 5702; x_wconf 64' lang='lat' dir='ltr'><strong>rememorandammuprmudontumiri</strong></span> <span class='ocrx_word' id='word_1_755' title='bbox 1787 5615 1870 5680; x_wconf 62' lang='lat' dir='ltr'><strong>wilm</strong></span> 
     </span>
    </p>
   </div>
   <div class='ocr_carea' id='block_1_3' title="bbox 0 0 1976 6164">
    <p class='ocr_par' dir='ltr' id='par_1_3' title="bbox 0 0 1976 6164">
     <span class='ocr_line' id='line_1_61' title="bbox 0 0 1976 6164; baseline 0 0"><span class='ocrx_word' id='word_1_756' title='bbox 0 0 1976 6164; x_wconf 95' lang='lat' dir='ltr'><strong> </strong></span> 
     </span>
    </p>
   </div>
  </div>
 </body>
</html>
