4046 6186
232 297 301 356 1583

825 294 980 351 JOANNIS
1000 294 1048 349 DE
1067 294 1282 350 GARLANDIA

1801 293 1876 353 ยน584

230 423 287 478 Res
299 422 397 477 eadem
408 421 557 476 femoralia
571 425 643 476 sunt.
661 419 841 492 perizomata,
857 417 976 472 brachae.
1033 419 1159 483 AQuem
1175 417 1241 472 colit
1259 417 1370 471 assidue
1386 418 1463 473 venit
1478 417 1646 472 hortulanus
1664 418 1699 473 ab
1713 420 1806 488 horto,

232 513 255 564 A
271 511 367 564 bracos
383 508 494 563 bracale
509 509 594 572 venit,
607 507 789 578 lumbareque
800 507 913 562 lumbis.

230 600 322 660 Fibar,
333 598 408 652 idem
424 605 582 668 castorque,
598 598 685 663 giver,
699 599 819 650 castoria
835 597 914 664 eujus

230 687 314 742 fiunt
330 687 450 740 testiculi
464 693 600 740 castratos
617 686 737 739 dicimus
748 693 854 738 tamen.

229 776 323 833 Unum
337 776 479 846 significat
494 775 613 833 boletus,
631 773 741 836 tubera,
757 773 846 843 fungi,

229 865 307 930 Quos
317 865 424 920 fructus
436 870 518 919 terrae
533 864 642 918 faciunt
656 880 808 918 concursus
824 863 992 933 pluviarum.

229 955 350 1011 Additur
359 969 520 1025 asparagus.
535 953 585 1007 His
601 969 699 1007 sensus
716 952 845 1005 convenit
859 967 942 1005 unus.

228 1044 362 1114 Dragma,
383 1043 427 1096 rel
441 1057 554 1106 aureus,
573 1055 649 1105 uma,
663 1038 815 1100 besantius,
838 1045 923 1111 atque
937 1041 1029 1095 talen-

889 1128 972 1202 [tum.

230 1221 285 1278 Sed
300 1221 446 1292 dragmam
460 1219 572 1290 proprie
588 1217 708 1289 speciem
720 1217 765 1271 dic
776 1218 907 1288 ponderis
920 1235 990 1273 esse.

228 1311 277 1366 Est
291 1317 424 1365 neutrum
436 1309 555 1378 dragma
570 1307 630 1370 tibi,
648 1307 802 1377 dragmatis
819 1313 861 1360 est
875 1307 1026 1377 genitivus,

228 1401 351 1465 Quaestio
366 1397 552 1454 dramaticum
565 1397 641 1450 dicas
652 1412 742 1466 genus
752 1412 813 1449 esse
828 1396 961 1465 loquendi

227 1487 351 1557 Dragma
367 1486 455 1540 melos
466 1485 583 1556 pondus,
600 1484 640 1537 sic
651 1483 806 1553 dragmatis
821 1491 865 1537 est
875 1484 1024 1553 genitivus.

229 1575 284 1632 Sed
299 1576 336 1630 sit
349 1574 487 1646 genitivus
499 1574 631 1642 dragmae,
641 1573 750 1643 pondus
761 1572 811 1626 tibi
829 1574 944 1628 denotat
955 1591 1023 1628 esse.

225 1666 355 1729 Pulcher,
368 1665 515 1722 formosus,
533 1679 674 1733 procerus.
693 1663 734 1714 vel
749 1662 901 1732 spaciosus,

1071 506 1146 566 Vela,
1161 508 1205 559 cel
1220 508 1319 568 aulaea,
1340 507 1456 561 cortinae
1472 513 1539 560 sunt
1553 507 1712 574 anabastra,

1071 595 1191 648 Cortinee
1207 595 1309 649 limbus
1323 603 1365 649 est
1379 597 1568 666 peripetasma
1584 603 1708 651 vocatus.

1071 682 1194 736 Dicimus
1209 685 1310 742 cralaea,
1327 686 1401 754 quod
1418 685 1619 738 distenduntur
1634 686 1662 738 in
1677 686 1756 742 aula.

1071 773 1140 826 Cum
1157 772 1193 826 sit
1208 789 1262 826 ana
1278 789 1389 826 sursum
1405 772 1541 844 bachique
1555 774 1660 844 gradus
1672 791 1727 830 ana

1071 859 1219 915 Certamen
1233 863 1306 924 lires,
1324 862 1408 926 rixas,
1425 870 1453 916 et
1464 864 1559 934 jurgia
1570 864 1652 930 vites,

1071 946 1121 1001 Est
1134 949 1285 1012 contentio,
1302 949 1346 1002 rel
1360 949 1493 1004 distentio
1508 951 1695 1022 litigiumque,

1070 1036 1152 1090 Adsit
1164 1038 1265 1108 agonia
1281 1039 1392 1108 quando
1406 1041 1616 1110 coniungantur
1626 1041 1719 1111 agoni.

1071 1125 1120 1178 Est
1134 1143 1222 1188 coma,
1236 1127 1373 1191 caesaries,
1388 1128 1481 1192 crinis,
1503 1128 1586 1199 pilus,
1603 1136 1688 1200 atque
1702 1129 1832 1200 capillus.

1069 1215 1159 1269 Credo
1173 1217 1315 1270 caesariem
1328 1216 1453 1270 maribus
1468 1223 1564 1272 tamen
1582 1220 1805 1289 appropriatam.

1068 1303 1112 1358 Fit
1126 1305 1161 1358 de
1174 1313 1286 1376 compta
1300 1323 1381 1359 coma
1392 1306 1557 1361 mulieribus
1569 1308 1762 1379 appropriata.

1068 1393 1137 1446 Pars
1152 1393 1228 1464 prior
1244 1401 1286 1448 est
1298 1411 1397 1448 currus
1412 1395 1511 1466 capitis
1526 1394 1626 1450 derasa
1641 1396 1765 1467 pilorum

1068 1482 1201 1536 Anteriar
1216 1483 1314 1553 capitis
1326 1501 1390 1554 pars
1400 1485 1486 1538 crinis
1501 1484 1589 1538 densa
1603 1486 1736 1555 pilorum,

1069 1569 1176 1624 Dicitur
1192 1571 1255 1624 hinc
1270 1588 1380 1636 currus
1402 1573 1468 1642 quia
1483 1573 1682 1644 circumgestat
1701 1573 1816 1640 alauda,

1069 1659 1118 1712 Est
1134 1661 1203 1730 juba
1218 1661 1419 1731 quadrupedis.
1437 1679 1583 1732 porcorum
1594 1671 1655 1717 sata
1670 1669 1800 1727 vocatur,

224 1757 353 1826 Agnosce
369 1767 514 1824 procerem
530 1769 535 1802 :
553 1752 715 1804 Juvenalem
732 1751 841 1820 suscipe
858 1758 968 1806 testem.
1035 1738 1272 1819 BCresariamqua
1289 1751 1351 1814 riri,
1365 1768 1474 1804 conium
1490 1753 1602 1822 proprie
1618 1753 1756 1806 mulieris.

227 1843 407 1914 Splendidus,
421 1842 550 1911 egregius
565 1840 663 1904 ferrara,
676 1842 824 1910 specieque
839 1849 981 1904 venustus,

224 1933 391 1998 Praeclarus,
408 1931 524 1992 nitidus,
542 1928 640 1990 bellus,
656 1929 816 2000 pariterque
826 1930 953 1983 decorus.

224 2020 397 2077 Cunctorum
412 2036 560 2091 procerum
575 2036 676 2090 corpus
686 2017 729 2071 dic
742 2035 803 2072 esse
820 2035 975 2089 procerum.

223 2109 410 2181 Marsupium,
426 2109 521 2172 bursa,
534 2109 650 2170 forulus,
665 2107 840 2178 loculusque,
856 2114 989 2162 tumetra.

223 2200 275 2255 Est
288 2199 375 2264 canis,
391 2204 434 2252 est
448 2198 567 2260 catulus,
584 2198 748 2266 leporarius,
766 2203 850 2267 atque
875 2198 1023 2262 molossus,

223 2290 266 2344 Na
277 2293 368 2342 metra
380 2286 539 2357 precariam
555 2287 624 2340 odor
635 2287 746 2339 insecus
762 2293 836 2338 esset
849 2286 879 2340 in
892 2287 958 2340 illis.

221 2376 330 2444 AEther,
342 2381 371 2430 et
386 2376 500 2440 aethera,
516 2376 606 2445 polus,
623 2376 723 2428 coelum
740 2375 850 2429 dicatur
864 2376 1004 2447 olympus.

224 2465 274 2520 Est
287 2465 390 2519 latrina
402 2464 479 2519 locus
492 2464 579 2526 idem,
590 2464 762 2518 cacabunda.
776 2463 871 2518 cloaca

221 2554 318 2625 Signat
334 2554 427 2620 idem,
445 2553 523 2623 quasi
540 2553 620 2607 triste
635 2553 730 2623 legens
745 2553 860 2624 tristega
875 2558 997 2608 vocatur.

221 2643 343 2705 chorda,
360 2641 535 2708 ediscatis.
551 2649 580 2696 et
592 2641 666 2696 funis
680 2642 887 2712 funiculusque,

222 2733 284 2797 Quo
298 2737 331 2786 tu
345 2731 493 2800 suspendis
506 2730 582 2785 fures
597 2731 746 2801 torquinus
759 2731 888 2785 habetur.

219 2819 274 2877 Est
284 2826 426 2885 antemna,
443 2820 557 2880 rudens,
575 2827 720 2874 amentum
732 2821 863 2889 jungitur
878 2820 949 2875 istis.

220 2911 298 2967 Dica
314 2911 385 2965 rudo
396 2910 508 2964 rudens.
528 2908 641 2962 fidicen
657 2909 720 2962 fidis
731 2917 759 2963 et
774 2926 844 2963 cano
859 2909 973 2964 format.

219 2999 355 3057 Ambulat
365 2999 395 3053 in
410 2999 487 3064 fune,
503 2997 684 3052 funambulus
698 2998 764 3052 inde
778 3005 901 3054 vocatur.

1069 1838 1159 1905 liujus
1171 1849 1197 1892 et
1214 1839 1288 1892 illius
1302 1838 1372 1892 bene
1387 1840 1490 1894 dieitur
1505 1859 1565 1894 esse
1579 1842 1709 1912 capillus.

1069 1926 1187 1985 Laurea,
1203 1943 1333 1990 cernane,
1350 1937 1456 1982 serlum
1470 1928 1600 1983 diadema
1627 1946 1740 1994 corona,

1068 2016 1162 2068 Addas
1178 2017 1331 2078 aureolam,
1346 2033 1401 2087 quo
1417 2019 1512 2086 pavois
1527 2020 1567 2072 sic
1581 2019 1646 2072 data
1659 2019 1764 2072 dietam
1779 2037 1786 2086 3

1068 2104 1103 2158 Et
1117 2105 1173 2158 duo
1188 2106 1261 2174 quod
1274 2106 1461 2160 deraatcredo
1476 2107 1606 2160 diadema
1618 2121 1759 2174 vocatum,

1067 2193 1163 2247 Finem
1178 2195 1344 2264 principium
1359 2195 1430 2248 sicut
1441 2196 1506 2249 facit
1521 2212 1604 2250 omne
1616 2197 1781 2250 rotundum.

1067 2283 1175 2338 Utendo
1187 2284 1318 2352 generale
1332 2284 1377 2338 die
1392 2301 1517 2344 currum,
1536 2285 1776 2356 curriculumque,

1065 2372 1105 2426 De
1120 2371 1189 2426 veho
1203 2372 1371 2436 vehiculum,
1385 2374 1459 2445 quod
1475 2374 1600 2428 versibus
1610 2383 1655 2428 est
1666 2375 1804 2428 alianum.

1065 2459 1172 2513 Horum
1189 2460 1224 2513 do
1239 2463 1344 2531 species
1358 2461 1402 2516 hic
1414 2477 1476 2532 quar
1490 2463 1647 2533 subscripta
1662 2469 1841 2534 sequuntur:

1066 2549 1176 2603 Reddas
1191 2551 1352 2620 quadrigas,
1365 2559 1510 2622 carpenta.
1525 2552 1568 2607 val
1584 2553 1692 2617 esseda,
1709 2553 1799 2624 bigas,

1065 2638 1129 2692 Istis
1145 2639 1292 2708 pileatum,
1310 2641 1462 2710 fartagum,
1477 2643 1565 2712 junge
1581 2641 1729 2696 libramen.

1063 2727 1196 2786 Testudo,
1213 2729 1330 2792 cithara,
1349 2731 1455 2801 chelys,
1474 2737 1503 2784 et
1517 2732 1578 2802 lyra
1593 2731 1636 2786 dic
1656 2748 1756 2787 unum.

1063 2817 1205 2871 Acitharu
1219 2819 1352 2872 cithariso
1366 2821 1451 2884 venit,
1473 2820 1556 2874 simul
1576 2827 1603 2874 ct
1613 2821 1791 2877 citharedus.

1064 2906 1136 2960 ilinc
1149 2906 1269 2978 lyricum
1284 2924 1408 2976 carmen,
1430 2909 1547 2980 lyricen,
1563 2910 1624 2982 lyra
1636 2927 1701 2966 cum
1720 2928 1792 2966 cano
1806 2911 1868 2966 forฮ

1778 3002 1864 3072 [mat.

221 3087 392 3156 cantharus,
407 3095 434 3143 et
448 3094 555 3159 patera,
573 3087 683 3152 calices,
702 3087 742 3140 vel
754 3087 863 3157 pocula,
880 3099 980 3150 crater,
1028 3057 1050 3116 C
1062 3084 1165 3140 Pollice
1179 3091 1265 3156 tango
1277 3087 1378 3156 lyram,
1390 3087 1461 3140 facio
1473 3104 1536 3141 cum
1549 3103 1661 3142 vomere
1676 3089 1779 3159 lyram.

222 3179 360 3251 Scyphus,
374 3177 448 3249 apud
465 3183 574 3231 veteres
590 3181 749 3230 tractantur
761 3193 875 3236 cornua.
893 3177 1009 3242 concha,

222 3268 342 3333 Oimbia,
356 3267 399 3322 rel
417 3267 552 3328 calathos,
568 3265 716 3322 carthesia.
732 3265 879 3335 jungimus
889 3266 960 3319 istis.

221 3359 319 3430 Deque
332 3361 412 3428 spata
424 3357 522 3410 credas
536 3355 576 3409 sie
594 3355 682 3408 dictos
697 3371 758 3408 esse
773 3355 921 3424 spadones.

221 3445 431 3518 astaphida,
446 3445 563 3510 calatus,
577 3460 640 3497 curn
650 3452 746 3513 sporta
760 3443 895 3513 sportula,
909 3442 1020 3508 corbuS,

222 3535 313 3600 Quam
330 3535 373 3589 lus
389 3533 541 3605 quaxillum
557 3533 640 3586 simul
654 3533 715 3585 istis
730 3532 936 3586 associandum.

223 3622 472 3690 Fisrina,f1scella,
489 3637 544 3690 quo
555 3637 653 3674 caseus
668 3621 808 3673 efficiatur

223 3711 280 3766 Vas
293 3715 345 3777 est,
362 3727 409 3764 vas
421 3710 500 3764 lactis
512 3709 656 3773 raulttum,
673 3709 861 3779 nrultraleque
871 3709 956 3769 dicas,

224 3800 304 3866 Quod
319 3800 354 3853 de
369 3798 495 3868 mulgere
509 3797 562 3851 sibi
577 3813 679 3850 nornen
692 3804 802 3851 consuit
814 3797 927 3852 hahere.

223 3889 348 3954 Balteus,
364 3892 393 3943 et
405 3888 567 3959 cropheum,
583 3885 727 3951 cinctoria,
744 3887 865 3957 cingula,
879 3904 957 3954 cona,

225 3979 297 4034 Sunt
311 3993 409 4040 ocreae,
421 3977 526 4046 caligae,
548 3992 618 4046 quos
633 3975 683 4030 tibi
696 3982 789 4046 gestat
799 3977 926 4031 amictus.

224 4067 386 4134 camisiam,
402 4065 485 4120 simul
499 4065 651 4119 interulam
666 4082 724 4120 rem
739 4065 859 4120 dicimus
873 4082 969 4132 unam,

222 4157 345 4213 Additur
359 4155 403 4210 nis
417 4155 486 4209 alias
500 4153 665 4212 subuneula,
682 4154 809 4208 subirara
820 4155 913 4208 restis.

224 4247 345 4310 GruduS,
361 4244 492 4304 crudelis,
504 4250 642 4306 austerus,
658 4249 687 4297 et
700 4242 853 4314 improbus,
870 4251 958 4310 atrox,

178 4361 185 4374 ,
225 4337 274 4392 Est
287 4335 373 4398 ferus,
391 4340 478 4406 atque
492 4334 579 4398 ferox,
596 4333 745 4400 violentus,
762 4333 888 4399 acerbus,
906 4339 934 4387 et
945 4349 1017 4398 acer,

224 4424 342 4497 Impius,
357 4423 483 4484 immitis,
499 4439 597 4484 savus,
612 4422 756 4488 molestus,
772 4429 801 4477 et
814 4439 905 4494 asper,

224 4513 500 4591 Asparinhuruanus
523 4517 575 4578 est,
600 4517 739 4584 tyrannus
760 4529 832 4578 sum,
855 4518 940 4583 atque
956 4530 1021 4584 pro-

868 4603 983 4672 pervus,

224 4694 340 4760 Torvus,
354 4691 559 4752 indomitushis
569 4690 709 4762 jungitur,
726 4697 810 4763 atque
825 4707 947 4746 severus.

225 4787 275 4842 Est
289 4785 400 4848 chorus,
410 4789 495 4853 atque
506 4781 617 4845 cohors,
627 4787 788 4842 conventus,
799 4782 905 4847 concio,
921 4787 1019 4851 cuatus,

223 4875 275 4932 Dic
290 4871 442 4937 consortia,
457 4869 649 4936 contubernia,
665 4869 765 4940 dicque
780 4871 921 4937 choream,

223 4965 337 5030 'l'urma,
355 4960 485 5038 phalanx,
502 4959 710 5021 acies,societur
725 4975 831 5014 cuneus
840 4959 912 5026 istis,

223 5057 273 5112 Est
287 5070 333 5109 sex
345 5055 490 5108 centorum
502 5049 645 5119 sexaginta
657 5049 731 5118 legio
746 5067 804 5112 sex,

221 5145 260 5202 Ut
271 5158 419 5199 numerum
436 5156 553 5210 peragas
568 5155 652 5208 super
668 5139 720 5191 lroc
733 5157 780 5192 sax
794 5139 882 5193 millia
892 5141 1006 5210 jungas,

220 5234 275 5292 Sed
285 5233 504 5306 quingentorum
518 5233 647 5281 catorum
664 5226 707 5280 dic
722 5245 783 5280 esse
795 5229 948 5282 eohortem.

220 5327 388 5384 Conventus,
410 5317 646 5376 conventiculum,
660 5332 760 5369 manus
771 5317 886 5371 additur
903 5317 963 5371 istis

218 5413 294 5476 latia,
309 5409 466 5472 consilium,
482 5407 566 5460 simul
582 5412 609 5458 et
622 5405 784 5458 constabula
795 5407 908 5473 jungas.

217 5499 362 5573 Cymbala,
378 5513 523 5565 erarrrpana,
539 5495 612 5554 nala,
631 5494 823 5547 tintinnabula
833 5496 945 5563 jungas.

215 5592 348 5660 Campus,
364 5585 482 5656 agellus,
499 5599 575 5653 ager,
591 5599 649 5649 rus,
666 5584 774 5642 hortus,
789 5592 818 5636 et
831 5585 1017 5650 hortulusarฮ

889 5672 974 5742 [vum,

1062 3175 1171 3229 Deliros
1186 3175 1249 3230 inde
1265 3177 1357 3230 fatuos
1372 3191 1486 3230 censere
1502 3177 1635 3244 solemus,

1062 3264 1096 3318 Et
1110 3264 1231 3318 delirare
1242 3265 1384 3320 discordes
1400 3265 1466 3319 inde
1476 3271 1615 3320 feruntur.

1063 3352 1200 3422 Ambigitโ
1219 3354 1375 3416 etdubitat,
1391 3359 1420 3408 et
1434 3355 1560 3414 fluctuat,
1577 3354 1696 3420 haesitat,
1714 3356 1814 3424 haeret,

1064 3442 1121 3496 Nec
1134 3443 1188 3496 nisi
1205 3444 1344 3514 praedictis
1358 3459 1452 3497 musso
1463 3443 1623 3514 suppeditat
1636 3444 1708 3499 istis.

1063 3533 1112 3586 Est
1121 3532 1230 3596 danius,
1248 3539 1332 3603 atquc
1353 3533 1445 3596 dorna,
1464 3549 1597 3604 praesepe,
1619 3534 1803 3596 domuncula,
1821 3541 1866 3590 te-

1762 3625 1863 3694 ictum,

1063 3711 1159 3776 didas,
1175 3711 1315 3779 auiculas,
1332 3709 1501 3769 habitacula.
1517 3711 1717 3778 dicstationes,

1064 3801 1113 3854 llis
1124 3801 1318 3871 pastoforium,
1334 3800 1453 3869 nragalo,
1469 3800 1583 3869 tuguria
1595 3799 1709 3870 jungas,

1063 3888 1158 3960 Atque
1175 3890 1292 3960 mapale,
1310 3905 1384 3953 casa,
1405 3890 1445 3941 sic
1454 3887 1561 3959 ypepis,
1580 3888 1688 3942 mansio
1701 3890 1802 3958 juncta

1063 3978 1126 4040 Lar,
1148 3985 1175 4032 at
1190 3979 1373 4042 domicilium,
1391 3977 1464 4047 quod
1475 3977 1541 4030 tecti
1556 3993 1621 4047 pars
1633 3993 1689 4031 una
1703 3985 1827 4046 rocatm,

1064 4067 1113 4121 Est
1127 4068 1205 4132 hera,
1222 4069 1263 4121 rel
1279 4067 1401 4132 domina,
1419 4065 1529 4132 mulier,
1546 4070 1688 4132 matrona,
1706 4067 1813 4137 virago.

1063 4157 1174 4222 Doctor,
1187 4157 1385 4218 etinstructor,
1400 4155 1531 4222 monitor,
1548 4155 1717 4227 paedagogus
1729 4163 1760 4211 et
1774 4162 1863 4226 actor,

1063 4247 1219 4308 Corractor,
1232 4244 1316 4298 simul
1332 4245 1375 4299 his
1389 4244 1558 4304 didascalus,
1575 4251 1660 4313 atque
1677 4246 1827 4316 magister.

1063 4334 1192 4398 Destruo,
1209 4333 1340 4394 dissolvo,
1357 4334 1484 4404 populor,
1501 4349 1700 4404 consumoque,
1719 4341 1808 4400 casto,

1063 4423 1160 4486 Diruo,
1174 4423 1314 4495 dispergo,
1326 4423 1467 4484 subverto,
1482 4423 1672 4494 dilapidoque,

1063 4512 1113 4567 Dic
1127 4513 1237 4577 dumos,
1248 4513 1371 4570 frutices.
1383 4517 1412 4565 et
1426 4511 1518 4570 rubos.
1531 4511 1655 4574 arbusta,
1670 4512 1791 4581 fruceta,

1063 4602 1158 4674 Deque
1171 4602 1240 4656 rubo
1259 4603 1347 4656 dictas
1363 4600 1479 4656 bufones
1495 4601 1578 4656 crede
1592 4601 1716 4656 rubetas.

1062 4691 1181 4746 Arboris
1196 4698 1224 4746 et
1242 4690 1351 4746 fruticis
1366 4691 1427 4746 loca
1437 4696 1503 4745 suut
1516 4689 1640 4753 arbusta,
1655 4689 1776 4751 fruceta.

1061 4781 1128 4845 Quae
1141 4788 1271 4835 crescunt
1285 4781 1375 4834 instar
1387 4779 1496 4834 fruticis
1512 4779 1645 4834 fruticare
1660 4778 1802 4836 videntur.

1060 4870 1179 4932 Divitiae,
1196 4871 1238 4924 rel
1249 4884 1325 4940 opes,
1338 4885 1448 4934 census,
1460 4869 1588 4940 pecunia,
1603 4885 1688 4940 gazae

1061 4961 1111 5014 Est
1124 4959 1278 5032 opulentia,
1294 4959 1338 5013 rel
1352 4959 1498 5031 possessio.
1515 4959 1724 5030 peculiumque,

1062 5049 1117 5104 Res
1132 5057 1160 5104 et
1174 5049 1330 5120 proprietas
1345 5066 1350 5102 :
1367 5048 1433 5104 hinc
1447 5047 1649 5120 proprietarius
1662 5047 1729 5102 exit.

1063 5139 1140 5202 Esca,
1157 5139 1251 5209 dapes.
1269 5139 1367 5209 epula,
1385 5136 1472 5200 cibus,
1484 5145 1570 5208 atque
1583 5135 1697 5200 cibaria,
1715 5138 1825 5207 pastus,

1064 5227 1170 5282 Pabula
1180 5235 1246 5281 sunt
1256 5228 1352 5288 etiam,
1369 5226 1503 5291 conriria,
1519 5227 1616 5290 rictus,
1633 5229 1662 5279 et
1676 5241 1750 5284 esus,

1059 5319 1206 5370 lentaarea
1219 5333 1310 5378 rrraae,
1321 5316 1464 5384 jentacula
1479 5315 1598 5368 dicimus
1613 5313 1687 5375 inde,

1062 5406 1115 5459 Sed
1132 5413 1228 5458 carrara
1245 5410 1388 5474 sumptum
1405 5403 1519 5457 veniunt
1532 5403 1648 5458 obsonia
1662 5418 1745 5472 sepe,

1061 5495 1156 5565 Atque
1172 5494 1218 5546 die
1232 5494 1323 5546 media
1334 5493 1382 5546 dat
1396 5493 1514 5564 prandia
1528 5493 1640 5546 debitus
1652 5490 1735 5546 orde.

1058 5585 1107 5639 Est
1130 5583 1252 5655 sonipes,
1275 5585 1319 5638 rel
1344 5599 1433 5655 aquus
1458 5585 1544 5651 ferus,
1572 5581 1789 5654 equiferusque,
1818 5597 1867 5636 ca-

1670 5667 1785 5742 pana,
