3872 6162
126 159 172 218 cst
643 167 854 232 censuum
875 169 1046 230 amsaua
1067 191 1099 222 μ
1119 174 1188 240 ure.
1207 175 1231 232 ε,
1682 176 1753 258 tcta

124 286 203 350 abaci
217 287 602 350 nomntsmuuinteresse
613 307 667 350 non
677 294 774 350 debuit
785 316 791 364 ;
803 304 913 370 praeter,
924 295 950 356 A
960 313 1036 352 rrrare
1050 316 1105 356 uon
1122 301 1254 371 potuerit,
1272 299 1336 356 ideo
1351 301 1491 370 reticebis,
1507 303 1556 364 sut
1570 302 1679 372 tamdiu
1689 321 1751 372 eam

124 377 194 448 quod
209 377 384 450 praemissum
397 385 449 434 est.
462 380 497 434 de
510 382 643 437 mandato
654 384 913 458 triumpuuperum,
955 387 984 441 in
997 389 1134 446 memoria
1149 390 1289 456 retinebit,
1305 391 1393 448 donec
1408 393 1579 448 reclamandi
1594 395 1686 452 locum
1702 395 1751 462 lis·

122 465 151 525 ds
166 467 305 537 neglectis
318 467 430 530 duabus
447 469 544 532 seniis,
565 471 649 530 idest
666 474 914 544 invigilialt'atiri-
956 475 1061 535 buerit.

30 583 32 614 5
121 555 184 610 tatis
198 556 311 620 Damiui
336 562 365 614 et
378 559 597 624 annuntiatione
622 563 720 633 ipsius,
737 565 771 619 de
786 567 914 636 neglecta
991 567 1123 628 Quamuis
1136 569 1220 626 etiam
1236 586 1292 628 non
1308 571 1344 628 sit
1359 572 1531 627 consuetudo
1545 578 1578 627 ut
1592 573 1695 644 aliquis
1709 579 1750 642 tp-

29 666 30 670 ’
119 645 428 716 pacatiqucnhoram
446 649 596 704 Benedicr'te
623 658 686 722 pust
711 655 833 710 reditum
855 657 913 720 ;de
953 659 1013 710 tuor
1031 665 1197 714 contentum
1215 659 1377 730 proclamet,
1391 665 1485 722 armen
1500 662 1659 732 quicunque
1671 667 1750 730 terret

118 749 169 793 neu
181 735 342 806 accipientia
352 750 414 790 eam
429 736 459 795 in
471 737 547 793 scitu
564 756 570 805 ε
591 739 614 794 si
627 755 683 800 non
694 743 810 800 redierit
824 745 858 800 de
870 745 913 800 ria
953 744 1106 814 capitulum
1122 746 1188 802 data
1210 748 1355 804 occasione
1372 749 1454 820 jubet
1481 749 1749 818 universalitarilIus

26 827 28 914 j
117 827 178 894 post
190 823 319 882 biduum.
336 825 391 883 Sed
406 825 562 896 sciendum,
587 829 610 884 si
637 830 789 902 aliquando
804 835 911 894 estatis
953 833 1062 892 reniam
1079 841 1182 905 petere,
1199 836 1244 906 qui
1260 837 1403 894 diurnales
1417 839 1525 897 calceos
1549 844 1579 894 et
1596 840 1701 896 cultros
1719 841 1749 902 in

26 971 27 984 χ
118 919 242 986 tempore
254 913 419 978 dormiendo
432 931 535 973 nonam
552 918 715 988 neglexerit,
732 921 804 991 quod
816 923 910 978 statim
952 923 1103 992 praesentia
1117 941 1173 982 non
1187 924 1300 981 habant.
1317 927 1473 997 Aliquando
1488 944 1545 994 eos,
1566 928 1614 1000 qui
1636 929 1671 987 ad
1690 933 1748 984 tres

25 1011 27 1038 l
117 1021 247 1076 percussa
260 1004 357 1060 tabula
370 1005 481 1060 reniam
497 1007 578 1078 petit,
595 1025 648 1061 non
665 1025 779 1064 servans
803 1027 865 1068 cum
880 1011 909 1068 in
951 1011 1101 1078 orationes,
1123 1029 1184 1083 qua
1199 1031 1281 1072 mene
1293 1015 1366 1070 stunt
1379 1021 1443 1086 post
1460 1016 1594 1084 sonitum,
1620 1023 1649 1074 at
1661 1017 1747 1084 inter·

117 1094 268 1150 crssliaum
284 1093 448 1166 capitatum.
951 1098 1018 1154 dum
1032 1100 1104 1164 illos,
1119 1102 1165 1173 qui
1180 1119 1236 1158 non
1251 1103 1366 1158 suerunt
1379 1105 1415 1166 cd
1430 1107 1636 1176 processionem
1654 1107 1697 1161 rel
1710 1105 1745 1172 qd

423 1185 540 1243 CAPUT
552 1185 597 1241 LI.
951 1188 1101 1246 stationem
1116 1207 1177 1261 quas
1191 1192 1223 1246 stt
1237 1192 1272 1246 ad
1287 1209 1409 1256 crucem,
1438 1194 1480 1248 rel
1494 1194 1529 1248 ad
1549 1200 1674 1258 sanctam
1689 1197 1747 1250 Ma·

116 1274 163 1326 lrc
173 1275 375 1340 quibusquam
385 1277 493 1330 ceratum
505 1289 561 1328 noa
571 1279 654 1343 aaut.
665 1278 904 1336 nisitaclumutus.
951 1277 1031 1330 ciens.
1050 1279 1107 1332 lloc
1133 1287 1228 1337 autern
1251 1282 1406 1336 secundum
1434 1281 1640 1346 institutionem
1670 1283 1745 1339 beati

146 1361 247 1426 fauce
262 1361 286 1416 sl
300 1361 417 1418 aliusde
432 1362 480 1417 illo
496 1364 698 1430 reclamaverit,
715 1371 780 1420 tune
792 1367 905 1437 quidam
948 1366 1067 1422 Utilonis
1079 1366 1140 1432 (lul
1164 1371 1184 1434 ⁸)
1197 1386 1308 1432 sunrrnu
1335 1372 1491 1430 carendum
1518 1363 1685 1440 est'studic,
1706 1389 1742 1438 ne

111 1451 238 1522 quotiens
252 1451 288 1506 de
301 1467 332 1506 se
351 1451 505 1506 reclamare
529 1453 572 1506 vel
595 1453 718 1524 priorem
745 1455 812 1528 quid
837 1458 903 1522 talc,
946 1454 1036 1525 turpis
1049 1456 1209 1512 reclamatio
1225 1459 1357 1516 audiatur
1371 1459 1400 1512 in
1415 1460 1555 1530 capitulos
1576 1461 1625 1524 sed
1640 1461 1662 1526 si
1678 1461 1742 1532 quis

112 1555 159 1610 quo
174 1539 287 1611 culpam
302 1541 364 1611 ejus
378 1546 466 1598 namt.
482 1541 559 1611 loqui
574 1541 704 1609 audierit,
717 1544 820 1599 totiens
833 1561 904 1617 quo·
943 1541 1058 1616 ignarus
1073 1545 1144 1600 locta
1154 1546 1258 1617 prolari
1277 1547 1401 1618 ceperit,
1413 1548 1498 1619 prior,
1513 1549 1555 1606 rel
1566 1548 1684 1619 quilibet
1693 1566 1742 1606 eu·

111 1641 160 1699 que
175 1629 239 1684 sine
253 1641 333 1687 mora
343 1628 453 1684 reniam
468 1630 538 1701 petil
557 1649 563 1684 r
579 1637 607 1686 et
622 1648 685 1686 cum
700 1635 861 1696 surrexerit,
878 1633 1033 1713 siB'diens,
1058 1640 1218 1690 reverenter
1232 1636 1345 1706 satagit,
1370 1653 1406 1690 ne
1430 1637 1465 1692 ad
1489 1637 1662 1693 audientiam
1676 1653 1741 1694 con·

109 1733 135 1771 ae
151 1733 233 1772 reum
248 1718 335 1786 norit,
351 1718 506 1773 cumomni
524 1719 684 1776 humilitate
710 1728 739 1775 et
765 1724 902 1792 promissa
943 1728 1042 1780 rectus
1054 1723 1164 1791 veniat,
1181 1723 1229 1778 aad
1245 1740 1295 1778 nec
1303 1724 1438 1794 judicium
1467 1724 1568 1792 eradit,
1593 1726 1641 1796 qui
1663 1727 1739 1792 scius

108 1806 301 1863 emendatlone
315 1806 426 1878 culpam
442 1823 521 1862 suam
535 1807 668 1876 fateatur,
685 1810 791 1866 nullam
815 1829 901 1884 agens
942 1809 1101 1880 hujusmodi
1117 1810 1157 1864 rei
1176 1811 1234 1866 tale
1247 1811 1312 1882 quid
1326 1811 1364 1866 ibi
1380 1813 1505 1882 prolerre
1518 1813 1738 1884 presumpserit.

107 1895 306 1958 defensionem,
322 1897 377 1950 uisi
389 1897 412 1950 sl
427 1897 573 1952 rationalis
586 1913 670 1952 cause
683 1905 726 1955 est
740 1901 784 1956 rel
799 1918 900 1972 magna
941 1899 1013 1954 Nam
1029 1915 1080 1954 neu
1092 1900 1151 1954 ulle
1161 1899 1341 1959 comestionis
1356 1901 1398 1959 rel
1420 1900 1562 1957 bibitionis
1581 1901 1687 1966 mantio
1699 1901 1738 1968 ibi

107 1985 265 2050 necessitas,
278 2001 328 2056 pro
341 2000 397 2056 qua
411 1985 496 2040 talem
528 1986 647 2042 incurrit
666 2003 819 2052 erasmum,
843 2008 899 2046 non
940 1989 1023 2045 debet
1033 1989 1103 2053 lieri,
1119 1988 1171 2046 nisi
1183 1989 1253 2047 lortc
1267 1991 1302 2044 de
1313 1989 1409 2060 aliquo
1419 1990 1574 2062 infirmiore
1584 1991 1670 2049 fratre
1684 1990 1737 2056 nri·

106 2073 290 2144 multiloque,
305 2073 355 2128 sed
379 2073 543 2144 simpliciter
564 2075 664 2132 humili
679 2079 783 2147 promit
808 2080 899 2150 subie-
940 2093 993 2132 nus
1016 2095 1046 2132 sc
1070 2077 1209 2134 reficiente
1224 2078 1341 2132 honeste
1359 2079 1479 2144 dicatur,
1509 2078 1584 2150 quod
1605 2078 1737 2150 indignus

104 2160 202 2228 ειὶοιιε,
230 2167 259 2218 et
274 2179 324 2234 pro
338 2163 388 2218 tali
410 2165 492 2236 culpa
510 2165 617 2235 praeluti
640 2167 809 2222 sententiam
834 2185 897 2224 cum
939 2165 978 2220 sit
990 2166 1108 2236 gratiae3
1125 2167 1168 2220 vel
1181 2166 1336 2222 admonitio
1352 2167 1400 2224 stul
1417 2167 1450 2222 de
1466 2166 1591 2238 penerel
1605 2167 1660 2223 aliu
1674 2167 1736 2232 cibo

105 2249 383 2319 patieutiasustinet3
398 2252 488 2308 sciens
508 2253 689 2324 impatientia
705 2255 816 2326 culpam
831 2273 898 2328 gra·
939 2254 1114 2325 negligenter
1128 2261 1236 2325 parato.
1254 2256 1358 2310 Verum
1372 2255 1395 2313 si
1411 2255 1474 2326 quis
1486 2254 1573 2309 frater
1597 2256 1653 2310 tale
1668 2256 1735 2327 quid

104 2335 176 2391 tiore
190 2341 366 2410 correptione
379 2341 595 2395 emendandam.
612 2342 639 2396 Si
655 2348 750 2397 autem
761 2344 795 2398 de
810 2345 898 2404 incla-
939 2358 1035 2412 agend,
1052 2341 1125 2412 qdod
1140 2342 1286 2397 reclamari
1315 2359 1371 2404 lton
1395 2349 1496 2414 poldsd.
1521 2348 1550 2399 ei
1574 2329 1740 2408 admistus·

102 2431 177 2480 mala
194 2443 250 2482 non
270 2435 313 2483 est
335 2428 387 2482 sibi
404 2431 539 2494 conscius,
558 2446 610 2484 nec
627 2431 707 2485 lateri
729 2449 780 2486 nec
799 2435 901 2505 impor-
940 2431 1090 2488 atttendarc
1109 2431 1238 2496 noluerit,
1267 2431 1291 2485 is
1311 2432 1358 2502 qui
1372 2449 1485 2490 causans
1509 2432 1632 2502 agnoui,
1652 2431 1736 2490 debet

101 2519 168 2570 tune
188 2531 306 2586 negare,
322 2519 372 2572 sed
390 2518 431 2576 rei
448 2518 593 2576 veritatem
609 2519 692 2574 debet
706 2521 822 2577 honeste
837 2541 899 2594 prc-
939 2536 1000 2576 earn
1017 2520 1101 2590 priori
1114 2520 1297 2584 innotescere,
1310 2525 1342 2579 ut
1351 2520 1386 2578 ab
1396 2521 1456 2591 ipsu
1469 2521 1557 2578 frater
1568 2521 1734 2592 delinquens

99 2602 180 2658 serre.
202 2605 283 2670 Quod
305 2607 328 2661 si
351 2607 451 2662 sedens
464 2613 493 2662 et
510 2609 736 2666 reclamationem
751 2611 785 2668 de
800 2629 830 2666 se
845 2629 897 2666 au·
937 2609 1216 2679 secretoincrepetur
1229 2609 1285 2663 acri
1300 2609 1498 2679 increpatione.
1515 2609 1569 2664 Sed
1591 2609 1614 2672 si
1628 2625 1680 2668 uec
1694 2608 1733 2674 sic

98 2691 186 2758 diens,
203 2709 282 2765 prius
298 2696 476 2768 responderit
499 2714 583 2770 quam
596 2699 706 2754 reniam
723 2699 844 2770 petierit,
862 2719 895 2756 ex
937 2697 1087 2752 emendare
1100 2697 1227 2758 volucrit.
1241 2696 1317 2768 prior
1331 2697 1370 2750 illi
1382 2697 1412 2750 in
1422 2698 1542 2767 capitulo
1553 2697 1588 2755 de
1598 2697 1653 2752 alla
1662 2713 1733 2768 qua·

99 2779 148 2836 boc
164 2782 331 2840 inclamatus
346 2791 376 2840 et
389 2785 497 2842 reniam
509 2793 607 2857 petens
617 2787 648 2840 in
663 2787 723 2858 ipsu
739 2788 829 2842 lrocco
844 2805 895 2844 suo
936 2785 1006 2841 libet
1018 2787 1100 2857 culpa
1114 2785 1263 2840 inclamato
1277 2786 1351 2840 hano
1374 2786 1404 2840 in
1420 2785 1585 2840 nteruoriam
1611 2785 1731 2852 reducit,

99 2885 181 2926 unam
193 2889 257 2926 cum
270 2873 345 2944 virga
356 2875 534 2945 percussione
545 2876 684 2947 maccipit.
700 2877 760 2942 Qua
770 2885 893 2954 accepta,
936 2891 999 2930 eum
1014 2874 1117 2946 aliquid
1141 2875 1197 2930 talc
1210 2866 1396 2944 commisisse,
1422 2874 1497 2945 quod
1519 2874 1558 2930 ibi
1577 2875 1732 2942 reclaman-

98 2966 245 3030 pcstquatn
261 2963 438 3033 responderit
451 2965 510 3020 lllec
525 2969 615 3033 crrtpc,
634 2964 751 3035 jubetur
764 2983 888 3038 surgere.
935 2964 1003 3020 dum
1034 2979 1091 3020 non
1118 2963 1166 3031 sit,
1199 2968 1229 3020 ut
1261 2969 1414 3018 conventus
1443 2969 1585 3033 agnoscat,
1621 2967 1653 3028 ut
1691 2963 1731 3018 sic

97 3047 195 3104 Postea
210 3066 330 3121 proquo
344 3056 388 3107 cst
404 3053 572 3110 reclamatus
587 3054 717 3120 sustinet,
734 3056 807 3126 quod
823 3072 891 3128 pra·
932 3054 991 3108 sine
1011 3053 1116 3108 ouensa
1148 3052 1265 3108 fratrum
1296 3051 1325 3110 in
1353 3067 1420 3106 eum
1438 3051 1553 3122 gravius
1585 3051 1729 3118 emendari

95 3133 150 3192 lato
166 3139 286 3194 ridetur.
301 3139 380 3198 Unde
393 3141 502 3206 sedens,
518 3141 541 3196 si
554 3141 699 3197 inclamari
711 3159 741 3198 se
755 3145 888 3208 audierit,
932 3142 1028 3214 possit.

93 3225 134 3280 rel
149 3243 203 3283 nou
217 3228 337 3284 audiens
352 3229 386 3284 ab
413 3229 468 3284 elia
486 3230 647 3286 admonitus
672 3231 766 3300 luerit,
792 3235 889 3290 statim
964 3232 997 3286 ln
1008 3229 1121 3300 judiciis
1131 3235 1226 3288 autem
1238 3228 1438 3290 faciendisnon
1450 3229 1566 3296 minima
1576 3227 1728 3292 debetsssa

92 3330 209 3386 surgens
237 3318 348 3374 reniam
380 3319 466 3390 petit,
497 3319 582 3374 edam
608 3321 632 3374 si
659 3337 715 3376 nou
743 3322 888 3380 intellexe-
930 3319 1060 3376 discretio
1075 3318 1203 3372 ordinem
1212 3317 1350 3377 maeotis:
1368 3333 1417 3388 pro
1440 3318 1522 3389 culpa
1548 3318 1634 3386 enim,
1664 3335 1725 3389 quas

92 3403 137 3468 ris,
169 3407 236 3476 quid
268 3406 297 3464 iu
328 3421 358 3462 se
391 3408 575 3464 reclamatum
607 3409 657 3465 sit.
693 3410 747 3464 Sed
772 3419 802 3466 et
823 3413 887 3468 nul·
929 3408 957 3466 in
974 3407 1308 3479 quemlibetreclamatur
1330 3407 1484 3466 secundum
1505 3406 1546 3462 rei
1561 3407 1727 3478 qualitatem

91 3491 134 3548 lus
154 3511 217 3550 eum
243 3503 311 3552 ante
337 3496 454 3568 petitam
487 3498 596 3552 reniam
625 3513 757 3556 excusare
785 3515 888 3572 praesu-
929 3504 979 3553 sut
989 3498 1162 3567 indulgentia
1177 3502 1227 3551 aut
1240 3496 1381 3567 vapulatio
1397 3501 1447 3551 aut
1460 3495 1571 3553 levioris
1586 3496 1726 3552 sententia

60 3623 64 3630 .
90 3581 151 3648 urit,
167 3585 251 3640 etiam
267 3585 291 3640 si
310 3587 371 3654 eius
384 3585 573 3642 innocentiam
588 3588 705 3642 noverit.
717 3589 776 3644 llos
790 3597 885 3646 autem
927 3589 1015 3658 culpas
1037 3587 1173 3658 sequitur.
1191 3587 1263 3640 Nam
1278 3586 1420 3642 silentium
1440 3591 1490 3640 aut
1501 3585 1641 3655 jejunium
1655 3585 1726 3644 nulli

89 3669 243 3730 inclamans
257 3673 457 3740 debetcarere,
474 3687 510 3730 ne
524 3689 574 3746 pro
590 3691 646 3732 una
674 3693 705 3734 re
731 3678 801 3732 duas
821 3695 885 3736 eum
926 3676 1068 3734 indicitur.
1085 3676 1271 3732 Solusautcus
1284 3673 1371 3731 abbas
1398 3674 1467 3744 ligat
1487 3675 1625 3745 gravioris
1637 3675 1725 3746 culpae

89 3761 184 3818 renisa
197 3769 294 3834 petere
308 3763 415 3830 saciati
436 3763 485 3818 sed
509 3764 601 3835 primo
628 3772 724 3836 aperta
743 3773 772 3822 et
793 3767 884 3838 ipsam
926 3764 1074 3818 sententia.
1092 3763 1158 3828 Quas
1173 3769 1268 3818 autam
1288 3763 1322 3820 sd
1337 3762 1615 3833 gratioremculpam
1629 3763 1725 3822 riden-

87 3865 202 3906 causaru
214 3852 382 3906 nominatim
397 3852 481 3908 dicat.
502 3853 574 3908 Nam
593 3854 618 3908 si
637 3869 702 3910 eum
721 3863 817 3912 contra
837 3873 883 3914 cr·
925 3857 972 3908 tur
987 3855 1135 3922 pertinere,
1152 3852 1187 3912 de
1202 3852 1243 3908 his
1258 3867 1314 3912 non
1336 3851 1434 3921 loquar
1458 3851 1511 3910 linc
1534 3851 1602 3906 ricc.
1635 3851 1723 3908 Porro

85 3938 180 3998 dinero
195 3939 294 3996 tactae
313 3941 422 4004 dixerit.
448 3941 502 3996 nisi
528 3942 622 4000 statim
651 3943 789 4014 adjungat
808 3946 883 4015 quod
924 3937 1368 4010 nullusstamineo(10·2)exutus
1394 3937 1568 4006 verberatur,
1602 3939 1656 3996 uisi
1676 3956 1721 3994 ro-

85 4027 191 4096 {bcfln't'
205 4031 316 4086 veniam
332 4037 429 4102 petere
442 4031 490 4086 ille
506 4045 562 4088 non
577 4039 714 4096 moratur⁹
730 4034 806 4092 dicta
819 4051 883 4094 cau.
924 4025 1004 4080 bellls
1018 4042 1079 4082 csse
1092 4025 1227 4083 Videatur.
1244 4024 1294 4081 Ille
1308 4029 1402 4086 autem
1416 4022 1527 4078 i‘ebefflss
1536 4040 1596 4080 0889
1607 4023 1719 4096 judica-

83 4119 214 4174 fissllam
227 4120 378 4190 petiturus,
395 4120 475 4184 Quod
490 4120 513 4177 sj
529 4135 594 4176 eum
610 4121 693 4178 aliter
716 4139 800 4193 qugm
819 4141 883 4185 0011.
923 4120 980 4178 tur,
1003 4115 1051 4186 qui
1066 4113 1151 4184 pl'lOl'i
1175 4113 1204 4168 in
1229 4112 1352 4183 capitulo
1366 4118 1472 4166 temere
1485 4111 1662 4180 contradidi,
1677 4111 1720 4166 Vel

84 4207 186 4273 recht,
200 4207 404 4274 inclamaverit,
418 4208 533 4262 tolerari
554 4209 668 4279 quidem
683 4211 776 4277 debet,
793 4212 882 4270 donec
924 4203 989 4274 quid
1001 4203 1053 4260 hoc
1064 4202 1136 4273 ttu⁰d
1152 4200 1203 4256 dibi
1214 4200 1379 4271 injungitur,
1388 4200 1650 4272 (tildssltludmvdrbo
1661 4217 1718 4268 tlon

81 4294 130 4350 itte
149 4297 376 4364 aecumaecui,
406 4301 516 4352 estune
537 4297 693 4356 inclarnari.
718 4301 770 4356 sed
787 4307 815 4356 es
830 4301 882 4356 noc
922 4291 1104 4356 contradicat,
1119 4307 1201 4360 agere
1214 4295 1310 4344 samen
1329 4288 1496 4359 dedignatur
1510 4295 1549 4357 er,
1564 4294 1596 4350 ut
1611 4289 1646 4354 de
1661 4305 1719 4348 ma-

81 4381 229 4438 saiendum
248 4389 292 4441 est
321 4383 396 4456 quod
415 4382 519 4449 nullus,
540 4383 593 4440 nisi
621 4385 750 4440 ordinem
769 4392 879 4454 tenens,
918 4381 1158 4452 juribustaceam,
1174 4379 1260 4434 etiam
1275 4377 1322 4448 qui
1340 4377 1521 4442 cantaturis,
1538 4379 1717 4450 tusciacum

78 4468 118 4525 de
131 4471 187 4526 alic
203 4471 240 4526 ibi
251 4473 383 4546 loquetur
395 4486 524 4530 samone
535 4472 570 4526 ad
591 4473 671 4528 illum
681 4474 798 4542 directo,
815 4493 838 4528 r.
849 4493 878 4546 q.
899 4515 902 4520 .
922 4470 1119 4532 reclamantur,
1136 4483 1192 4524 non
1208 4467 1265 4521 vult
1283 4483 1313 4522 Sd
1327 4466 1467 4536 corrigere
1481 4467 1670 4538 negligentiis.
1687 4470 1714 4528 Ι.

77 4564 112 4612 ut
126 4559 203 4616 dicet
220 4562 264 4616 l'us
283 4562 340 4622 buc,
364 4564 405 4616 cel
421 4561 494 4616 itlud
521 4561 643 4626 trustis,
664 4579 716 4618 uec
730 4563 879 4635 quisquam
921 4558 1047 4614 Rebellic
1073 4557 1185 4628 proprie
1201 4556 1302 4614 dicitur
1315 4555 1514 4626 inobedientia,
1535 4572 1600 4612 cum
1614 4557 1650 4617 ab
1665 4557 1716 4614 ab·

77 4647 135 4702 nisi
152 4650 225 4719 quod
246 4655 356 4704 certum
384 4648 493 4708 habeat.
515 4648 667 4704 inclamare
686 4650 784 4722 debet;
806 4659 836 4710 ut
856 4652 879 4708 si
920 4646 984 4702 bate
1004 4647 1046 4705 rcl
1065 4646 1158 4717 priore
1176 4645 1259 4703 alicui
1290 4643 1442 4716 quidquam
1472 4644 1642 4716 injungitur,
1673 4663 1717 4706 sc-

75 4737 127 4790 ille
143 4737 323 4793 inclamatam
337 4738 447 4808 culpam
463 4739 617 4806 negaverit,
627 4739 692 4808 iste,
709 4741 783 4795 unde
797 4741 876 4808 sciat,
918 4753 973 4807 que
992 4737 1045 4790 boc
1064 4751 1120 4792 non
1139 4734 1231 4788 lacere
1250 4738 1346 4804 aperte
1366 4732 1439 4788 vocis
1458 4736 1635 4798 contumacia
1648 4753 1716 4807 prof

75 4841 145 4880 eam
155 4826 411 4890 evidenterdicere,
428 4825 527 4895 possit.
544 4826 745 4884 Verumtamen
761 4829 790 4884 in
805 4830 877 4901 prio·
918 4825 1027 4883 litetur.
1045 4825 1081 4880 ΙΙ.
1101 4822 1225 4878 Rebellio
1237 4827 1288 4884 est.
1304 4839 1367 4878 curu
1383 4821 1446 4894 quis
1468 4824 1615 4895 apraetatc
1626 4827 1716 4890 coni*

73 4914 115 4969 ris
132 4921 271 4986 potestate
281 4914 344 4978 erit,
361 4915 501 4986 quomodo
522 4917 587 4974 talis
614 4916 695 4988 culpa
720 4924 874 4975 remaneat.
917 4915 1002 4986 pitur,
1017 4919 1047 4968 et
1062 4929 1118 4970 nou
1136 4913 1227 4971 solum
1240 4910 1357 4968 eandem
1372 4911 1578 4982 correptionem
1594 4929 1649 4970 acu
1664 4911 1715 4977 btt-

72 5003 154 5056 Nam
167 5005 219 5058 etsi
231 5004 349 5058 leviores
361 5019 452 5060 causae
467 5007 631 5077 plerumque
643 5005 809 5064 mediocrius
822 5013 877 5062 tra-
918 5003 1023 5058 militer
1045 5000 1176 5058 sustinet,
1200 5016 1295 5060 rerum
1316 4999 1402 5056 etiam
1429 5006 1527 5055 contra
1549 5001 1672 5074 superbe
1686 5009 1715 5060 st

69 5097 200 5152 etentur,
215 5099 322 5160 teman,
349 5094 373 5148 si
396 5111 480 5150 causa
499 5095 703 5166 majoricam,
722 5095 877 5152 indiscussa
916 5090 1120 5148 contumaciter
1135 5089 1304 5160 respondere
1319 5104 1498 5160 nequaquam
1524 5095 1645 5149 amatur.
1661 5091 1711 5148 111.

69 5197 134 5234 non
150 5181 320 5249 remanebit,
337 5199 430 5254 nequa
445 5184 542 5250 imber,
558 5184 607 5254 qui
630 5200 692 5238 eum
713 5181 792 5250 vidit,
807 5185 832 5239 si
846 5184 875 5240 in
916 5181 1105 5247 Rebelliuest,
1120 5195 1184 5233 cum
1202 5179 1236 5232 de
1259 5176 1383 5248 qualibet
1396 5194 1428 5232 re
1442 5177 1542 5249 saepius
1567 5184 1712 5249 correptas

67 5269 203 5341 mxime
221 5271 265 5326 rel
283 5271 367 5326 tertio
385 5272 428 5326 rel
447 5279 548 5343 quartu
564 5271 687 5344 capitulo
701 5273 773 5328 huno
790 5273 876 5328 recla—
916 5269 1066 5326 emendare
1089 5267 1254 5324 contemnit.
1274 5266 1325 5335 lV,
1358 5264 1483 5325 Rebellio
1497 5264 1584 5322 stiam
1597 5266 1711 5335 dicitura

109 5387 200 5462 (tuln
216 5391 342 5448 Οάἱιοπίε
355 5391 419 5448 abb.
440 5392 521 5449 Olun.
916 5393 1046 5449 monachi
1067 5393 1125 5446 vice
1146 5389 1227 5446 cilicil
1242 5389 1402 5445 utebantur.
1427 5387 1499 5468 Nam
1527 5387 1711 5448 benedictinis

107 5461 192 5533 (lodi
205 5463 381 5528 dmm
393 5465 617 5534 mittanis,
631 5478 681 5522 sss
692 5467 878 5538 camisianum
915 5471 1007 5523 tima
1020 5467 1151 5520 amenas
1167 5461 1310 5518 interdixit
1323 5461 1502 5516 luntcsnbus
1515 5459 1557 5523 tlt
1569 5463 1625 5519 ΒΚ
