4046 6186
118 362 231 428 Dicitur
243 359 376 427 eradunt
388 355 482 423 studio
491 353 543 418 sibi
559 352 733 417 condonare,

118 450 230 505 Dicitur
244 447 373 504 assiduus
387 446 464 510 dives
478 443 512 498 ab
528 460 591 506 asse
604 443 680 501 dato.

119 539 277 602 calliditas,
293 535 407 598 astutia,
423 539 452 591 ct
462 533 582 594 cautela,
598 531 641 588 vel
654 536 740 592 astus,

119 629 171 683 His
182 627 333 699 prudentie
349 625 390 684 rel
404 623 517 688 astutia,
533 620 656 684 versutia
672 617 856 678 consocietur.

120 716 224 788 Exigit,
242 733 275 770 ac
290 714 409 787 peragit,
424 712 500 776 tacit,
514 710 641 772 sllicitat
652 713 794 780 operatur,

120 807 229 869 Patrai,
241 805 309 874 agit,
327 801 458 872 complet,
475 803 661 862 consummat,
677 795 795 868 perficit,
812 794 918 866 impet.

120 895 299 966 Exsequitur,
315 891 429 955 claudit,
446 887 588 950 concludit
597 887 740 952 terminat,
752 891 840 955 atque.

120 983 241 1046 Decidit,
259 988 287 1036 et
300 981 376 1046 sinit,
390 978 498 1036 medios
512 976 625 1037 deducit
641 976 671 1036 in
683 981 771 1036 ectus.

122 1071 334 1142 promptuaria,
350 1068 395 1129 vel
408 1067 531 1144 cellaria,
547 1066 591 1124 dic
605 1071 746 1136 apotecas,

122 1163 165 1217 De
180 1161 271 1232 primo
284 1159 391 1231 primus
403 1158 451 1238 qui
467 1154 662 1227 promptuaria
675 1159 777 1212 servat.

123 1252 175 1306 Est
187 1250 324 1321 apotheca
333 1249 443 1310 domus,
458 1247 504 1302 oui
514 1244 604 1304 victus
619 1243 740 1302 traditur
749 1244 850 1300 omnis.

122 1339 177 1395 Est
190 1339 348 1410 hypotheca
358 1337 398 1392 rei
412 1353 467 1394 non
480 1333 589 1396 mobilis
602 1333 764 1394 necdomua
777 1346 886 1390 arvum.

123 1429 229 1483 Rerum
246 1425 391 1490 mobilium
404 1425 556 1484 traduntur
569 1422 688 1492 pignora
703 1437 807 1493 pugno.

124 1515 248 1585 Pignora
261 1521 392 1578 natorum
408 1513 550 1577 dicuutur,
567 1511 684 1585 pignera
699 1526 803 1570 rerum·

125 1603 181 1658 Sed
196 1603 263 1675 quia
278 1603 322 1664 les
335 1603 431 1662 docuit
444 1617 494 1672 pro
514 1599 757 1672 pignorapignora
770 1597 845 1669 poni,

123 1693 285 1764 Nuncupat,
302 1693 434 1763 appellat,
448 1689 637 1761 cognominet,
649 1693 678 1747 ct
692 1693 771 1747 vocat
786 1687 850 1744 ista.

124 1782 278 1842 vocitarat,
295 1787 402 1846 censat,
419 1797 503 1839 sensu
517 1779 677 1849 junguntur
694 1777 803 1834 eodem.

125 1871 257 1942 Applicat
267 1871 410 1944 appellens
424 1869 533 1940 appello
548 1867 663 1926 numine
677 1865 813 1937 quamvis.

127 1959 208 2015 Ostia
224 1976 286 2031 ques
304 1965 421 2022 reserat,
433 1957 533 2029 aperit,
546 1956 708 2028 panditque,
726 1953 854 2020 recludit,

127 2051 262 2120 Ejusdem
279 2065 378 2112 sensus
392 2048 554 2118 depessulat
563 2046 678 2106 additur
692 2045 764 2102 istis.

128 2140 196 2194 llaec
208 2139 266 2194 tria
276 2138 394 2209 jungis:
412 2142 539 2208 usurpat.
556 2141 584 2194 et
597 2135 751 2206 praesumit,
768 2138 797 2190 et
812 2131 906 2189 audet.

129 2229 237 2293 Sulcat,
255 2234 326 2292 arat,
341 2233 435 2288 versat
447 2225 552 2297 glebae,
571 2224 646 2284 colit.
664 2224 765 2282 excolit
777 2239 869 2292 agros.

129 2317 224 2388 Alget,
241 2322 270 2380 et
283 2315 409 2388 algescit,
425 2315 519 2385 trigas,
536 2313 670 2384 frigescit,
687 2312 794 2368 atinde

130 2406 260 2476 Algidus,
273 2423 306 2468 sc
318 2407 407 2476 algor,
420 2404 527 2478 pariter
541 2403 627 2460 maris
638 2403 681 2460 ala
697 2407 822 2472 vocetur,

131 2497 172 2550 Ac
181 2495 334 2566 infrigatur
347 2494 487 2566 praedietis
501 2493 668 2552 associatur.

133 2587 200 2650 Ara,
222 2585 265 2640 vel
276 2585 375 2648 altare.
392 2583 498 2644 domim
513 2582 556 2654 val
569 2598 667 2640 mensa
681 2585 806 2645 vocatur,

134 2676 229 2746 Atque
243 2675 332 2745 tripos
344 2673 398 2732 dici
415 2672 558 2734 consuevit
570 2671 708 2742 Apollinis
722 2687 781 2725 ara.

134 2765 207 2818 Aras
220 2762 450 2834 inspicientium
464 2761 624 2822 detineatur
635 2775 764 2830 aruspex.

137 2852 244 2919 Induit,
259 2869 292 2918 ac
302 2851 402 2923 operit.
419 2850 524 2914 amicit,
538 2849 631 2912 vestit,
648 2847 727 2918 tegit,
743 2853 830 2917 atque

133 2942 218 3009 Volat
235 2960 240 2996 :
255 2941 394 3012 praedictis
408 2956 521 3016 sensum
536 2938 658 3007 largitur
673 2937 804 2990 eundern.

137 3031 188 3086 Est
206 3029 317 3102 globus,
343 3035 428 3100 atque
456 3034 559 3096 strues,
585 3027 628 3082 vel
646 3042 772 3092 atervius,
793 3024 934 3086 cumulus,

801 3113 901 3183 [aaser

137 3209 186 3263 Est
204 3208 325 3280 glomus,
340 3207 406 3262 hinc
418 3208 554 3278 glomero,
570 3205 664 3276 giobo,
689 3201 830 3364 conqlobo¹
849 3200 938 3346 qasci·

764 3297 852 3351 turm
874 3307 899 3346 e.
927 3351 940 3369 ἱ

137 3386 189 3440 Dic
199 3385 388 3449 anachoritas,
404 3385 538 3452 reclusos,
553 3399 586 3438 ae
602 3381 741 3442 areuna.

138 3476 178 3530 Ex
188 3493 284 3536 eremo
300 3476 377 3539 renit
389 3476 444 3536 hic,
460 3475 515 3531 Sed
524 3474 559 3532 ab
573 3489 628 3530 ana
637 3472 762 3531 nascitur
772 3470 847 3527 inde.

138 3565 212 3623 Hinc
224 3565 392 3624 mmchoritae
407 3563 486 3634 quasi
500 3564 583 3617 corde
598 3577 719 3632 superna
734 3560 867 3615 colentes.

139 3654 260 3708 Ambuio
272 3653 314 3706 vel
326 3653 450 3723 gradior,
463 3669 506 3718 eo,
524 3653 603 3717 vado,
619 3650 792 3722 perambulo,
806 3664 902 3720 pergo,

139 3742 262 3796 Additur
275 3741 321 3795 his
335 3741 452 3814 spatior,
466 3741 509 3800 vel
523 3757 634 3806 venero,
652 3740 693 3796 vel
707 3738 878 3810 proficiscor.

140 3832 214 3886 Dicit
227 3847 278 3896 qve
291 3831 413 3906 sepiens,
428 3831 513 3897 salve,
524 3831 641 3902 valeque
655 3828 798 3886 recedens

140 3921 281 3987 Amasis,
298 3919 541 3991 perpendiculum.
557 3919 632 3992 quod
646 3917 745 3988 regula
758 3916 861 3986 signat.

141 4009 215 4064 Hinc
228 4026 261 4076 er
271 4009 409 4074 amussim
424 4009 499 4080 quod
514 4008 618 4066 dictim
632 4005 835 4066 indubitanter.

143 4099 292 4164 Coebstem
302 4099 349 4160 dic
362 4115 414 4174 ave
427 4098 479 4158 tibi
497 4097 656 4169 signibmre
669 4096 799 4158 satutem,

143 4187 237 4243 Unum
249 4204 375 4250 mussare
391 4187 494 4263 signat,
511 4193 540 4244 et
552 4187 627 4244 idem
642 4184 782 4242 dubitare.

144 4277 275 4348 Obliquo,
288 4278 379 4344 sinuo,
395 4293 488 4343 curvo,
502 4277 585 4346 simul
599 4291 695 4350 arcuo,
711 4273 827 4343 linquo:

145 4365 284 4422 Omnibus
297 4366 341 4420 iris
353 4366 444 4427 verbis
458 4383 557 4425 sensus
573 4365 652 4422 dedit
665 4379 732 4424 usus
743 4360 870 4422 ewdem·

144 4455 293 4515 Balsamus
307 4461 351 4518 est
362 4455 462 4521 arbom
477 4461 544 4517 sunt
557 4455 684 4512 balsama
693 4453 768 4510 dicta
783 4450 925 4521 iquorem

143 4543 259 4599 Arboris
273 4551 408 4608 emanant
421 4544 602 4616 opobalsama
610 4543 715 4601 cortice
730 4556 810 4600 oasa·

143 4632 183 4688 De
195 4633 272 4700 foliis
287 4634 387 4697 euecta
399 4633 474 4694 scias
484 4634 660 4692 folibalsama
671 4632 774 4690 tristis.

143 4722 223 4777 Trito
237 4723 280 4786 vel
290 4722 497 4786 morracium
514 4721 798 4791 colobabamatigna.

144 4811 193 4866 Est
206 4811 271 4865 vitis
284 4813 411 4874 Bacchus
426 4817 512 4878 sator,
527 4814 587 4870 sore
601 4812 690 4870 bacha
703 4816 828 4868 sacratos

144 4899 307 4964 Quamlibet
320 4901 452 4979 insanum
467 4901 598 4961 bacchari
612 4902 732 4963 dicimus
747 4901 820 4956 inde.

144 4989 250 5044 vivunt
265 4989 364 5052 insane
379 4990 428 5061 qui
437 4990 619 5068 bacchanalia
632 4989 736 5048 rivunt.

147 5081 420 5151 Sustentampntum,
435 5080 575 5138 columen.
592 5079 675 5140 basis,
693 5084 777 5148 atque
793 5077 883 5146 ligura

147 5169 200 5223 Pes
214 5169 327 5240 proprie
340 5169 445 5224 fruitur
458 5175 628 5232 sustentans,
644 5176 728 5239 atque
745 5166 875 5222 columna

147 5258 376 5328 Basiliosgraecc,
393 5275 441 5314 rex
452 5259 555 5316 dicitur
569 5275 629 5314 esse
644 5258 738 5314 latine.

148 5347 221 5401 llinr.
240 5347 297 5401 scio
312 5347 459 5406 basilicum
472 5348 558 5410 nasci.
573 5348 699 5404 simulet
715 5346 886 5401 basiliscum.

147 5438 221 5492 Baro
231 5423 344 5498 baronis
357 5437 451 5508 gravis
464 5454 497 5492 ac
510 5437 669 5494 autenticus
684 5443 726 5492 est
737 5436 787 5490 vir.

148 5525 339 5599 Signatidam
350 5525 461 5596 basau,
477 5524 696 5600 elephassimrpl,
713 5531 741 5582 et
754 5525 929 5598 elephantus,

739 227 832 294 OPUS
851 226 1140 291 tudertinorum.

926 352 1033 416 Aliam
1047 350 1143 408 barres
1155 367 1254 420 grace,
1269 369 1353 421 grave
1367 352 1469 406 dicitur
1484 367 1546 406 esse
1555 353 1650 408 latine.

1688 227 1757 286 istit

961 438 1125 510 Lanigeras,
1141 441 1183 494 vel
1197 457 1271 512 oves,
1288 440 1424 506 balantes,
1440 447 1525 512 atque
1540 442 1667 498 bidentes

961 529 1085 584 Dicimus
1101 548 1106 582 :
1123 530 1248 600 ejusdem
1261 536 1304 585 tot
1318 531 1432 586 nomina
1447 541 1513 596 sunt
1525 533 1665 588 animalia.

960 618 1041 672 Esset
1050 618 1080 672 in
1094 618 1138 672 his
1151 619 1173 672 si
1189 636 1246 674 non
1259 619 1360 674 vitarat
1372 620 1479 675 ovicula
1494 637 1613 677 versum.

961 707 1075 761 Balteus
1090 708 1214 778 insignes
1225 717 1368 764 matronas
1384 727 1487 766 aureus
1501 711 1589 765 ambit
1609 729 1615 765 :

961 795 1043 850 llunc
1054 813 1124 852 auro
1139 798 1226 852 mista
1239 804 1370 853 texerunt
1382 799 1472 853 serica
1485 800 1542 854 fria.

962 885 1040 950 Heia,
1059 887 1235 956 maguderim
1257 889 1366 942 caulam
1382 888 1427 942 dic
1441 905 1502 944 esse
1516 889 1683 959 secundam,

962 974 1034 1032 Hinc
1047 975 1216 1044 adjectivum
1231 993 1333 1031 nomen
1348 976 1473 1035 betasius
1487 985 1587 1033 exstat.

962 1062 1108 1134 Significat
1122 1065 1197 1123 idern
1213 1065 1275 1120 bilis
1290 1067 1404 1133 ollensa,
1420 1084 1521 1122 rancor
1534 1073 1562 1122 et
1571 1068 1623 1124 ira.

963 1153 1016 1208 Sed
1032 1154 1144 1225 proprie
1159 1155 1223 1209 bilis
1237 1165 1280 1213 est
1295 1157 1398 1210 humor
1407 1155 1480 1218 fellis
1491 1173 1614 1220 amarus.

964 1241 1001 1298 Es
1016 1243 1137 1312 geminis
1150 1243 1229 1298 libris
1241 1251 1353 1305 constat
1362 1263 1494 1302 mensura
1508 1246 1624 1308 bilibris.

964 1331 1103 1387 Dicuntur
1115 1332 1218 1388 bibres
1229 1335 1349 1405 gemina
1363 1337 1447 1390 valvae
1462 1343 1604 1392 coeuntes.

965 1419 1074 1487 Intonc,
1091 1423 1135 1478 vel
1144 1439 1254 1490 resono,
1271 1424 1365 1492 reboo,
1383 1427 1485 1497 mugio,
1503 1427 1603 1484 clamo.

965 1512 989 1563 A
1002 1509 1055 1566 boo
1069 1510 1194 1565 buccella
1208 1519 1284 1575 sunt,
1301 1513 1412 1576 bucula.
1430 1516 1526 1582 bucca,
1544 1516 1652 1574 boatus.

966 1599 1006 1653 De
1021 1617 1101 1666 cano,
1118 1600 1152 1659 da
1162 1601 1258 1666 bucca,
1272 1619 1336 1657 cum
1349 1604 1486 1666 buccinia,
1504 1604 1607 1660 bucula
1621 1605 1698 1660 sarrit.

933 1671 1004 1744 Bos
1012 1690 1069 1744 oris
1081 1690 1176 1754 bucca,
1199 1692 1300 1756 minuit
1314 1693 1363 1748 sod
1374 1693 1492 1749 buccula
1506 1711 1629 1751 sensum.

966 1779 1108 1834 Inlantum
1120 1779 1230 1842 buccas,
1242 1782 1332 1842 ocella
1345 1783 1387 1837 vel
1402 1784 1497 1838 oscula
1511 1785 1598 1841 dicas.

967 1867 1016 1920 Est
1031 1867 1155 1922 buccella
1169 1869 1247 1923 cibus
1262 1877 1399 1941 quantum
1419 1875 1505 1928 semel
1522 1873 1626 1945 accipis
1640 1889 1699 1929 ore.

967 1956 1045 2011 Inter
1058 1974 1088 2011 se
1102 1958 1198 2024 lituus,
1214 1960 1291 2024 tuba,
1306 1959 1385 2022 tibia,
1399 1961 1516 2017 buccina
1526 1963 1643 2031 distant,

968 2046 1007 2099 Ex
1020 2047 1089 2100 lituo
1103 2047 1217 2116 gracilis
1227 2065 1313 2112 sonus
1323 2050 1387 2115 exit,
1400 2051 1588 2121 grossiorillis

968 2136 993 2188 A
1005 2137 1184 2206 componenti
1199 2138 1317 2202 sortitur
1328 2138 1445 2199 buccina
1458 2156 1571 2196 nomen.

970 2223 1059 2286 Bubo,
1074 2223 1219 2292 bubastus,
1231 2225 1291 2292 bos,
1306 2226 1409 2290 bostar,
1427 2227 1533 2292 bucria,
1545 2229 1632 2297 buris,

970 2312 1103 2384 Bubalus,
1120 2320 1150 2368 et
1161 2313 1268 2378 buleus,
1286 2315 1419 2378 bucrilus,
1436 2316 1575 2388 buglossa,
1592 2318 1739 2377 bubulcus.

971 2403 1011 2457 De
1023 2402 1076 2455 boo
1088 2407 1222 2473 praeterea
1234 2405 1266 2457 iit
1279 2404 1417 2468 bosforus,
1430 2414 1515 2478 utque
1530 2407 1636 2463 bootes.

971 2492 1021 2545 Est
1035 2490 1131 2546 bostar
1144 2492 1228 2548 statio
1244 2493 1333 2562 bovis;
1347 2502 1390 2554 est
1405 2511 1555 2550 curvamen
1569 2497 1658 2552 aratri

972 2581 1070 2647 Buris;
1086 2580 1225 2644 bubastus
1233 2583 1349 2638 minida
1363 2591 1407 2639 est
1421 2601 1476 2640 uva
1490 2586 1608 2640 racemis
1620 2605 1627 2654 ς

972 2669 1026 2724 Bos
1042 2686 1144 2740 parvus
1154 2669 1273 2725 buculus
1285 2690 1291 2738 ;
1306 2673 1354 2726 sed
1371 2673 1489 2728 bubalus
1503 2682 1546 2729 est
1560 2673 1631 2730 bove
1644 2677 1744 2748 maior,

973 2759 1083 2814 Formae
1097 2759 1252 2814 consimilis
1266 2767 1309 2816 est
1318 2762 1435 2817 alterius
1446 2764 1558 2834 speciei.
1696 2764 1702 2772 ⁴

976 2847 1047 2900 Sunt
1059 2847 1148 2918 pisces
1163 2847 1250 2914 bulbi,
1264 2858 1378 2905 sumant
1389 2859 1518 2908 armenta
1533 2854 1658 2911 bubulci.

977 2935 1086 3007 Lingua
1101 2936 1200 2992 bovina
1219 2943 1309 3003 sonat,
1322 2955 1439 3009 gramen
1454 2941 1586 3013 buglossa
1600 2927 1724 3001 vocatur.

952 3053 954 3058 ·
977 3025 1031 3080 Sed
1046 3033 1165 3085 cornuta
1178 3033 1260 3081 sonat
1271 3028 1406 3083 animalia
1425 3029 1519 3084 butria
1531 3048 1630 3102 graece.

977 3114 1031 3171 Sed
1047 3115 1091 3168 via
1102 3115 1232 3172 bosforus
1245 3123 1288 3170 est
1297 3117 1374 3173 bovis
1387 3119 1528 3190 appellata
1541 3121 1670 3178 meantis.

978 3205 1081 3258 Arctoo
1092 3203 1182 3258 arra
1193 3205 1257 3276 polo
1273 3212 1331 3268 stat
1343 3209 1425 3261 stella
1439 3208 1546 3264 bootes.

979 3292 1028 3346 lt'st
1039 3293 1114 3359 bulo,
1127 3309 1205 3356 rana,
1222 3296 1404 3360 ranunculus,
1421 3302 1505 3368 atque
1514 3298 1624 3355 rubeta.

979 3381 1028 3436 Est
1042 3381 1159 3436 bombex
1178 3383 1289 3446 vermis,
1307 3385 1414 3454 egestio
1428 3385 1531 3456 digerit
1541 3388 1613 3457 ejus.

979 3471 1085 3536 Serica,
1099 3473 1131 3526 tit
1144 3472 1224 3526 testis
1235 3473 1319 3543 bujus
1329 3472 1489 3529 bombicina
1502 3465 1597 3532 vestis.

980 3561 1080 3630 Turpis
1090 3561 1148 3614 avis
1158 3560 1241 3626 bubo,
1262 3562 1426 3633 turpissima
1440 3564 1533 3620 bellua
1546 3567 1623 3622 bufo.

980 3649 1035 3704 Res
1049 3650 1146 3704 eadem
1157 3649 1243 3716 blata,
1258 3653 1473 3725 vespertilioque
1486 3661 1584 3710 vocata
1598 3675 1604 3709 z

981 3739 1053 3792 ilinc
1065 3739 1223 3794 declamare
1232 3741 1342 3810 garritu
1353 3742 1390 3796 sit
1406 3742 1556 3798 blaterare.

982 3827 1091 3882 Graecia
1103 3829 1249 3884 consuevit
1262 3827 1326 3883 beta
1335 3845 1405 3884 rana
1420 3832 1551 3898 vocitare,

984 3917 1063 3973 Sicut
1071 3917 1101 3971 in
1116 3917 1225 3972 isidoro
1235 3917 1369 3989 scriptum
1385 3920 1526 3991 reperitur
1536 3922 1628 3984 ibero,

984 4005 1018 4059 Et
1027 4003 1099 4060 bene
1110 4005 1136 4059 si
1148 4022 1281 4060 numeras
1295 4008 1430 4076 agredula
1441 4010 1573 4082 jungitur
1581 4011 1652 4069 istis.

983 4094 1141 4148 Mercedem
1155 4111 1254 4149 cursus
1264 4094 1390 4150 bravium
1406 4097 1521 4153 victoria
1531 4100 1626 4168 donat,

984 4184 1036 4238 Ast
1050 4182 1238 4238 imbrumatus
1247 4184 1339 4238 omnis
1348 4185 1396 4255 qui
1410 4187 1528 4259 negligit
1542 4185 1630 4248 escas.

985 4272 1115 4350 Etesiae,
1131 4273 1281 4338 bracteola,
1296 4274 1464 4330 tenuissima
1478 4278 1583 4334 lamina
1596 4279 1695 4338 fertur.

984 4361 1086 4428 Imber,
1101 4363 1201 4428 hiems,
1215 4363 1326 4424 bruma,
1337 4363 1427 4420 tribus
1441 4367 1485 4420 iris
1499 4385 1543 4422 res
1554 4385 1611 4424 una
1620 4351 1751 4448 vocatur:

985 4452 1041 4508 Sed
1049 4468 1151 4520 nomen
1165 4452 1268 4506 bruma
1280 4453 1369 4508 trabit
1383 4471 1399 4508 a
1414 4454 1551 4514 brevitate
1563 4443 1683 4515 dierum.

985 4543 1114 4612 Namque
1130 4541 1247 4596 brachos
1259 4559 1358 4612 graece,
1377 4543 1457 4598 breve
1478 4546 1581 4602 dicitur
1595 4565 1655 4604 esse
1668 4551 1754 4607 latine
1771 4573 1776 4608 :

985 4631 1085 4684 Fertur
1098 4647 1196 4702 ymera
1209 4631 1278 4694 dies.
1294 4633 1472 4704 Conponunt
1483 4635 1541 4692 bec
1551 4637 1606 4692 duo
1620 4623 1761 4708 brumam,

983 4720 1100 4784 Brucus,
1116 4719 1253 4785 acelaber,
1265 4737 1310 4774 res
1324 4738 1381 4775 una
1392 4723 1500 4797 locusta
1512 4733 1638 4786 vocatur.
1729 4713 1734 4720 ¹

985 4808 1057 4863 Hinc
1071 4815 1131 4864 tres
1143 4815 1240 4862 aetates
1250 4810 1303 4863 tria
1315 4811 1429 4866 nrvrnina
1444 4813 1513 4868 dant
1532 4815 1647 4872 animali
1664 4837 1670 4872 τ

984 4897 1062 4951 Tunc
1083 4897 1172 4952 brevis
1187 4905 1229 4952 est
1243 4898 1382 4966 bruclrus3
1400 4919 1464 4955 curm
1480 4904 1514 4956 tle
1530 4907 1629 4962 tellure
1646 4909 1763 4964 levatur.

986 4986 1093 5040 Dicitur
1107 4987 1252 5045 acalaber:
1270 4995 1416 5058 postquam
1433 4992 1464 5045 sit
1476 4993 1573 5048 adulta
1599 4997 1715 5050 locusta.

986 5075 1105 5130 Nomine
1119 5077 1249 5130 concordi
1265 5078 1344 5146 quusi
1360 5079 1471 5150 longam
1483 5081 1602 5138 dicimos
1616 5085 1724 5138 lunatam

987 5165 1149 5226 Conllictus,
1167 5165 1280 5228 bellurn,
1297 5184 1474 5238 congressus,
1490 5177 1517 5223 ot
1531 5172 1585 5232 ala,
1600 5173 1733 5228 ducllum.

988 5254 1112 5319 Obsidio,
1129 5271 1213 5330 rnars.
1229 5263 1313 5326 atque
1329 5257 1451 5310 rebellio.
1466 5259 1569 5328 praelia,
1584 5277 1687 5330 pugna,

990 5345 1062 5396 Sunt
1076 5345 1159 5402 actos.
1174 5361 1277 5413 guerra
1288 5346 1425 5413 praedictis
1438 5349 1612 5405 associanda.

990 5433 1037 5486 Est
1048 5433 1214 5494 fortunatus,
1225 5434 1299 5496 felix,
1310 5433 1484 5504 faustusque,
1497 5434 1605 5504 beatus,

989 5523 1147 5578 Detrabens
1160 5528 1245 5594 atque
1259 5521 1346 5577 beans
1358 5521 1456 5582 trabea
1470 5524 1516 5582 dic
1524 5531 1554 5582 et
1562 5525 1716 5588 trabeatus.
