3970 6172
155 313 224 370 1457
255 303 258 308 ’
694 313 866 369 HISTORIA
884 309 1042 366 MONAST.
1064 312 1248 373 CLUSIENS.
1724 311 1795 388 1458

153 435 302 491 devotione
313 441 445 507 satagens
467 443 625 508 opportuna
647 437 791 492 monachis
811 434 1168 504 edificioiaAmigrassent
1181 439 1216 494 ad
1229 439 1389 510 Dominum,
1410 444 1544 497 successit
1556 443 1582 496 ei
1604 443 1634 498 in
1656 443 1794 515 regimine

152 526 308 581 secundum
335 525 420 580 situm
448 526 502 580 loci
525 541 598 590 inam
623 527 744 597 scopulis
767 525 954 598 asperrimum
995 522 1114 579 fratrum
1143 543 1280 584 consensu
1308 535 1337 584 et
1370 531 1505 586 electione
1530 531 1573 585 vir
1605 531 1793 603 simplicitatis

153 614 229 686 erat)
243 615 327 686 coepit
339 621 514 681 construere,
533 619 562 668 et
576 615 710 686 quidquid
734 633 851 686 usquam
875 614 955 670 colli·
995 629 1027 666 ac
1037 614 1191 682 prudentiae
1202 618 1301 672 merito
1316 619 1483 674 Benedictus
1499 627 1528 674 et
1541 621 1794 677 nominaliiccum

150 721 219 775 gere
234 711 353 776 poterat,
372 705 481 759 modico
501 705 575 759 victu
589 711 746 764 contentus.
762 706 797 758 ad
813 705 838 759 id
861 703 952 759 solum
994 702 1123 772 plurimis
1137 706 1409 763 tloreretvirtutibus
1427 717 1505 763 tanta
1525 708 1627 765 dicitur
1647 710 1792 780 charitatis

152 793 320 864 expendere.
346 794 484 864 Tempore
510 794 661 849 constituto
689 794 761 848 sicut
785 794 954 865 promiserat
993 792 1138 847 ailluentia
1148 793 1268 850 refertus
1281 802 1309 850 et
1319 798 1516 868 hospitalitatis
1526 798 1693 854 liberalitate
1702 800 1792 854 muni·

151 882 235 952 Hugo
255 881 348 941 rediit,
357 881 881 954 etomnibusnecessariisimpensisad
892 899 952 953 per·
993 880 1072 942 neus,
1090 888 1230 938 utomnes
1244 885 1280 938 ad
1299 901 1329 939 se
1351 887 1493 941 venientes
1519 893 1547 941 et
1573 888 1676 943 montis
1700 889 1790 943 ardua

150 971 300 1025 liciendam
315 970 438 1024 ecclesiae
456 970 589 1026 fabricam
610 972 692 1033 datis,
707 973 810 1027 iterum
829 973 864 1026 ad
879 988 951 1041 prae-
992 985 1024 1024 ac
1039 970 1200 1042 archangeli
1212 974 1364 1043 patrocinia
1378 981 1514 1046 petentes.
1531 976 1709 1047 maximeque
1723 975 1788 1030 Gal·

149 1060 240 1114 satum
253 1059 442 1114 marchionem
458 1061 608 1115 transitum
627 1061 701 1121 lecit,
718 1061 795 1116 atah
823 1077 856 1116 eo
879 1061 952 1115 sicut
991 1057 1092 1124 lorum,
1108 1061 1339 1130 Aquitanicorum
1351 1071 1379 1117 et
1396 1064 1596 1136 Hispaniarum
1607 1065 1726 1136 populos
1735 1065 1791 1120 ao-

150 1154 179 1203 et
207 1149 295 1220 prius,
310 1148 375 1203 dato
400 1149 490 1220 pretio
517 1150 640 1205 villulam
666 1151 754 1204 monti
776 1151 947 1220 contiguam,
990 1161 1066 1200 mam
1091 1148 1235 1210 adeuntes,
1259 1150 1445 1208 libentissime
1474 1153 1639 1224 susciperet,
1668 1159 1697 1207 et
1727 1169 1788 1224 quae

149 1238 265 1292 nomine
279 1238 404 1302 Clusam,
418 1243 447 1292 et
456 1239 627 1294 aedificandis
636 1239 738 1293 villulis
748 1255 885 1310 congruas
895 1247 950 1294 ter·
990 1233 1108 1290 fratrum
1118 1242 1228 1293 tantum
1238 1240 1335 1294 usibus
1346 1248 1476 1312 poterant
1484 1247 1643 1313 competere
1651 1241 1788 1312 benignus

148 1343 195 1380 ras
210 1327 393 1382 nihilominus
407 1328 553 1398 contiguas
569 1328 726 1398 acquisivit.
752 1329 789 1382 Ut
802 1334 897 1383 autem
911 1327 948 1382 ll·
988 1323 1155 1394 impertiret.
1173 1327 1260 1398 Cujus
1284 1330 1486 1401 quamplurimi
1510 1330 1631 1402 gratiam
1655 1331 1787 1389 admirati

149 1414 267 1470 her-tatis
282 1416 343 1473 loci.
358 1432 408 1486 pro
427 1433 483 1486 qua
498 1417 637 1488 praecipuc
656 1416 810 1487 satagebat,
829 1432 947 1488 scrupu·
988 1419 1061 1477 terat
1073 1415 1176 1487 quippe
1202 1417 1327 1472 moribus
1341 1425 1369 1472 et
1388 1419 1465 1474 canis
1480 1420 1614 1491 angelicis
1628 1421 1786 1492 decoratus)

146 1503 191 1559 lus
203 1504 327 1559 omnimo
337 1505 430 1560 nullus
441 1505 758 1570 inesset,Taurinensem
774 1506 944 1576 pontificem,
987 1502 1113 1558 aiebant:
1134 1522 1147 1556 c
1163 1506 1230 1560 Ecca
1245 1506 1287 1560 vir
1301 1508 1424 1579 prudens
1442 1509 1490 1581 qui
1504 1509 1651 1565 edificavit
1670 1510 1786 1566 domurn

147 1595 197 1666 qni
207 1595 304 1648 Amizo
318 1594 474 1664 dicebatur,
483 1595 573 1650 adiit:
589 1602 617 1650 et
632 1595 732 1650 oblatis
756 1611 817 1666 quse
834 1601 946 1651 tantum
986 1607 1066 1646 suam
1083 1607 1167 1664 supra
1185 1600 1304 1666 petram,
1320 1595 1350 1650 in
1364 1598 1445 1668 cujus
1459 1615 1507 1652 ore
1517 1598 1597 1654 dolus
1607 1614 1663 1653 non
1682 1598 1788 1655 inveni·

145 1682 237 1738 virum
258 1683 394 1738 decebant
413 1684 584 1748 muneribus,
600 1685 707 1738 cunctis
730 1684 832 1739 iterum
852 1684 945 1740 locum
986 1684 1047 1735 tur:
1065 1698 1120 1751 quo
1141 1683 1217 1738 fideii
1242 1685 1435 1755 dispensatore
1463 1689 1648 1759 archangelus
1675 1687 1789 1746 Domini

145 1772 216 1827 solvi
231 1773 448 1835 conditionibus,
457 1790 522 1831 cum
538 1773 946 1845 anathematisetiaminterpo-
957 1771 1155 1846 pgratuiatua
1171 1778 1200 1826 et
1215 1774 1298 1844 hujus
1310 1775 1364 1829 loci
1374 1777 1449 1831 lama
1461 1793 1513 1831 sua
1535 1777 1639 1850 ubique
1662 1777 1788 1834 extendit

144 1861 258 1928 sitione,
278 1862 467 1917 favorabiliter
480 1863 663 1934 impetravit,
678 1863 799 1933 indeque
825 1864 945 1918 Romam
986 1859 1117 1929 insignia.
1132 1879 1144 1911 r
1161 1863 1313 1932 Coeperunt
1321 1881 1444 1936 namque
1459 1866 1594 1931 nonnulli,
1606 1871 1635 1922 et
1648 1867 1789 1940 precipue

143 1953 298 2023 profectus,
314 1953 440 2006 omniurn
469 1953 667 2022 praedictarum
682 1953 864 2022 sponsionum
886 1959 945 2006 tam
986 1946 1020 2000 de
1036 1945 1235 2011 Ultramontes.
1253 1952 1375 2008 adhunc
1402 1954 1495 2010 locum
1523 1955 1616 2025 gratia
1643 1955 1786 2027 religionis

144 2041 287 2112 pontilicis
301 2058 385 2112 quam
398 2042 569 2098 marchionis
583 2047 705 2107 tenores,
723 2059 890 2112 omnemque
902 2041 946 2096 sui
987 2052 1162 2101 concurrere,
1175 2041 1315 2096 etsaeculo
1325 2043 1519 2098 renuntiantes
1534 2045 1641 2100 subillo
1651 2061 1718 2100 seue
1727 2047 1787 2118 glo-

144 2131 239 2201 operis
263 2131 374 2185 ordiens
397 2131 552 2189 historiam.
576 2148 655 2202 papa
680 2131 813 2186 silvestro
837 2131 943 2197 retulit,
988 2125 1172 2182 riosonormae
1185 2130 1308 2199 regulari
1319 2147 1380 2186 sese
1390 2131 1699 2203 subderehangobardi
1710 2135 1786 2190 enim

146 2221 250 2290 atejus
278 2220 313 2274 ad
326 2236 448 2290 praesens
465 2220 598 2291 principis
612 2221 804 2291 apostolorum
823 2219 947 2275 auctori-
987 2215 1177 2285 quamplures,
1193 2217 1256 2272 lulti
1272 2218 1386 2274 inimica
1397 2220 1462 2276 ndei
1478 2222 1640 2286 calliditate,
1655 2223 1733 2278 haud
1746 2224 1787 2280 ia·

142 2315 213 2374 tate,
230 2316 328 2382 postea
341 2326 406 2364 vero
417 2311 501 2364 etiam
516 2309 705 2381 imperatoriae
720 2309 876 2380 majestatis
888 2325 948 2363 cor·
988 2303 1040 2358 cile
1055 2306 1237 2376 acquiescunt
1259 2309 1453 2364 monachalem
1479 2311 1607 2366 habitum
1633 2313 1785 2384 suscipere.

141 2399 271 2454 roborari
287 2398 494 2454 locumlitteris
521 2405 550 2452 et
572 2401 686 2454 nomine
714 2399 869 2454 iecit.Post
887 2398 948 2452 hac
988 2393 1069 2448 Multi
1084 2410 1148 2450 vero
1159 2396 1294 2452 nobilium
1312 2403 1397 2469 atque
1409 2399 1525 2454 divitum
1536 2400 1656 2471 gratiam
1672 2401 1787 2474 cupien-

142 2489 236 2560 quoad
250 2489 319 2543 vixit
334 2488 428 2543 omnia
449 2488 618 2543 monasterio
634 2489 787 2543 secundum
803 2503 884 2558 posse
901 2503 946 2545 ne.
987 2488 1031 2538 tes
1042 2483 1147 2539 reterre
1162 2486 1221 2555 ejus
1230 2485 1483 2554 benedictionibus,
1500 2489 1548 2560 qui
1560 2489 1614 2545 sibi
1633 2491 1787 2563 principem

141 2579 266 2633 cessaria
276 2579 317 2632 vel
330 2577 434 2643 attulit,
452 2579 495 2632 vel
509 2577 619 2643 direxit,
637 2585 665 2632 et
679 2576 947 2660 exindecoenobium
987 2573 1152 2642 angelorum
1167 2575 1351 2631 conciliarent
1364 2576 1393 2631 in
1405 2577 1450 2632 die
1464 2578 1508 2632 sui
1532 2578 1632 2645 exitus,
1648 2579 1696 2634 alii
1716 2581 1789 2636 dita-

141 2667 324 2723 incrementis
339 2666 503 2739 opportunis
514 2683 546 2720 er
561 2674 686 2738 tempore
701 2668 758 2721 Deo
770 2667 881 2721 favente
893 2682 949 2720 me·
990 2662 1194 2716 vesuntionum
1210 2663 1268 2718 suis
1287 2665 1448 2732 honoribus,
1463 2667 1511 2720 alii
1523 2667 1673 2723 tradebant
1683 2685 1798 2741 pueros·

140 2758 205 2813 ritis
217 2756 353 2811 hactenus
363 2756 524 2828 archangeli
539 2757 633 2822 crevit,
650 2761 679 2810 et
693 2757 778 2810 variis
801 2755 944 2810 miraculis
985 2765 1051 2804 suos
1064 2750 1184 2805 Domino
1197 2751 1356 2808 educandos
1378 2754 1539 2810 immaturis
1558 2761 1670 2811 teneros
1693 2759 1786 2813 atati-

139 2863 291 2901 coruscans
302 2846 418 2900 diversis
434 2846 543 2916 populis
552 2851 701 2916 gratumet
710 2844 867 2900 venerabile
878 2844 940 2900 fuit.
984 2837 1045 2898 bus.
1059 2838 1110 2893 ast
1128 2855 1250 2911 namque
1270 2841 1349 2896 locus
1367 2841 1402 2896 ab
1427 2843 1504 2898 omni
1531 2843 1733 2916 impedimento
1756 2853 1786 2903 et

137 2937 287 2991 Neautem
307 2936 401 3006 aliqua
415 2934 544 2989 dubietas
558 2951 591 2988 ex
604 2935 649 2989 his
664 2935 823 3006 quaerelata
837 2932 942 2987 suntin
984 2927 1110 2982 saetuiari
1134 2930 1258 2984 tumultu
1281 2937 1416 2986 semotus.
1438 2932 1539 2988 Nullus
1563 2933 1710 2989 hominurn
1735 2953 1786 2992 seu

136 3024 269 3080 cordibus
285 3024 410 3078 fidelium
434 3025 523 3094 possit
541 3024 618 3089 oriri,
649 3026 729 3078 testis
751 3027 794 3077 est
817 3021 941 3094 praedicti
983 3015 1147 3071 animalium
1177 3016 1215 3071 ibi
1244 3019 1405 3089 perstrepit,
1429 3019 1536 3074 elflmOr
1562 3026 1648 3093 atque
1673 3024 1785 3094 rugitus

137 3113 270 3185 Hugonis
288 3113 363 3168 filius
388 3113 549 3181 Mauricius,
575 3113 655 3167 testis
679 3118 708 3167 et
735 3112 795 3183 ipsa
818 3095 1060 3176 familia,fljit(ttii.
1074 3107 1308 3162 Porret'ialifliiae
1328 3108 1459 3178 planities
1474 3125 1540 3164 SUOS
1559 3111 1686 3181 jucunda
1708 3113 1779 3170 laelii

137 3219 259 3274 quorum
273 3202 315 3256 vel
329 3201 389 3255 suis
403 3202 445 3255 vel
460 3207 608 3272 parentum
623 3200 756 3272 proximis
767 3198 938 3254 diebustan·
979 3210 1012 3248 ac
1037 3195 1200 3250 huminibus
1222 3197 1360 3251 humanos
1384 3196 1527 3252 interdum
1548 3214 1609 3270 quse
1632 3201 1723 3256 valeat
1740 3217 1784 3256 ra·

136 3293 173 3347 tis
205 3290 317 3346 indiciis
354 3290 482 3360 angelica
510 3290 599 3344 virtus
625 3289 741 3360 dignata
768 3293 811 3343 est
838 3304 939 3359 propa·
980 3299 1076 3338 creare
1089 3285 1173 3339 visus.
1184 3285 1296 3357 Tepidae
1323 3290 1390 3340 tunt
1410 3285 1527 3350 hiemes,
1556 3293 1639 3343 aestas
1660 3305 1780 3346 vernum

137 3379 201 3434 pari,
979 3373 1109 3428 imitatur
1123 3380 1244 3445 tempus.
1266 3375 1345 3430 Mens
1369 3375 1427 3430 Deo
1443 3375 1642 3432 famulantium
1655 3378 1707 3433 tali
1721 3383 1782 3435 tota

170 3469 265 3540 Igitur
282 3467 448 3523 venerahilis
463 3483 536 3539 papa
547 3466 680 3522 Nicolaus
691 3467 721 3530 *,
738 3465 813 3537 quod
835 3479 939 3518 nomeu
980 3464 1084 3534 quiete,
1100 3472 1127 3518 et
1140 3464 1285 3520 admonita
1306 3465 1461 3536 quamlibet
1472 3467 1589 3537 pulchra
1613 3483 1708 3522 rerum
1733 3487 1782 3542 op«

134 3557 282 3615 victoriam
299 3557 395 3629 populi
418 3556 552 3610 nimirum
580 3553 709 3610 catholici
734 3559 824 3609 sonat.
842 3569 939 3608 narra-
979 3554 1162 3624 portunitate,
1184 3553 1363 3624 vociferatur,
1375 3554 1522 3626 jubilando
1537 3555 1701 3628 frequenter
1714 3575 1779 3616 cum

133 3647 222 3702 tionis
250 3646 334 3717 huius
359 3645 500 3700 ordiendae
521 3644 652 3698 laudator
676 3649 761 3714 atque
786 3649 939 3715 praeceptor
980 3643 1182 3697 exsultatione:
1198 3663 1209 3694 ι
1225 3642 1346 3713 Magnus
1360 3644 1497 3698 Dominus
1509 3645 1779 3703 etlaudabilisvalde
1837 3681 1839 3688 ›

132 3737 252 3800 exstitit,
265 3741 297 3790 nt
311 3735 419 3791 cunctis
432 3733 590 3805 legentibus
603 3733 800 3800 innotesceret,
811 3732 938 3804 praedicti
978 3730 1007 3784 in
1022 3732 1133 3786 civitate
1148 3733 1198 3787 Dei
1213 3733 1312 3798 nostri,
1328 3733 1357 3786 in
1373 3738 1469 3788 monta
1482 3739 1579 3788 sancto
1589 3737 1660 3805 ejus.
1680 3755 1691 3787 a
1719 3747 1722 3752 ’

131 3824 185 3879 1οεί
201 3841 299 3880 curam
315 3821 473 3895 specialiter
492 3821 637 3876 adsedem
653 3822 833 3892 apostolicam
849 3820 935 3892 perti·
1013 3819 1136 3875 Dilectus
1150 3821 1246 3892 itaque
1259 3822 1317 3876 Deo
1331 3829 1359 3876 et
1369 3821 1587 3878 hominibusille
1602 3826 1778 3881 venerandus

130 3929 201 3968 nere
215 3931 221 3965 :
235 3918 264 3966 et
281 3912 407 3982 quisquis
432 3910 556 3966 fidelium
580 3910 610 3963 in
635 3910 690 3963 fine
713 3909 825 3963 caducae
849 3916 934 3980 atque
977 3923 1061 3963 senex
1086 3909 1254 3965 Benedictus
1274 3911 1379 3982 optime
1408 3927 1495 3980 agens
1520 3911 1614 3983 gregis
1635 3915 1777 3971 commissi

129 4001 305 4056 transitoriae
325 4001 386 4054 vitae
401 4000 500 4070 pennis
520 3998 653 4069 angelicis
683 4000 718 4053 ad
743 3999 826 4052 coelos
854 4004 934 4069 optat
974 3997 1139 4064 custodiam,
1162 4005 1259 4070 utpote
1269 4005 1366 4070 pastor
1377 4001 1515 4070 egregius,
1533 4001 1691 4057 sanctitatis
1708 4019 1774 4073 gra·

130 4091 222 4157 evehi,
239 4097 338 4146 contra
351 4090 442 4144 locum
458 4105 541 4160 quem
562 4088 680 4142 Michael
695 4087 823 4158 princeps
844 4103 931 4156 ange·
973 4085 1014 4140 tia
1023 4087 1125 4142 claruit
1138 4087 1196 4140 suis
1216 4087 1398 4158 temporibus
1416 4087 1618 4158 ampliavitque
1634 4095 1773 4144 monaste·

128 4179 224 4233 lorum
241 4178 337 4233 dilexit
351 4182 380 4231 et
406 4177 499 4247 elegit,
517 4182 647 4230 vereatur
669 4175 773 4246 aliquid
802 4175 931 4245 iniquum
973 4175 1770 4246 riumfaventearchangelorebuspersonisethonoribus.

128 4268 244 4322 moliri:
263 4275 402 4338 quatenus
421 4267 449 4320 in
469 4267 553 4320 domo
568 4282 617 4319 sua
631 4264 737 4336 absque
751 4263 932 4318 scissionibus
972 4265 1079 4319 Etcum
1095 4281 1112 4318 a
1127 4265 1267 4336 plerisque
1283 4264 1439 4336 hospitibus
1464 4271 1493 4319 et
1520 4265 1664 4320 monachis
1689 4268 1770 4338 quasi

126 4359 257 4413 cordium
270 4374 333 4412 cunr
347 4373 422 4428 pace,
440 4373 501 4426 quae
512 4355 656 4410 hominum
683 4356 761 4409 homa
778 4355 928 4410 voluntatis
972 4371 1023 4425 pro
1038 4355 1154 4409 consilio
1163 4355 1325 4408 hortaretur
1344 4370 1509 4424 magnorum
1525 4354 1715 4410 cenobiorum
1728 4363 1773 4412 tu·

125 4444 927 4518 propriaest,s1t110menDominiscmpcrbenevlictum,qui
937 4413 961 4471 D
972 4443 1035 4499 tela
1047 4454 1074 4500 et
1086 4444 1256 4499 ordinationi
1272 4444 1362 4498 locum
1372 4459 1456 4498 suurn
1462 4443 1648 4511 committere,
1660 4461 1771 4500 eorum·

125 4553 226 4590 omnes
247 4535 444 4606 suosspiritus
467 4533 721 4589 administratorios
742 4541 857 4604 propter
880 4550 928 4587 eos
969 4548 1023 4603 que
1047 4533 1262 4588 consuetudines
1297 4532 1448 4588 admittere
1475 4548 1532 4587 non
1564 4533 1770 4606 acquiescebat,

125 4625 173 4696 qui
187 4624 382 4679 hereditatem
395 4623 625 4694 capiuntsalutis
639 4624 756 4697 implere
763 4623 887 4694 gratuite
897 4623 927 4676 in
968 4622 1064 4678 dicens
1082 4646 1089 4679 r
1105 4642 1116 4673 ι
1135 4621 1233 4688 Sinite,
1247 4621 1358 4688 fratres,
1374 4621 1458 4677 sinite
1473 4622 1565 4676 Patris
1575 4624 1666 4679 nostri
1681 4625 1771 4680 Bene-

124 4714 317 4788 ecclesieesuse
333 4714 417 4768 mittit
434 4713 628 4768 ministerium.
970 4712 1036 4767 dicti
1050 4713 1157 4783 Regula
1173 4712 1338 4784 parvitatem
1352 4718 1476 4766 nostram
1506 4717 1667 4766 contentam
1698 4729 1769 4782 esse,

158 4808 244 4860 Anno
260 4803 346 4874 igitur
359 4800 624 4858 uttlncarnationis
639 4802 789 4858 Dominirse
804 4809 930 4858 constru-
970 4819 1055 4874 quse,
1082 4801 1105 4856 si
1133 4803 1206 4872 quod
1232 4802 1343 4856 videtur
1370 4801 1549 4868 addendum,
1580 4799 1690 4858 abbatis
1719 4802 1772 4858 ad·

123 4895 175 4950 ctis
205 4901 237 4949 ut
252 4893 350 4955 fertur,
368 4895 395 4946 in
411 4892 508 4946 eodem
523 4893 714 4948 locoieliciter
734 4893 853 4948 cilicinis
873 4910 926 4948 coe·
970 4892 1057 4947 mittit
1088 4891 1204 4946 arbitrio
1230 4890 1416 4962 supplendum
1445 4906 1495 4962 pro
1512 4891 1622 4945 ratione
1648 4897 1677 4946 et
1699 4896 1769 4948 tem·

123 4983 295 5045 nobialibus,
308 4988 390 5053 prout
405 4991 467 5036 erut
484 4981 624 5052 possibile,
637 4999 700 5036 cum
716 4983 763 5037 ille
794 4984 835 5036 vir
857 4981 927 5036 illu·
969 4999 1053 5054 pore:
1070 4981 1180 5036 nonita
1208 4986 1304 5035 estut
1330 4980 1438 5048 dicitis;
1464 4979 1563 5034 videtis
1588 4980 1680 5035 locum
1701 4995 1768 5035 con-

122 5073 189 5127 stris
205 5072 289 5142 ilugo
304 5069 428 5125 inarmis
440 5075 581 5134 strenuus,
593 5071 641 5125 sed
655 5071 682 5124 in
698 5072 749 5126 Dei
762 5071 927 5127 rebuscirca
967 5072 1052 5127 ductu
1076 5071 1218 5126 difficilem
1245 5075 1272 5125 et
1297 5071 1427 5136 arduum,
1453 5071 1543 5126 altera
1564 5068 1766 5125 consuetudine

121 5164 210 5217 finem
241 5161 331 5231 magis
353 5160 478 5227 devotus,
497 5161 600 5225 locum,
621 5177 717 5230 quem,
742 5162 813 5216 sicut
840 5179 926 5233 supra
968 5162 1192 5216 modificandum.
1211 5161 1308 5232 Neque
1328 5161 1403 5215 enirn
1419 5162 1543 5214 humano
1558 5157 1768 5230 quolibetindi·

122 5252 286 5309 retulimus.
304 5248 394 5320 pretio
404 5248 457 5303 sibi
470 5253 502 5302 ut
522 5250 664 5319 proprium
688 5251 885 5317 vindicaverat,
897 5258 925 5306 et
964 5258 1013 5321 get
1027 5251 1189 5322 magisterio
1204 5250 1252 5321 qui
1271 5251 1434 5320 angelorum
1446 5264 1519 5318 saepe
1535 5247 1640 5301 truitur
1652 5245 1764 5313 solatio,

122 5339 281 5412 apostolica
292 5337 469 5402 auctoritate,
481 5354 530 5392 seu
543 5340 687 5410 praeceptis
704 5340 843 5409 regalibus
863 5358 925 5396 rnu-
966 5342 1093 5412 tantique
1109 5341 1258 5412 provisoris
1272 5340 1378 5410 gaudet
1396 5335 1562 5409 patrocinio,
1583 5340 1613 5389 et
1625 5334 1694 5389 satis
1705 5349 1765 5389 me·

121 5432 227 5494 niemt,
252 5427 346 5482 abbati
373 5428 510 5482 duntaxat
535 5444 567 5482 nc
596 5430 740 5484 monachis
766 5431 925 5487 habendum
966 5431 1071 5485 tuendo
1082 5431 1249 5502 quandoque
1269 5429 1383 5482 additur
1410 5423 1622 5480 ministerioln
1649 5423 1701 5478 hnc
1722 5424 1767 5478 ni·

121 5519 308 5583 tradidisset,
322 5525 470 5588 postquam
487 5517 569 5570 etiam
587 5526 700 5573 sanctus
723 5520 844 5574 ioannes
863 5537 925 5574 ere·
967 5522 1070 5575 mirum
1087 5529 1181 5574 rnonte
1196 5519 1290 5574 nullus
1305 5523 1347 5570 est
1363 5515 1439 5569 lorus
1453 5513 1562 5568 crimini
1587 5529 1638 5568 nec
1651 5518 1694 5567 est
1722 5513 1765 5568 fas

122 5615 205 5675 mita,
217 5622 326 5662 necnon
349 5613 377 5660 et
403 5606 480 5662 honre
508 5607 659 5674 memoriae,
687 5611 819 5664 Atvertus
840 5610 925 5664 abbas
967 5611 1018 5665 sub
1031 5612 1092 5682 ejus
1114 5615 1264 5680 conspectu
1279 5605 1415 5660 scelerato
1427 5602 1550 5658 latebras
1564 5603 1764 5672 delitescendo,
