3970 6172
121 349 192 410 1445
300 396 308 405 .
606 351 779 408 HISTORIA
797 349 1064 408 matwtonum
1082 351 1113 408 S.
1131 350 1275 408 annum
1682 350 1754 410 titt

118 471 168 530 Me
180 471 307 528 vexaado
322 472 372 528 diu
391 472 512 544 subigat,
528 478 706 546 mortemque
721 475 853 531 minetur.
926 478 1075 546 Asamptu
1089 473 1186 529 eodem
1202 473 1262 528 loco
1272 470 1518 528 constructaestin
1528 471 1670 530 honoreB.
1681 491 1753 548 pon·

118 562 249 618 Pondere
263 579 328 616 mox
340 562 407 616 ferri
419 568 484 633 post
497 563 559 633 ejus
570 562 653 618 verba
668 564 768 619 resolvi
956 563 1040 618 tiliois
1053 562 1183 626 Amandi,
1193 562 1228 617 ad
1237 561 1350 617 laudern
1364 560 1414 616 Dei
1425 562 1576 616 Salvatoris
1588 564 1677 618 nostri
1686 565 1754 622 lesu

119 651 166 707 Sic
182 668 293 724 capere
307 651 402 714 simul,
420 651 494 723 quod
509 652 541 706 lit
556 651 684 707 mirabile
698 652 785 718 dictu,
957 651 1072 714 Christi,
1089 659 1216 706 sanctum
1229 667 1313 706 suurn
1328 649 1441 705 incaelo
1457 651 1527 705 etin
1542 657 1619 707 terra
1633 653 1753 710 mirilico

120 741 180 796 Ceu
197 741 259 812 quis
274 757 339 796 eum
353 740 427 796 ferro
443 741 572 796 manibus
585 742 722 798 relevaret
736 743 771 797 ab
783 741 854 812 ipso.
957 740 1150 812 glorificantis,
1166 740 1214 811 qui
1231 755 1295 794 cum
1311 739 1394 794 Patre
1420 744 1449 794 et
1472 739 1578 810 Spiritu
1593 741 1622 796 S.
1639 741 1705 797 vivit
1726 747 1755 798 et

117 828 192 884 'l'um
208 834 332 884 tractans
344 827 458 887 sensim.
475 829 587 900 capiens
602 835 631 885 et
644 830 698 884 iter
711 829 892 902 pedetentim,
959 835 1058 900 regnat
1067 830 1141 885 Deus
1155 845 1206 901 per
1217 828 1312 884 omnia
1324 828 1424 883 saecula
1438 829 1532 884 saecul.
1542 830 1644 886 Amen.

119 918 315 990 Egressnsque
333 918 409 972 soma
424 918 509 986 venit,
519 918 604 990 judex
620 919 668 974 ubi
682 935 796 974 caussas
1230 916 1348 973 CAPUT
1362 917 1399 972 lV
1410 915 1479 989 (att.

119 1008 292 1073 Exercenda,
314 1009 389 1064 latus
403 1008 525 1080 stipante
544 1009 665 1063 satellite
678 1009 777 1074 fultus,
1012 1011 1172 1063 Periculum
1186 1011 1284 1062 mortis
1295 1011 1430 1061 amotam.
1449 1007 1556 1061 Clinicc
1570 1013 1697 1064 sanatur.

118 1097 216 1152 Varios
230 1113 374 1152 sermones
387 1096 528 1152 referebat
541 1103 570 1151 et
579 1097 703 1168 undique
718 1100 827 1164 sontes3
997 1093 1039 1153 19.
1056 1097 1127 1168 Styli
1141 1096 1248 1168 pandat
1262 1094 1437 1166 obsequium,
1448 1096 1601 1151 succedens
1611 1097 1656 1152 his
1671 1098 1757 1154 mira·

120 1187 224 1242 (loram
239 1202 295 1258 quo
303 1186 422 1257 positus,
440 1185 549 1241 cunctis
559 1186 738 1241 cernentibus
751 1186 808 1242 exit
1595 1186 1702 1256 [culum

119 1274 288 1342 landricus,
305 1280 368 1347 post
382 1291 412 1330 se
425 1291 477 1330 nec
492 1291 661 1347 quemquam
677 1291 792 1347 surgere
806 1275 905 1331 cernit.
961 1275 999 1330 Ut
1012 1275 1087 1346 qnod
1098 1273 1186 1329 claret
1195 1273 1391 1346 presentibus,
1402 1278 1499 1346 pateat
1511 1273 1755 1346 subseqnentibus.

122 1364 169 1420 Sic
183 1365 265 1436 cujus
280 1364 404 1419 clemens
416 1363 560 1419 miseratio
572 1364 772 1420 vociferantem
961 1364 1098 1419 Processu
1116 1378 1239 1434 namque
1260 1362 1406 1434 temporis,
1422 1363 1490 1418 dum
1504 1367 1646 1419 structura
1659 1364 1758 1421 tunda-

122 1452 238 1508 Audiuit
249 1452 370 1525 pridem,
382 1468 457 1507 nunc
470 1452 563 1523 ipsum
578 1451 671 1507 munit
684 1455 809 1507 euntem.
1608 1453 1704 1524 [minis

161 1539 206 1600 18.
234 1542 311 1614 (Gap.
326 1539 382 1610 15.)
398 1540 574 1612 Pracipuum
598 1541 737 1612 quoddam
753 1540 921 1596 miraculum
963 1539 1086 1596 Ecclesia
1104 1542 1266 1610 resurgeret
1281 1537 1343 1606 (29),
1358 1555 1391 1594 ac
1404 1541 1530 1596 valenter
1544 1542 1704 1612 proficeret,

122 1629 154 1686 in
177 1647 251 1702 pago
271 1629 461 1694 Noviomensi,
477 1630 540 1684 all.
564 1630 693 1685 Amando
714 1630 830 1694 lactum,
851 1628 923 1684 sicut
963 1629 1049 1684 Varie
1069 1629 1190 1701 operarii
1202 1627 1411 1700 occupabantur
1429 1629 1555 1701 plurimi.
1689 1609 1695 1626 .

124 1718 314 1792 quorumdam
330 1717 467 1773 relatione
478 1716 532 1786 (ll)
548 1717 707 1784 didicimus,
719 1718 813 1788 legere
826 1717 922 1772 volen—
964 1719 1090 1783 Quorum
1105 1718 1257 1773 mittuntur
1270 1718 1376 1789 gemini
1386 1723 1492 1773 terram
1503 1719 1599 1774 fodere
1612 1719 1713 1790 sabuli,

120 1807 200 1864 tibus
213 1807 401 1880 qualicunque
423 1806 528 1878 scripto
541 1807 688 1862 notillcare
703 1806 873 1862 curabimus.
888 1807 919 1862 B.
929 1830 953 1890 B
965 1807 1148 1863 willebertus
1160 1806 1305 1871 vocabalo,
1320 1805 1435 1862 Alherto
1450 1806 1503 1862 sibi
1517 1807 1601 1863 socio.

121 1898 213 1969 igitur
221 1896 350 1953 amando
360 1912 423 1951 cum
435 1894 572 1951 duodenis
580 1894 713 1950 iratribus
722 1896 752 1951 in
766 1910 837 1968 pago
852 1896 924 1953 Lau-
966 1897 1002 1952 lli
1015 1913 1082 1968 ergo
1094 1895 1159 1951 iacti
1174 1911 1320 1967 compares
1334 1895 1370 1950 ad
1385 1896 1558 1968 operandum
1572 1897 1669 1968 agiles,

124 1985 258 2051 dunensi,
272 1986 334 2040 loco
346 1983 395 2057 qai
413 1983 517 2040 dicitur
532 1983 698 2039 Baresetum
714 1983 779 2052 (25),
800 2000 923 2040 commo·
964 1985 1195 2057 lixsequebantur
1207 1983 1336 2054 gnaviter
1351 2000 1421 2056 opus
1435 1984 1593 2055 injunctum
1606 1987 1720 2060 pariter.

124 2079 220 2141 rante,
236 2073 354 2145 contigit
368 2078 400 2128 ut
421 2090 469 2128 rex
481 2073 654 2128 Francorum
674 2072 848 2143 Dagobertus
871 2071 923 2137 (261
966 2075 1021 2140 Qui
1035 2074 1119 2129 unius
1137 2072 1256 2128 articulo
1265 2073 1322 2128 diei
1335 2089 1400 2128 cam
1413 2073 1531 2129 fossorio

122 2163 172 2218 die
187 2162 309 2234 quadam
325 2161 529 2234 compendium
542 2159 594 2229 (⁴27)
609 2160 764 2220 deveniret.
777 2161 858 2232 cujus
872 2161 923 2215 ad·
965 2165 1107 2219 latrantes
1122 2161 1274 2234 opidcium,
1290 2162 1389 2217 mortis
1400 2161 1548 2218 incurrunt
1562 2164 1705 2236 laqueum.

122 2255 368 2322 veatacomperto
391 2249 422 2304 B.
446 2248 512 2304 illuc
527 2248 672 2304 Amandus
695 2264 811 2320 pergere
833 2248 926 2321 dispo-
965 2251 1078 2318 Quossi
1096 2251 1179 2323 cepit,
1200 2266 1258 2306 non
1279 2250 1381 2318 tenuit,
1396 2251 1447 2305 sed
1463 2250 1559 2307 laxum
1579 2253 1673 2309 sinam
1688 2271 1761 2329 prra-

124 2340 196 2396 suit.
213 2338 339 2404 Quicum
347 2338 381 2393 ad
390 2337 484 2392 villam
492 2337 672 2392 hialincotum
682 2337 850 2410 appellatam
860 2353 926 2409 per·
1602 2340 1692 2412 [bnit;

125 2428 260 2492 venisset,
283 2426 313 2482 in
332 2425 415 2481 domo
434 2426 582 2497 cujusdam
609 2425 709 2489 vidua,
732 2442 793 2497 quae
811 2427 925 2482 unicum
967 2429 1084 2498 thuos
1102 2427 1222 2482 Satanas
1235 2424 1350 2491 terruit,
1366 2425 1469 2498 praesul
1483 2431 1580 2482 noster
1594 2427 1708 2501 eripuit.

126 2516 255 2572 hahebat
266 2515 366 2581 filium,
386 2513 547 2587 hospitandi
562 2515 656 2585 gratia
676 2515 799 2570 divertit.
815 2515 926 2570 Interea
968 2513 1045 2582 Quos
1060 2513 1185 2568 turbavit
1199 2513 1314 2576 saevitia,
1329 2513 1398 2569 fovit
1412 2513 1615 2570 misericordia.

129 2605 246 2678 quidam
265 2609 405 2676 raptores,
416 2620 448 2658 ex
467 2603 629 2659 Belvacensi
643 2602 757 2674 regione
771 2603 924 2667 venientes,
967 2604 1040 2659 Nam
1054 2603 1132 2657 locus
1144 2607 1205 2657 erat
1218 2617 1354 2656 concavus
1365 2602 1462 2672 jacens
1475 2602 1531 2657 illis
1545 2603 1597 2658 sub
1611 2605 1739 2678 pedibus,

128 2694 283 2767 quamdam
297 2693 363 2748 inde
375 2691 497 2764 predam
510 2692 585 2748 furto
594 2691 743 2748 abductam
757 2697 824 2747 ante
838 2709 868 2746 se
881 2693 928 2746 de·
967 2693 1109 2764 Terraque
1123 2707 1186 2746 cum
1201 2689 1342 2764 lapidibus
1355 2689 1523 2745 imminebat
1535 2691 1698 2748 cervicibus.

128 2781 281 2839 ducebant.
297 2781 428 2847 Quicum
443 2781 479 2836 ab
493 2781 592 2836 incolis
612 2782 738 2852 eJusdem
753 2780 874 2853 regionis
897 2797 927 2836 se
968 2778 1041 2844 Quid
1056 2779 1172 2834 multis?
1186 2779 1276 2834 Moles
1286 2778 1401 2846 corruit,
1419 2779 1526 2850 hosque
1539 2779 1628 2834 terrae
1642 2782 1762 2838 commi-

128 2870 243 2942 insequi
261 2870 412 2943 perniciter
441 2869 570 2926 cominus
592 2870 774 2942 aspexissent,
799 2869 928 2940 opaciore
1608 2867 1690 2940 [nait.

129 2960 204 3016 silva
216 2975 278 3014 sese
292 2975 357 3014 cum
377 2957 471 3030 praeda
495 2974 546 3013 sua
569 2959 699 3030 protinus
717 2959 927 3026 immerserunt,
969 2956 1151 3012 Willebertus
1162 2955 1319 3029 pubetenus
1332 2955 1475 3011 detinetur
1489 2955 1676 3024 intrinsecum

128 3065 183 3105 nec
193 3053 290 3103 tamen
305 3047 340 3103 de
351 3047 694 3111 vitasecari,adversarios
708 3065 737 3102 se
750 3047 930 3118 insequentes
938 3095 960 3156 G
970 3046 1107 3103 Albertus
1116 3049 1211 3115 autem
1226 3044 1338 3117 penitus
1348 3045 1383 3100 ad
1392 3044 1451 3099 ima
1465 3043 1570 3100 scrobis
1584 3047 1718 3104 truditur.

127 3137 240 3212 pernici
253 3153 352 3209 gressu
376 3135 531 3208 fugiebant.
553 3137 680 3192 Fortuiio
697 3139 756 3209 jam
773 3155 840 3194 casu
854 3138 929 3194 iilius
971 3136 1032 3202 Quo
1046 3150 1214 3190 concurrens
1223 3132 1333 3200 vicinia,
1350 3132 1477 3188 membra
1487 3133 1629 3205 querebat
1641 3142 1762 3193 mortua.

128 3225 264 3282 mulieris
281 3225 381 3292 viduae,
402 3227 432 3282 ia
449 3216 534 3297 'cujus
561 3225 714 3297 hospitium
727 3225 761 3280 Β.
777 3227 930 3283 diverterat
968 3223 1042 3279 Nam
1056 3221 1120 3294 quis
1130 3221 1221 3276 vivere
1232 3220 1358 3276 crederet
1380 3236 1465 3292 qnam
1487 3225 1568 3276 tanta
1588 3223 1676 3279 moles
1691 3230 1764 3280 ster·

128 3314 289 3380 Amandus,
303 3331 354 3386 per
367 3314 498 3369 eumdem
512 3314 616 3368 saltum
631 3314 706 3368 solus
719 3307 928 3369 deambulabat.
1599 3311 1712 3382 [nenati

128 3405 204 3461 Cum
217 3420 331 3460 causam
343 3404 454 3474 penitus
464 3403 605 3475 ignoranti
619 3403 741 3474 praedam
751 3419 832 3458 suam
847 3403 930 3458 latro-
969 3401 1076 3456 Tamen
1089 3398 1202 3454 videbat
1216 3397 1318 3454 merito
1328 3397 1419 3453 sancti
1433 3399 1560 3471 presulis
1570 3398 1684 3473 inclyto.

129 3510 184 3550 nes
200 3492 283 3564 quasi
297 3491 508 3547 custodiendam
524 3491 709 3563 reliquemnt,
728 3497 757 3547 et
770 3491 824 3563 ipsi
839 3497 930 3547 semet
969 3489 1024 3544 Per
1039 3505 1122 3561 quem
1135 3488 1239 3543 mirum
1249 3487 1391 3560 apparuit,
1400 3487 1474 3559 quod
1485 3503 1596 3543 servum
1607 3490 1692 3546 morti
1702 3507 1765 3548 sas-

128 3586 244 3638 tantum
259 3581 367 3636 salvare
381 3580 515 3644 volentes,
531 3579 686 3652 expeditius
697 3581 756 3651 jam
771 3580 867 3652 iugera
877 3597 930 3636 coe·
1624 3579 1712 3652 [tulit.

129 3676 247 3744 pexunt.
265 3670 354 3726 Porro
367 3669 420 3725 viri
434 3667 482 3742 qui
496 3668 619 3741 predam
634 3670 669 3725 de
688 3686 774 3724 manu
787 3669 930 3725 latronum
969 3666 1086 3723 Terram
1101 3667 1176 3722 enim
1191 3681 1253 3737 qna
1270 3667 1376 3731 ruerat,
1393 3663 1575 3738 lapidumque
1588 3667 1732 3724 volumina

131 3759 308 3816 festinabant
321 3760 440 3830 eripere,
453 3759 585 3830 juvenem
608 3758 697 3813 solum
721 3775 785 3814 cum
806 3759 900 3831 preda
913 3775 931 3814 a
972 3757 1141 3811 emoventes
1153 3753 1328 3820 finitimi,vix
1340 3757 1425 3824 caput
1437 3753 1624 3821 semimortui,
1661 3811 1664 3816 ,

132 3849 293 3905 latronibus
307 3847 425 3903 dimissa
442 3847 473 3902 in
486 3847 559 3902 saltu
573 3852 747 3919 repererunt.
764 3847 853 3913 Quem
866 3846 931 3919 quia
973 3845 1053 3911 Quod
1074 3860 1146 3916 pene
1171 3845 1230 3914 jam
1250 3841 1450 3910 contriverant,
1473 3847 1506 3897 ut
1519 3849 1614 3915 pamas
1627 3843 1684 3900 illic
1693 3845 1768 3916 jece-

134 3955 228 3995 nnam
243 3953 277 3994 ex
290 3935 447 3991 latronibus
461 3933 793 4002 fuisseexistimaverunt,
809 3951 933 4008 compre-
1649 3933 1736 4004 trent,

132 4029 258 4084 heasum
273 4025 348 4080 illico
362 4019 579 4096 suspendemnt.
594 4023 653 4078 Nec
666 4039 755 4088 mora,
771 4037 871 4078 rumor
882 4039 933 4078 ex·
974 4021 1167 4094 Reperiantes,
1182 4020 1334 4076 extrahunt
1345 4020 1424 4091 quasi
1439 4018 1558 4074 cadaver
1570 4024 1723 4075 mortuum.

132 4117 250 4182 citatur,
278 4115 385 4169 clamm
410 4112 559 4178 attollitur,
589 4111 662 4167 iilius
688 4111 816 4166 mulieris
841 4111 932 4168 vidua
973 4111 1089 4167 Nullum
1103 4111 1167 4166 vitae
1181 4109 1352 4181 spiraculum
1371 4107 1399 4163 in
1414 4125 1447 4163 eo
1461 4123 1513 4162 neo
1528 4107 1684 4163 anhelitum

130 4221 290 4278 suspensus
304 4209 389 4275 atque
401 4203 460 4273 jam
480 4204 608 4256 mortuus
630 4217 691 4256 esse
715 4198 872 4255 nuntiatur.
888 4195 933 4255 Ab
975 4198 1166 4270 percipientes
1185 4197 1317 4252 vividum.
1333 4197 1405 4251 Nam
1420 4195 1455 4250 ab
1467 4194 1539 4250 hora
1550 4195 1610 4266 jam
1623 4193 1709 4249 tertia

134 4293 272 4352 omnihus
292 4309 363 4365 pene
387 4290 486 4346 incolis
513 4290 732 4361 circumquaque
755 4288 934 4345 manentibus
974 4287 1069 4358 Usque
1083 4286 1141 4342 iere
1155 4284 1348 4358 adseptimam
1364 4284 1394 4340 in
1408 4283 1532 4339 tenebris
1543 4282 1723 4338 horrentibus

131 4383 261 4442 curritur
275 4381 311 4436 ad
324 4380 492 4446 videndum
505 4383 597 4434 mater
610 4379 695 4433 etiam
709 4379 837 4449 suspensi
852 4377 965 4470 mise-D
975 4377 1106 4432 lacuerat
1118 4375 1158 4430 sic
1172 4375 1298 4431 obrutas.
1314 4369 1385 4428 Inde
1397 4373 1542 4427 trahentes
1560 4370 1696 4443 pallidum

131 4473 233 4530 randis
248 4469 417 4528 clamoribus
441 4467 550 4540 ejulans
573 4484 636 4522 cum
661 4467 693 4522 B.
715 4483 798 4538 quem
812 4466 934 4538 hospitio
975 4466 1141 4536 Mortuoque
1154 4463 1340 4528 simillimum,
1356 4478 1419 4516 curn
1433 4465 1587 4515 tractarent
1596 4459 1632 4514 de
1644 4459 1735 4514 loculo

131 4559 434 4635 susceperataccurrit
446 4556 659 4622 AmandoQuid
669 4556 750 4628 plura
761 4554 774 4608 l
784 4554 935 4612 lntantum
976 4553 1010 4608 Et
1022 4552 1149 4608 iaciendo
1159 4551 1286 4619 tumu103
1303 4555 1450 4604 cernentes
1464 4548 1540 4603 hunc
1549 4547 1707 4615 rubescere,

130 4655 175 4710 vir
190 4653 294 4707 heatus
308 4665 393 4720 super
405 4646 597 4719 compassione
615 4644 743 4701 mulieris
756 4643 886 4708 indoluit,
903 4651 936 4701 ut
976 4641 1178 4697 Intellexerunt
1191 4640 1291 4695 vivere.
1309 4638 1360 4693 Hic
1374 4654 1485 4710 quoque
1500 4637 1590 4692 multo
1600 4642 1727 4708 tempore

131 4741 217 4800 humi
235 4743 405 4810 'prostratus
426 4736 525 4791 tandiu
539 4733 659 4790 orationi
681 4733 781 4804 plenus
802 4733 934 4804 lacrymis
975 4731 1044 4785 Post
1057 4746 1143 4785 sanus
1159 4729 1228 4784 vixit
1246 4742 1434 4799 corporernm
1448 4726 1495 4780 illo
1510 4742 1561 4781 suo
1576 4741 1718 4797 compara,

132 4827 309 4894 incubuerit,
343 4827 430 4882 donec
448 4827 580 4896 juvenem
605 4822 697 4877 vivum
713 4827 742 4876 et
764 4821 935 4877 incolumem
975 4819 1011 4874 Et
1024 4819 1177 4890 postillam
1192 4816 1348 4871 certissime
1363 4829 1544 4887 perseverans
1556 4814 1681 4869 servitio.

130 4917 260 4995 propriae
273 4915 357 4972 matri
375 4913 510 4987 madenti
537 4917 566 4967 et
588 4910 748 4974 exsultanti,
767 4911 825 4965 Deo
839 4911 935 4984 propi·
1010 4905 1054 4965 20.
1072 4905 1126 4976 (301
1140 4908 1221 4961 Anno
1237 4905 1273 4960 ab
1289 4903 1488 4960 lncarnatione
1501 4899 1704 4970 nominiroso,
1716 4903 1775 4958 cui·

131 5012 228 5068 tiante
243 5004 407 5062 restitnerit.
421 5004 464 5060 Ob
483 5002 536 5057 hoc
550 5016 617 5072 ergo
631 4999 764 5072 paradoxi
778 4997 892 5070 dignam
907 5004 936 5055 et
975 4996 1041 5052 dam
1056 4994 1256 5050 monachorum
1268 4993 1630 5059 S.Amandi,persomnum
1643 4991 1714 5047 visio
1722 5007 1773 5062 ap·

130 5095 327 5156 venerabilem
349 5091 515 5148 memoriam
531 5089 659 5162 quaedam
673 5088 811 5160 capellula
834 5087 935 5160 exiguo
975 5085 1070 5158 paruit
1083 5089 1219 5154 tanquam
1231 5081 1380 5138 dehiscens
1394 5082 1506 5148 coelum,
1519 5083 1649 5137 ardorem
1658 5080 1772 5151 igneum

167 5203 235 5278 (ii)
248 5201 324 5258 Dum
350 5199 432 5255 isthic
446 5213 510 5254 cum
524 5195 652 5266 reliquiis
674 5196 703 5252 S.
725 5193 846 5249 rimandi
861 5200 936 5250 esset
977 5191 1066 5248 Aisiae
1077 5188 1237 5246 fluminum.

132 5281 255 5342 aactor;
283 5271 391 5345 quoda
409 5268 525 5341 reliquis
548 5266 692 5321 miraculis
709 5270 770 5320 tum
793 5265 874 5321 iactis
895 5283 938 5320 se·
1016 5261 1069 5331 t28)
1087 5262 1151 5316 Haec
1164 5260 1219 5315 duo
1234 5259 1328 5344 capita
1340 5259 1521 5343 continentur
1537 5258 1566 5312 in
1587 5255 1774 5339 mariman-

131 5346 243 5421 Junxit.
978 5335 1054 5392 dino.
1076 5338 1175 5404 postea
1197 5331 1416 5402 adJunota,srve
1437 5328 1591 5384 abeodem
1620 5324 1774 5382 Grlleberto

170 5417 233 5488 (25)
248 5416 304 5472 Seu
316 5413 504 5469 Barisiacum.
979 5422 1029 5461 seu
1063 5402 1212 5458 otiusalio.
1294 5470 1300 5483 .
1522 5469 1528 5482 ⁸
1766 5469 1772 5482 ι

174 5485 231 5557 (26(
245 5485 274 5542 Α
288 5484 445 5541 childerico
461 5502 492 5539 re
512 5500 527 5538 e
550 5485 652 5554 nepote
670 5477 939 5553 Dagobertilhuno
983 5513 989 5524 .
1015 5422 1071 5557 (98(
1088 5475 1160 5545 Ergo
1175 5477 1238 5544 post
1257 5470 1364 5526 obitum
1387 5469 1554 5552 nemnem,
1568 5485 1617 5524 seu
1644 5467 1774 5550 Fulaardr

133 5565 233 5619 locum
247 5558 381 5613 donatum
396 5556 482 5611 luisse
493 5501 525 5610 ἔ.
541 5554 669 5609 Amando
683 5553 813 5609 diximus.
827 5554 871 5607 An
883 5552 940 5607 Da·
980 5547 1098 5607 abbatis,
1113 5543 1164 5600 sub
1181 5547 1299 5601 Bovone.
1314 5546 1364 5596 aut
1377 5557 1476 5612 prrmrs
1489 5557 1571 5624 anpvs
1583 5541 1719 5622 llugpnvs.

134 5633 276 5708 gobertus
289 5629 364 5682 tillus
378 5628 406 5683 S.
425 5625 563 5698 sigeberti
578 5624 798 5696 intelligendus?
1017 5617 1075 5689 (30)
1095 5612 1334 5686 Praeponebantur
1353 5613 1412 5669 haec
1434 5611 1519 5670 verba
1531 5616 1622 5671 mear
1634 5609 1710 5668 tvtulv
1726 5609 1775 5672 ιδ.

174 5701 233 5778 (m)
255 5698 399 5775 Oppidum
417 5699 531 5772 elegans
542 5697 580 5755 ad
597 5697 770 5754 confluentes
789 5696 893 5755 hona
911 5698 941 5776 et
979 5688 1230 5752 Amanoaasao.
