3856 6176
109 248 150 307 5⁰¹
570 255 734 314 uncum
753 260 824 317 PRO
843 260 979 317 ORDINE
999 259 1027 316 S.
1050 255 1249 315 uuuuulo'rl.
1681 243 1735 306 502

108 375 191 431 abbati
205 377 348 448 placuerit.
365 379 472 435 Ductus
487 379 582 452 itaque
597 380 783 438 noritinssive
792 384 889 450 laicus,
899 383 1088 448 Asinistram,
1098 381 1205 452 gratias
1218 379 1343 435 reserens
1358 374 1493 433 tratribus
1506 387 1558 447 pro
1572 369 1731 430 misericor·

107 465 154 521 sire
168 465 291 531 clericus,
306 467 336 521 in
351 467 517 540 predictum
530 470 621 524 locum
635 470 794 538 tondeatur,
809 479 838 528 et
851 489 894 528 ra·
934 471 981 526 dia
991 467 1283 541 eorumprecibussibi
1293 468 1430 540 impensa.
1443 467 1544 520 Postea
1552 461 1731 536 precipiente

106 554 263 611 daturmore
275 557 489 626 monachorum
515 558 617 613 dehinc
642 560 764 616 vestibus
780 563 893 618 saecula·
934 561 1034 616 abbate
1048 576 1111 614 cum
1126 558 1261 630 magistro
1276 573 1326 613 suo
1345 561 1434 620 exeat,
1448 554 1583 625 finitoque
1595 551 1728 624 capitulo,

105 643 171 698 ribus
185 651 301 700 exuatur
315 653 345 700 et
359 646 443 702 rebus
453 645 616 701 monasterii
625 649 811 719 regularibus,
825 668 893 723 prae·
933 651 957 706 si
984 648 1125 705 scribendi
1147 647 1292 702 scientiam
1319 646 1406 702 habet
1427 642 1628 717 professionem
1647 657 1729 698 suam

104 737 141 787 ter
153 734 299 798 cucullam,
314 735 417 808 capitio
428 741 524 792 assuto
537 736 639 792 tunicae
656 737 800 794 induatur.
818 742 890 796 Dum
932 739 1044 804 scribat,
1056 743 1107 795 uut
1118 738 1141 794 si
1152 737 1242 792 nescit
1251 735 1371 792 scribere
1381 735 1465 790 alium
1481 739 1570 804 roget,
1578 732 1625 804 qui
1636 747 1687 803 pro
1700 747 1731 784 se

104 821 153 877 heo
166 828 318 894 agunture
337 825 471 881 fratribus
494 825 596 896 quibus
616 825 773 897 iniunctum
795 829 889 900 suerit,
931 825 1045 890 scribat;
1058 816 1728 896 ipsetameninlineipsiusprofessionissignum

104 917 197 983 septem
210 914 416 984 poenitentiales
432 915 531 987 psalmi
544 915 574 970 in
588 914 725 972 directum
750 919 890 977 dicantur.
932 915 1021 972 crucis
1036 913 1129 978 sociat,
1143 911 1244 967 deinde
1262 909 1356 966 ablato
1371 908 1498 964 atunica
1513 905 1624 980 caputio
1638 920 1729 976 usque

105 1000 141 1054 Sic
151 1009 265 1072 paratus
278 1003 399 1060 ducatur
412 1004 441 1058 in
457 1013 624 1060 conventum
641 1004 775 1075 fratrum3
792 1006 891 1064 inchu-
932 1007 967 1062 ad
979 1006 1077 1060 horam
1086 1000 1289 1057 benedictionis
1299 1017 1366 1066 suae,
1377 997 1574 1053 extracborum
1586 999 1710 1057 maneat,

104 1107 137 1155 ro,
154 1090 177 1144 si
200 1091 319 1146 clericus
334 1098 386 1158 est,
402 1093 520 1150 ultimus
537 1093 574 1149 sit
599 1093 629 1149 in
653 1095 750 1151 ordine
778 1097 891 1152 clerico·
967 1095 1073 1150 Cantor
1086 1107 1151 1147 rero
1166 1106 1316 1162 procurare
1329 1088 1383 1144 sibi
1398 1086 1481 1142 debet
1491 1085 1685 1140 membranam
1700 1091 1730 1139 et

103 1195 168 1244 rum;
184 1181 208 1234 si
221 1181 319 1249 laicus,
336 1182 481 1248 laicorum,
498 1189 527 1238 et
541 1183 576 1238 ad
587 1185 802 1255 processionem,
812 1187 890 1242 simi·
930 1184 1099 1249 incaustum,
1115 1186 1144 1236 et
1157 1181 1331 1252 scriptorem,
1353 1177 1378 1233 si
1392 1176 1482 1233 nescit
1500 1174 1638 1241 scribere;
1659 1175 1730 1229 hora

103 1267 156 1323 liter
170 1268 199 1323 in
224 1269 356 1342 capitulo,
374 1277 403 1327 et
426 1272 582 1340 refectorio,
600 1273 674 1330 sicut
686 1280 729 1329 ast
744 1275 813 1331 ordo
827 1293 891 1332 con-
931 1271 1114 1330 benedicendi
1124 1271 1152 1325 in
1162 1269 1279 1325 arbitrio
1286 1266 1395 1323 abbatis
1408 1272 1460 1334 est,
1472 1264 1656 1320 videlicetsut
1663 1266 1728 1318 ante

102 1357 226 1413 versionis
240 1359 311 1428 ejus·
931 1363 1079 1420 introitnru
1095 1360 1196 1424 missae,
1213 1359 1238 1414 si
1262 1359 1377 1413 missam
1390 1372 1447 1411 non
1461 1354 1593 1422 celebrat,
1606 1358 1656 1409 aut
1665 1355 1729 1424 post

129 1447 157 1502 ln
170 1447 241 1502 cella
254 1448 423 1505 novitiorum
433 1449 565 1514 dormiat,
574 1450 663 1507 autin
673 1451 847 1520 dormitorio,
864 1453 889 1510 si
930 1451 1115 1524 evangelium,
1127 1450 1185 1505 sire
1196 1448 1310 1504 missam
1323 1446 1453 1512 celebret,
1461 1444 1519 1501 sire
1532 1460 1598 1502 non.
1612 1443 1676 1515 lpse
1687 1447 1729 1497 ta·

100 1535 519 1609 cenobiumhujnsmodicellam
535 1540 694 1598 nonhabet.
706 1541 739 1596 ln
749 1547 888 1598 conventu
929 1543 1031 1598 meniu
1041 1538 1248 1596 consecratione
1262 1536 1403 1600 monachi,
1412 1535 1435 1590 si
1446 1535 1472 1589 ei
1483 1533 1664 1589 commodum
1672 1535 1725 1599 est,

99 1641 146 1680 uon
154 1625 238 1697 legat,
252 1628 329 1682 solus
345 1644 402 1684 nou
416 1635 520 1694 cantet,
539 1630 574 1686 ad
589 1629 702 1684 missam
711 1645 766 1686 non
777 1631 886 1702 ollerat,
929 1627 1293 1692 missamcelebraredcbet,
1307 1621 1691 1695 sicutmnonespraecipiuot.

99 1730 182 1785 pacem
195 1731 253 1770 non
268 1717 411 1784 eumatio
427 1709 919 1790 cluustrosepuratimsedeatcumss
965 1724 1048 1777 Lecto
1062 1719 1149 1792 igitur
1162 1716 1315 1788 evangelio,
1334 1715 1458 1770 intrante
1472 1714 1589 1769 chorum
1609 1709 1726 1778 novitio,
1810 1711 1821 1728 ⁸

99 1803 219 1873 magistro
235 1822 287 1860 suo
300 1805 328 1860 in
338 1807 398 1861 loco
412 1807 524 1862 novitiis
539 1809 683 1880 deputato,
698 1809 793 1864 nullus
808 1811 834 1865 ei
851 1811 889 1864 lo·
930 1813 1104 1886 praecedente
1118 1825 1183 1864 eum
1197 1807 1331 1878 magistro
1350 1821 1411 1865 suo,
1437 1801 1589 1874 incipiente
1612 1801 1727 1856 dextero

101 1900 246 1964 quoturuut
255 1895 367 1966 siguum
379 1895 886 1970 saciatabsquemagistrisuilicentia5
929 1903 1024 1963 choro,
1040 1900 1116 1955 dicat
1129 1903 1282 1953 conventus
1294 1895 1433 1967 psalmum
1442 1894 1568 1948 Miserere
1574 1893 1638 1958 mci,
1644 1892 1725 1945 Bous.

100 1981 220 2052 magister
238 1983 301 2038 talis
317 1984 355 2039 sit
363 1985 411 2057 qui
419 1987 545 2058 exemplo
557 1987 621 2042 ritae
627 1993 656 2042 et
664 1986 746 2042 verbo
753 1987 888 2044 doctrinae
928 1990 1056 2047 Novitius
1070 1994 1136 2044 ante
1151 1987 1240 2042 altare
1254 1984 1368 2040 veniens
1387 1999 1474 2054 super
1486 1980 1605 2053 gradrnn
1619 1996 1649 2035 se
1664 1995 1728 2052 pro-

99 2072 286 2142 possiteumde
299 2075 395 2130 anima
407 2091 459 2130 sua
468 2092 583 2131 monere
597 2083 626 2132 et
635 2077 760 2132 ordinem
776 2078 886 2134 ducere.
928 2085 1046 2154 sternat,
1058 2078 1188 2150 dictoque
1198 2070 1728 2148 psalmosurgensprofessionemsuum

127 2161 315 2233 loquentibus
325 2163 354 2218 in
369 2165 492 2220 claustro
507 2165 651 2234 iratribus,
667 2167 691 2222 si
708 2167 771 2239 quis
791 2183 888 2224 amore
928 2175 1012 2243 legat,
1028 2175 1057 2226 et
1070 2185 1154 2241 super
1171 2167 1260 2224 altare
1271 2171 1367 2239 ponat.
1375 2163 1455 2230 Quod
1462 2163 1486 2218 si
1493 2163 1609 2234 ignarus
1616 2161 1727 2217 littere·

98 2248 139 2304 uei
152 2257 180 2306 et
190 2252 252 2306 zelo
263 2253 383 2323 justitiae
397 2253 433 2308 ad
449 2271 515 2310 eum
529 2256 634 2323 venire,
652 2273 774 2328 cumque
790 2258 833 2313 rel
845 2274 888 2312 er
929 2273 991 2313 rum
1003 2261 1054 2322 cst,
1066 2254 1201 2326 magister
1215 2269 1283 2308 suus
1293 2251 1377 2308 debet
1392 2265 1454 2306 eum
1467 2265 1519 2322 pro
1534 2265 1566 2303 eo
1580 2247 1683 2320 legere,
1700 2251 1730 2302 et

11 2397 12 2400 Ἴ
97 2354 171 2408 gnere
185 2341 231 2396 rel
247 2358 361 2398 monere
376 2343 505 2418 rpluerit,
530 2345 594 2400 licet
619 2352 652 2400 ut
664 2346 767 2408 veniat,
785 2353 823 2415 et,
841 2363 887 2403 ac·
928 2348 987 2420 ipsc
1002 2344 1124 2401 novitius
1137 2343 1321 2416 superaltare
1335 2356 1448 2414 ponere.
1466 2339 1527 2405 Quo
1541 2339 1626 2404 facto,
1647 2335 1727 2393 flexis

97 2434 190 2500 ceptae
202 2431 340 2504 magistro
353 2432 476 2494 licentia,
488 2434 660 2506 qnoddicere
669 2435 885 2506 volueritdicat;
928 2453 1021 2494 coram
1037 2434 1120 2491 altari
1132 2432 1260 2506 genibus,
1274 2431 1383 2487 venium
1402 2433 1490 2504 petat,
1499 2427 1675 2501 etposteaad
1684 2427 1728 2481 lo-

11 2563 12 2580 ,
96 2517 157 2574 tecto
177 2526 274 2576 autem
291 2521 424 2590 clamore,
439 2523 535 2579 statim
550 2541 669 2596 surgens
683 2540 778 2580 coram
796 2525 887 2598 magi-
928 2525 1050 2583 cumubi
1064 2523 1254 2596 seprostrarit
1281 2521 1393 2577 rediens
1413 2533 1525 2575 vorsum
1540 2517 1651 2588 Suscipe
1673 2532 1726 2584 mc,

11 2635 12 2690 r
97 2613 145 2663 oro
158 2625 218 2677 suo,
235 2611 312 2667 sicut
323 2611 426 2668 fratres
436 2612 465 2668 iu
478 2613 610 2686 capitulo,
622 2614 730 2670 reniam
740 2621 820 2688 petat
830 2633 887 2672 non
927 2619 1051 2680 Domine,
1068 2621 1113 2670 ter
1127 2614 1211 2679 dicet,
1222 2609 1400 2684 ibiqneinter
1410 2607 1559 2664 dicendum
1574 2612 1619 2662 ter
1634 2623 1728 2679 genua

11 2695 12 2698 ’
96 2714 221 2762 sessurus,
238 2700 339 2769 donec,
354 2703 549 2758 emendatione
565 2703 710 2775 promissa,
727 2704 803 2761 idem
825 2722 886 2762 mo·
928 2707 1037 2767 flectam
1054 2721 1136 2777 quem
1146 2719 1256 2760 versum
1266 2706 1311 2757 ter
1319 2705 1450 2772 repetens
1458 2695 1726 2768 conventusadjun-

11 2781 12 2784 ’
96 2789 171 2859 gister
184 2791 339 2863 praecipiat.
356 2792 392 2847 Et
411 2793 446 2848 do
460 2793 567 2849 levibus
589 2794 701 2866 quidem
718 2795 807 2868 culpis
833 2795 886 2851 hcc
925 2799 974 2866 gat
988 2794 1023 2848 ad
1038 2793 1171 2848 ultimum
1183 2792 1278 2849 Gloria
1291 2790 1383 2853 Patri,
1404 2789 1489 2856 llyrie
1503 2787 1614 2852 eleisom
1622 2784 1727 2840 Christe

97 2877 167 2933 uodo
181 2886 288 2950 agatur
303 2899 310 2948 ;
328 2897 379 2952 pro
395 2883 547 2952 majoribus
558 2890 653 2939 autem
677 2885 776 2956 culpis.
792 2883 885 2941 autin
926 2871 1727 2952 eleison,Kyriceloison,l³alernostemconrentuincipieu·

11 3019 12 3036 ,
96 2967 214 3038 capitulo,
230 2985 284 3040 pro
295 2969 453 3043 quantitate
467 2973 555 3044 culpae
563 2973 731 3046 corripiatur
742 2979 801 3040 aut,
812 2973 837 3028 si
846 2972 885 3029 ibi
926 2977 964 3036 te,
981 2972 1076 3029 Gloria
1099 2972 1185 3037 Patri,
1208 2967 1330 3024 novitius
1339 2964 1490 3020 inclinatus
1497 2962 1641 3037 pervolvat
1655 2977 1685 3017 so
1697 2960 1727 3017 iu

11 3051 12 3058 ’
96 3055 154 3110 cella
168 3057 340 3114 nuntiorum
354 3066 406 3128 est,
422 3060 452 3116 in
467 3077 501 3116 ea
515 3063 750 3133 quemadmodum
766 3062 795 3118 in
810 3035 912 3134 cupi-C
926 3060 1085 3124 circuitum,
1096 3064 1125 3116 et
1136 3057 1233 3114 statim
1247 3060 1459 3131 prosternutse.
1481 3053 1585 3119 Abbas,
1607 3051 1683 3107 dicto
1691 3051 1726 3106 ut

11 3131 12 3172 ἢ
95 3143 145 3198 tulo
158 3145 323 3220 increpetur
338 3153 368 3208 et
389 3147 570 3218 verberetur3
599 3152 633 3206 de
661 3151 794 3224 capitulo,
811 3152 884 3206 facto
927 3151 1138 3207 nenosinducos
1148 3151 1180 3202 in
1193 3149 1382 3211 tentationem,
1396 3149 1562 3216 etresponso
1577 3141 1629 3226 Sed
1639 3141 1726 3196 libera

95 3248 219 3302 sermone,
234 3237 363 3308 quotidie
378 3245 467 3304 exeat,
482 3245 510 3294 ct
525 3240 638 3295 interim
658 3241 687 3297 iu
711 3223 884 3296 monasterio
926 3257 1001 3296 nora
1014 3243 1097 3305 mulo,
1113 3237 1230 3309 incipiat
1239 3235 1379 3309 psalmum
1387 3236 1424 3290 De
1433 3233 1601 3304 profandis3
1620 3245 1675 3302 quo
1695 3227 1727 3284 fl·
1754 3243 1756 3253 ’

95 3330 202 3392 umeet,
217 3325 275 3381 nisi
289 3343 340 3398 pro
351 3328 452 3398 majori
470 3329 562 3400 culpa,
576 3335 608 3385 ut
622 3330 791 3396 dictumest,
803 3329 885 3384 casti·
925 3330 985 3384 nito
999 3333 1176 3394 accurentu,
1188 3343 1252 3382 cum
1262 3323 1594 3394 ulonarurnpdjungat
1609 3319 1725 3378 Salvum

94 3414 189 3484 gurdus
213 3421 387 3485 remaneat3
416 3417 450 3472 de
469 3419 514 3472 lus
533 3418 634 3491 culpis,
653 3436 723 3491 quas
738 3420 767 3474 in
782 3418 883 3476 saeculo
924 3410 1727 3488 fecscroumtuum,Mitteer',Dominc,anciliumdssun·

93 3504 174 3574 gessit,
189 3510 219 3560 et
233 3522 299 3578 que
309 3505 337 3560 in
346 3506 397 3562 hoc
413 3506 510 3562 ordino
526 3507 579 3562 sibi
593 3511 809 3578 evenerunt,vel
819 3524 882 3563 eve·
924 3513 974 3575 clo,
993 3507 1071 3562 Nihil
1089 3508 1215 3577 proficiet
1227 3505 1361 3560 inimicus
1375 3505 1408 3558 r'n
1422 3517 1461 3569 eo,
1474 3502 1534 3556 Esto
1549 3503 1583 3568 ci,
1599 3500 1724 3566 Domine,

94 3592 169 3657 aiunt
185 3595 352 3668 trequentes
367 3596 554 3653 confessiones
568 3597 652 3654 saciat
668 3598 773 3667 abbati,
784 3601 881 3673 priori,
925 3596 1205 3664 lurrissortitndinis,
1217 3591 1613 3659 Dominc,esuudicrulioncm
1622 3603 1722 3654 meum,

11 3723 12 3742 r
93 3682 273 3752 ‘pirituulibus
286 3683 420 3740 frutribus
429 3685 530 3757 qulbus
542 3687 601 3741 haec
612 3704 680 3742 cura
689 3689 814 3760 injuncta
827 3696 880 3748 est.
925 3681 1535 3752 Dorninnsoctimum3deindecollectumdeus
1543 3679 1725 3748 indulpcntie

11 3771 12 3846 f
119 3770 276 3828 Transactis
290 3774 431 3846 plerisque
454 3775 562 3842 diebus,
595 3776 618 3831 si
645 3777 701 3833 vita
716 3780 777 3849 ejus
790 3780 882 3838 fratri·
923 3777 1026 3840 raom
1043 3771 1207 3829 itemaliam
1231 3775 1301 3829 Deus
1316 3775 1366 3842 qui
1377 3787 1427 3842 per
1452 3774 1633 3830 coeternum:
1654 3767 1723 3823 item

11 3921 12 3946 ,
92 3858 315 3925 hilseldunum
339 3865 512 3920 conversatio
527 3865 581 3922 sibi
596 3866 742 3936 placuerit,
767 3886 881 3927 menen.
922 3863 1006 3918 aliam
1019 3863 1330 3926 DomineJcsuGbristc,
1348 3862 1502 3931 quinutu.
1516 3857 1604 3914 Dictis
1618 3854 1721 3912 histri·
1753 3893 1762 3910 ,

11 3961 12 3972 ³
91 3947 217 4008 dusesta
233 3954 374 4024 magistro
389 3969 439 4009 suo
452 3960 590 4026 quatenus
610 3961 691 4028 roget
710 3957 832 4029 priorem
852 3966 881 4018 et
921 3952 973 4010 bus
986 3953 1109 4008 collectis
1122 3951 1311 4024 singuliscum
1325 3948 1436 4022 integro
1450 3949 1722 4006 Pchominnmno·

91 4038 186 4111 ssiquos
199 4043 327 4114 majores
336 4041 446 4106 iratres,
459 4044 581 4116 utetipsi
597 4062 647 4117 pro
658 4063 691 4100 ee
701 4047 879 4108 intercedant
920 4041 1141 4114 strunr‚incipiat
1149 4040 1235 4096 abbas
1243 4041 1380 4114 hymnum
1388 4041 1451 4094 Veni
1460 4039 1573 4095 Creator
1584 4035 1719 4106 Spiritus.

89 4131 150 4199 apud
163 4130 297 4186 abbatem
312 4149 363 4203 pro
378 4131 571 4188 benedictione
597 4133 756 4202 tribuenda,
774 4144 802 4192 et
817 4155 879 4210 pro-
920 4132 981 4197 Quo
991 4149 1008 4186 a
1018 4135 1156 4186 conventu
1170 4130 1269 4185 devote
1285 4135 1314 4184 et
1327 4127 1491 4184 solemniter
1502 4126 1661 4189 decantato,
1676 4121 1720 4177 di-

90 4215 192 4276 lcsa'one
215 4220 407 4292 suscipienda.
423 4221 503 4285 Quod
519 4222 543 4277 si
558 4239 623 4277 eum
640 4223 803 4282 benedicere
832 4229 878 4284 eb.
919 4227 964 4278 cat
974 4221 1223 4278 collectumSanctc
1236 4218 1360 4290 Spiritus
1374 4221 1424 4289 qui
1438 4224 1462 4274 te
1474 4220 1562 4274 Deum
1576 4215 1717 4270 uchmi·

90 4303 135 4362 bati
147 4325 199 4365 non
214 4309 366 4382 placuerit,
378 4311 537 4366 statutadie
548 4311 577 4366 iu
591 4312 713 4384 capitulo
728 4315 807 4370 linito
818 4334 877 4372 ser·
888 4320 998 4379 Dnum.
1014 4311 1076 4375 Qua
1094 4310 1176 4374 ditia»
1193 4313 1291 4380 sufflat
1309 4307 1440 4374 ¹¹0Vffil¹⁸2
1458 4315 1487 4362 θῑ
1501 4309 1617 4378 spargat
1632 4319 1718 4377 ⁸¹¹P⁰¹

88 4411 166 4466 noue,
178 4398 207 4454 in
217 4399 283 4453 loco
298 4397 345 4453 nbi
358 4400 429 4453 solet
438 4417 468 4454 se
481 4407 650 4472 prosternat,
660 4403 874 4478 prostritusque
918 4417 982 4457 eum
998 4399 1083 4456 abbas
1098 4416 1202 4474 equam
1213 4397 1406 4467 benedictam
1423 4412 1513 4470 eoque
1523 4400 1616 4452 stante
1630 4394 1718 4450 bene·

87 4501 127 4554 pro
151 4486 334 4560 impetranda
355 4485 550 4544 benedictione
583 4491 747 4562 petitionem
778 4495 874 4553 farciat.
916 4491 1155 4554 dicaturcuculla,
1170 4494 1376 4562 etaspergatur
1389 4504 1463 4561 aqua
1482 4487 1642 4554 bencdicta;
1659 4501 1716 4560 qus

86 4573 154 4631 lusso
167 4594 199 4632 ec
219 4593 349 4648 surgere,
367 4584 518 4634 narrentur
533 4580 559 4634 ei
574 4597 668 4637 rerum
691 4583 762 4639 dura
774 4589 802 4639 et
812 4603 875 4656 gra·
915 4580 1187 4638 benedictaaccedat
1201 4578 1321 4635 novitius
1336 4578 1372 4633 od
1385 4578 1515 4634 abbatem
1532 4582 1561 4633 et
1576 4575 1655 4633 flexis
1667 4593 1716 4648 ge-

86 4663 190 4738 viaquae
206 4667 236 4723 in
257 4672 355 4722 nostro
379 4666 477 4722 ordine
498 4669 634 4726 asanctis
663 4672 793 4728 Patribus
809 4681 875 4732 sunt
916 4672 1326 4746 nibus.stetanteeum,quem
1343 4669 1440 4726 tunica
1456 4666 1655 4724 exuensabbas
1670 4666 1714 4722 di-

86 4750 209 4814 iustituta.
227 4755 284 4822 Qui
303 4755 327 4811 si
346 4756 407 4810 hec
428 4758 524 4814 omniu
542 4765 570 4814 et
584 4760 676 4816 adhuc
689 4762 831 4832 graviora,
850 4765 874 4820 si
915 4769 974 4818 cat:
986 4763 1098 4817 «Eruet
1110 4777 1136 4817 te
1144 4761 1280 4817 Dominus
1289 4765 1410 4816 veterem
1419 4759 1563 4816 hominem
1572 4775 1636 4816 cum
1648 4757 1717 4814 acti-

85 4855 183 4900 uccesse
197 4845 295 4908 suerit,
309 4844 455 4901 humiliter
465 4853 493 4903 et
508 4849 647 4921 patienter
661 4868 691 4906 se
705 4851 777 4907 serre
791 4870 874 4924 pam·
915 4852 967 4908 bus
983 4851 1074 4907 suis.»
1091 4853 1126 4907 Et
1136 4851 1257 4906 induens
1268 4866 1332 4906 eum
1345 4849 1454 4906 cuculla
1466 4848 1633 4920 subjungat:
1646 4869 1658 4902 ι
1670 4849 1715 4905 ln·

84 4933 133 4988 bum
145 4951 205 4990 esse
216 4933 403 5008 responderit,
420 4935 577 5010 interroget
590 4938 676 4994 abbas
698 4942 874 5000 considentes
915 4941 983 4997 dunt
1005 4947 1033 4996 te
1048 4941 1185 4997 Dominus
1199 4956 1303 4995 norum
1325 4939 1477 5007 hominem,
1492 4939 1540 5011 qui
1559 4938 1712 4994 secundum

85 5017 169 5077 frares
182 5025 253 5097 qnid
270 5024 336 5080 inde
348 5026 479 5090 sentiant,
497 5033 525 5082 et
550 5034 646 5082 utrum
662 5030 790 5100 precibus
811 5033 872 5103 ojus
914 5031 1002 5086 Deum
1013 5038 1123 5086 creatus
1134 5036 1178 5086 est
1188 5029 1217 5086 in
1224 5029 1346 5101 justitio,
1359 5034 1388 5085 et
1397 5029 1546 5085 sanctitate
1558 5028 1710 5086 veritatis.»

84 5115 872 5190 muuendumesseconcedantQuibusrespomlentibusse
912 5117 1710 5193 Adutrumquerespondeantuudientesiratrcs,edinen.»

84 5201 165 5266 ²8⁹
173 5203 295 5259 libenter
307 5205 468 5272 concedere,
486 5207 870 5278 adjungat:Etnoscoucedi-
912 5209 1106 5282 subsequatur
1127 5227 1212 5283 super
1233 5226 1298 5265 oum
1313 5209 1391 5266 llexis
1404 5209 1523 5282 genibus
1544 5208 1708 5264 inclinatum

84 5290 421 5349 nnsinnomineDomini.
439 5295 500 5360 Quo
508 5295 582 5352 dicto
593 5298 676 5352 radat
684 5297 720 5353 ad
729 5300 814 5370 pedes
824 5299 871 5355 ab·
912 5298 1009 5354 Oratio
1024 5301 1094 5354 licus
1110 5302 1276 5366 nrisericorr,
1304 5301 1373 5355 deus
1387 5303 1515 5356 clemens.
1540 5296 1601 5363 Qua
1623 5296 1707 5366 dictu,

84 5373 196 5448 tacerel
203 5384 321 5456 ejusqui
331 5385 424 5440 ordini
430 5390 540 5457 praeest,
552 5385 666 5442 siabbae
674 5388 760 5452 deest,
770 5388 872 5444 dehinc
912 5390 1054 5445 osculetur
1064 5405 1128 5444 eum
1141 5387 1236 5455 abbas,
1251 5388 1371 5445 induens
1390 5394 1474 5462 caput
1488 5389 1548 5459 ejus
1571 5387 1683 5461 caputio
1702 5407 1709 5457 ;

85 5481 197 5528 merare
215 5472 363 5542 inlocum,
385 5474 413 5531 in
432 5492 487 5547 quo
500 5475 605 5546 stabat,
619 5477 697 5533 flexis
715 5479 750 5534 ad
764 5483 870 5535 terram
911 5478 1011 5536 dehinc
1027 5480 1147 5537 ducatur
1157 5497 1208 5553 per
1222 5479 1339 5536 chorum
1354 5479 1388 5536 ud
1412 5478 1594 5538 osculandum
1610 5495 1708 5536 omnes

84 5557 197 5630 teubas,
212 5563 358 5620 humiliter
372 5564 489 5622 inclinet
500 5571 566 5623 ante
579 5567 652 5623 etad
663 5568 870 5626 dextrametad
911 5571 1020 5639 fratres,
1038 5570 1153 5630 ultimus
1167 5569 1328 5627 collocetur.
