3896 6170
127 302 204 364 126⁹
732 311 1167 372 ntSGIPLINAFcRFENSIS.
1696 297 1767 362 nro

124 431 196 484 cula
217 431 392 499 mulam,
407 432 606 500 reminiscita,
617 437 678 508 posi
692 438 773 494 illum
787 439 965 502 subdiacc·A
1257 434 1373 491 CAPUT
1387 433 1472 490 XXV.
1538 509 1539 512 Ἴ

125 531 185 573 nus
198 519 300 576 subtus
314 539 321 575 :
337 521 422 577 lenita
444 529 473 578 et
485 525 587 597 acolyti
600 541 633 581 us
656 527 785 584 deferam
798 536 931 601 putenam
1164 529 1202 582 De
1215 527 1337 591 uersibus
1352 525 1565 602 offamndarunt.

128 614 264 680 opertam
274 609 427 666 offertorio:
443 617 520 668 stem
534 615 633 670 subtus
643 616 932 676 dimononmeedms
1008 613 1376 681 Officionariusfratenmcr
1386 619 1419 670 ut
1432 611 1601 670 dictaiuerit
1612 611 1767 680 offerenda,

124 697 576 773 diunonnssddisesoperiendnm
592 705 930 778 calicemprimnmosnu.
971 703 1348 772 procedereanteabbatem
1377 707 1463 774 atque
1486 717 1610 758 annuere
1638 691 1766 759 debetdc

125 786 314 856 letus-altere¹
326 789 430 846 deinde
440 789 586 848 muchium
599 795 930 864 sacmdotisunimnnnn‚
970 808 1104 848 versuum
1130 793 1317 850 inchoatione.
1345 789 1457 848 Abbate
1484 790 1635 862 incipiente
1650 789 1769 871 'dc-bant·

125 883 158 931 et
170 877 443 936 hnmilitarrecedst
455 887 483 936 et
496 881 620 938 inclinet
631 884 724 940 Finita
736 886 864 941 omniane
876 887 931 942 no.
970 895 1067 936 omnes
1079 881 1224 938 inclinare.
1236 882 1265 938 Si
1276 882 1335 954 ipse
1344 880 1537 952 nonimponit,
1547 879 1631 936 debet
1642 867 1769 960 annuere

124 965 236 1022 minine
246 968 428 1037 sacerdote,
442 970 538 1026 tradat
554 973 701 1043 acolytnus
719 979 851 1045 pannium
864 993 929 1032 cnm
969 968 1040 1036 aliis,
1054 970 1156 1042 quibus
1170 975 1260 1026 risum
1277 969 1414 1034 nituerit,
1431 977 1461 1026 et
1477 969 1550 1024 illico
1576 973 1610 1024 ui
1622 968 1767 1028 initiatum
1786 1019 1787 1022 ,

90 1125 103 1142 .
124 1055 274 1110 offertorio
287 1057 378 1112 levite
392 1058 521 1114 emulans
535 1059 576 1114 illi
592 1077 717 1130 ninnnm,
733 1071 763 1118 en
774 1064 874 1120 rendae
886 1067 929 1120 ni.
968 1057 1063 1125 babet,
1078 1060 1171 1116 facere
1185 1058 1394 1116 inclinationem
1422 1074 1485 1114 curn
1499 1057 1666 1124 reverentia,
1687 1057 1767 1130 pueri

125 1144 279 1200 sertorium
294 1161 391 1217 mero.
971 1145 1038 1202 hinc
1051 1148 1158 1204 atinde
1180 1165 1278 1204 omnes
1301 1147 1478 1205 inclinantes.
1495 1145 1525 1202 Si
1539 1145 1625 1202 abbas
1643 1163 1766 1222 pressans

162 1233 581 1292 Indiebusfcstisrelomnihus
590 1238 741 1294 missarum
752 1239 929 1314 [solemniisp
972 1251 1028 1292 non
1042 1237 1136 1304 fuerit,
1153 1238 1238 1293 faciat
1252 1237 1347 1310 prior;
1365 1242 1394 1314 et
1405 1235 1430 1291 si
1446 1235 1524 1308 prior
1549 1235 1666 1294 minime
1676 1236 1767 1306 adest,

124 1321 234 1392 quibus
247 1323 376 1378 induitur
393 1341 465 1397 puer
482 1325 578 1381 tunica
596 1327 638 1382 rel
653 1329 757 1394 caenia,
778 1330 838 1402 ipse
857 1330 930 1388 serni
971 1332 1080 1382 annuat
1092 1327 1217 1395 decano;
1234 1325 1347 1398 quando
1362 1325 1421 1396 ipse
1440 1324 1571 1389 defuerit,
1584 1315 1768 1399 imponatur·-

123 1415 249 1480 textum,
267 1412 339 1468 alins
348 1427 420 1484 puer
433 1414 547 1470 uncam
565 1417 700 1488 :privans
714 1425 808 1474 autem
829 1420 929 1476 diebus
971 1415 1087 1480 marius,
1104 1423 1133 1472 et
1147 1416 1170 1470 si
1182 1414 1377 1488 prenominati
1388 1415 1480 1471 cuncti
1490 1403 1770 1486 deeruntndimpleat

122 1501 436 1573 mnrcrsnsquiportat
447 1504 646 1562 candelabrum
661 1507 820 1564 admissam
835 1509 865 1564 in
879 1509 928 1564 illo
968 1501 1027 1574 lpse
1038 1505 1265 1576 [officionariusi
1281 1505 1351 1562 Cum
1368 1505 1426 1576 jam
1457 1519 1545 1575 prope
1564 1491 1618 1573 ipsi
1633 1501 1764 1560 versiculi

121 1589 213 1644 choro
225 1590 302 1644 unde
317 1591 379 1661 ipss
389 1589 495 1666 imissa]
512 1599 630 1664 perstat,
644 1612 677 1652 ex
691 1596 739 1652 illa
754 1603 834 1668 parte
850 1598 927 1654 defe-
968 1592 1084 1650 finiendi
1098 1599 1175 1661 sunt,
1189 1593 1283 1650 ueniat
1309 1609 1460 1648 conuersus
1477 1609 1540 1648 enm
1556 1589 1700 1650 thuribulo
1728 1589 1765 1650 ad

120 1683 178 1740 rat,
195 1682 226 1733 et
239 1678 386 1734 meensnm
400 1696 513 1752 semper
522 1682 606 1738 deber
619 1700 682 1740 nise
695 1686 730 1740 nii
750 1686 840 1756 ipsam
856 1687 927 1742 mig.
967 1689 1122 1747 cuntorem‚
1135 1689 1164 1738 et
1177 1675 1245 1738 tunc
1258 1675 1318 1754 ipse
1330 1682 1440 1736 deferat
1457 1680 1553 1736 abbati
1569 1699 1576 1748 ;
1600 1680 1624 1736 si
1639 1696 1697 1738 uon
1708 1685 1763 1744 est,

119 1782 195 1822 sam.
207 1768 285 1823 Puer
293 1769 342 1840 qui
356 1769 590 1842 legitepistolam,
601 1772 662 1845 ipso
671 1781 765 1846 portet
773 1777 955 1860 ernaiioeniB
967 1769 1130 1842 faeiatipse.
1138 1772 1210 1826 Tota
1224 1770 1443 1844 Quadragasima
1455 1768 1558 1824 debent
1568 1757 1692 1840 quotidie
1701 1785 1764 1823 om-

118 1855 143 1908 si
161 1856 377 1922 valenensem
400 1859 454 1913 scit
475 1859 575 1915 facere.
590 1863 659 1918 Tres
680 1863 779 1920 hesum
799 1865 926 1937 qnotidie
965 1860 1183 1927 nordmaniam,
1201 1859 1382 1916 Paschatibus
1398 1856 1643 1932 deincepsdiebus,
1660 1863 1690 1912 et
1704 1856 1762 1911 iliis

120 1944 296 2001 mittantur:
313 1947 362 2018 qui
373 1949 434 2004 vult
442 1950 659 2017 communicare,
675 1952 778 2021 faciat3
795 1955 818 2008 si
833 1959 875 2009 est
889 1955 924 2009 de
964 1947 1051 2010 festis,
1068 1966 1131 2020 qun
1142 1949 1230 2006 semel
1240 1948 1422 2004 celebrantur
1431 1947 1460 2004 in
1470 1963 1544 2004 anno
1555 1946 1692 2032 similiter.
1709 1947 1763 2002 Do·

121 2033 186 2104 ipso
201 2034 289 2089 choro
304 2035 378 2090 unde
401 2037 504 2094 finires
524 2039 664 2106 obernum
684 2042 708 2096 si
722 2042 757 2096 de
769 2043 825 2097 alio
838 2044 923 2099 choro
965 2037 1076 2094 iniuicis
1092 2038 1191 2094 diebus
1206 2038 1376 2096 utrenerint
1390 2053 1440 2116 per
1460 2041 1561 2120 totam!
1574 2029 1762 2106 septimanam

117 2122 221 2187 fuerit.
236 2139 294 2179 nou
306 2125 400 2192 faciat,
417 2125 472 2182 nisi
491 2127 684 2200 priorjubeat.
702 2131 924 2190 Dominicisdie-
964 2143 1053 2183 unum
1070 2132 1181 2184 tantum
1195 2127 1355 2182 decantare.
1372 2126 1412 2182 De
1434 2115 1634 2182 festivitatibus
1655 2128 1765 2180 sancto·

118 2210 175 2266 ¹³⁰⁸
189 2213 317 2285 quinque
332 2215 483 2272 mittamur
501 2216 609 2285 hoetiffli
631 2218 731 2276 diebus
751 2227 846 2278 autem
861 2223 924 2280 aliis
964 2232 1039 2280 rum,
1057 2233 1128 2288 quas
1141 2216 1294 2285 celebrant,
1306 2232 1394 2272 unum
1409 2215 1451 2270 vel
1462 2213 1517 2270 duo
1525 2205 1655 2286 promere
1668 2203 1761 2270 debet.

118 2299 202 2356 festis
216 2306 286 2370 tres,
301 2309 404 2375 prater
416 2306 524 2374 majora
537 2307 684 2364 solemnia.
1249 2305 1367 2364 CAPUT
1376 2301 1477 2382 XXVI·

413 2393 639 2452 CAPUTXXIV.
1040 2396 1181 2464 depuerit
1195 2397 1378 2466 coquinariis,
1392 2395 1514 2466 qualiter
1527 2395 1691 2462 aaantcum

117 2481 156 2536 lic
168 2481 329 2538 Dominicis
343 2482 438 2540 diodus
460 2487 501 2538 uel
513 2486 590 2552 sortia
600 2501 647 2541 seu
662 2490 844 2555 quotidianis,
858 2497 924 2560 quot
1285 2467 1434 2534 manifrit·

135 2554 647 2632 luminariossmrctariisacccnriiin
658 2560 904 2620 ecclesiisdabcant.
1001 2552 1086 2608 Pueri
1100 2550 1148 2623 qui
1163 2547 1318 2625 coquinarii
1334 2555 1410 2620 sunt,
1425 2549 1521 2605 omnia
1540 2547 1647 2606 faciant
1667 2547 1699 2604 ln
1712 2565 1761 2606 co-

152 2640 312 2696 Dominicis
334 2641 376 2697 vet
399 2643 529 2700 omnibus
544 2644 632 2712 iesus,
659 2647 762 2718 quibus
776 2649 923 2707 duodecim
964 2641 1060 2714 quina,
1075 2658 1137 2712 qum
1151 2637 1212 2695 neri
1226 2637 1330 2703 debent
1352 2645 1370 2693 a
1392 2638 1608 2714 septimanariis.
1625 2637 1716 2693 nciam
1731 2639 1762 2694 tn

115 2729 263 2786 lectiones
291 2729 407 2798 faciunt,
443 2733 573 2790 omnibus
603 2736 786 2808 temporibus,
822 2745 924 2810 pimini
964 2728 1363 2801 sabbatolarent‚ettergant
1376 2728 1461 2800 pedes
1483 2728 1602 2783 fratrum
1622 2743 1685 2781 cum
1697 2722 1762 2782 ull-

114 2818 234 2892 quando
251 2821 281 2874 in
295 2820 391 2892 cappis
413 2821 566 2890 celebrant,
585 2823 638 2880 hon
652 2825 735 2880 modo
754 2826 867 2884 saniant,
888 2829 921 2886 ln
963 2817 1016 2873 bus
1030 2817 1198 2882 senioribus,
1210 2817 1313 2888 quiens
1324 2816 1493 2879 custodiant,
1503 2832 1561 2870 non
1573 2829 1635 2870 curn
1647 2815 1762 2886 juveni·

113 2905 315 2980 primarigilia
324 2909 525 2980 amandantur,
536 2917 688 2985 antequam
702 2915 815 2986 signnm
826 2924 918 2983 simet,
962 2904 1154 2964 boulanium
1167 2911 1261 2960 autern
1271 2922 1328 2960 non
1338 2903 1537 2960 ministrabunt
1551 2904 1587 2959 ad
1598 2903 1759 2980 prandium,

113 2995 247 3070 quinque
274 2996 426 3054 luminaria
453 3016 504 3071 per
522 2999 584 3056 loca
601 3003 764 3068 constituta,
792 3005 922 3064 videlieet
962 2995 1058 3050 necad
1071 2995 1338 3064 mensamservient;
1354 2991 1403 3048 sed
1417 2992 1452 3049 de
1466 2990 1675 3049 aliisfratribus
1690 3001 1761 3065 quos

112 3101 207 3140 unum
223 3090 292 3140 ante
306 3086 396 3142 altare
404 3089 506 3160 majus,
518 3090 592 3162 quod
603 3092 648 3148 die
662 3098 802 3166 noctuque
810 3096 918 3164 ardeam
930 3083 1096 3177 cmssgistel
1103 3084 1251 3154 l082l01'it·
1257 3083 1327 3138 cum
1342 3078 1464 3138 Viderint
1477 3081 1578 3139 smiles
1592 3081 1758 3153 ὓθῆῦἷΰῦἲθ·

112 3173 244 3229 alterum
259 3173 289 3228 in
307 3175 392 3231 choro
406 3193 493 3252 prope
507 3177 637 3234 abbatem
653 3187 718 3236 ante
732 3183 893 3256 analogium
911 3202 917 3238 :
961 3189 1007 3228 res
1017 3190 1087 3245 opus
1097 3169 1498 3238 esseutbullianturscutellae
1508 3175 1623 3246 prepter
1633 3167 1756 3244 adipem,

110 3263 235 3318 tertium
250 3268 315 3318 ante
330 3264 418 3319 altare
433 3282 482 3322 seu
498 3273 578 3324 entra
589 3267 706 3326 chorum
719 3289 725 3324 :
739 3277 870 3342 qnantum
888 3273 918 3332 in
961 3262 1029 3317 dent
1044 3261 1244 3318 eascellerario
1269 3261 1371 3316 fratres
1391 3278 1417 3315 rr
1433 3259 1513 3328 seria,
1528 3259 1573 3317 rel
1585 3259 1614 3315 i'n
1629 3259 1685 3314 allo
1700 3256 1755 3344 die,

112 3347 235 3405 brachio
248 3349 336 3421 partis
347 3352 521 3422 aquilonaris
535 3354 565 3410 in
580 3357 730 3414 secretario
745 3364 811 3415 ante
829 3359 920 3416 altare
961 3357 991 3408 et
1002 3350 1088 3406 faciat
1098 3367 1146 3405 eas
1162 3344 1287 3417 abluere,
1309 3355 1339 3404 θῒ
1351 3349 1455 3406 ilerum
1470 3344 1758 3420 reddanteascol1¹¹¹·

108 3439 205 3492 sancti
214 3437 372 3504 Benedicti;
387 3423 654 3512 quintum'ausnun
669 3451 750 3518 parte
762 3452 841 3504 extra
850 3447 917 3504 cbo·
960 3438 1057 3494 uariis·
1075 3437 1197 3494 Sabbaio
1209 3439 1369 3505 mundetur,
1384 3442 1469 3512 atque
1482 3441 1612 3509 scopetur
1625 3431 1755 3510 coquina.

109 3543 176 3582 rum
193 3527 226 3582 iu
250 3527 367 3584 inunita
395 3529 529 3586 emlesiae.
557 3531 672 3604 Expleto
693 3534 789 3605 itaque
807 3537 917 3595 cantico
958 3529 1068 3601 Aquam
1085 3524 1277 3584 mollissimam
1294 3540 1394 3582 novam
1409 3523 1555 3580 dimittant
1573 3523 1772 3581 intrantibus:-

107 3610 917 3696 graduumadaugeantnrduoantealtaremuiuslnter·
957 3615 1067 3688 Aquam
1089 3617 1124 3671 ad
1148 3615 1302 3672 abluendOS
1318 3615 1402 3687 pedes
1425 3613 1545 3670 fratrum
1572 3611 1753 3682 calefaciam

109 3705 149 3758 tio
161 3712 307 3761 nocturno
316 3705 445 3770 diacono,
457 3707 606 3780 Evangelio
620 3697 812 3781 pronuntiato,
830 3714 862 3768 Et
876 3730 918 3770 re-
958 3721 1033 3760 unus
1047 3707 1081 3760 de
1090 3705 1256 3761 exeuntibus
1263 3711 1291 3764 et
1298 3705 1369 3760 alius
1384 3705 1418 3762 de
1429 3699 1677 3769 intrantibus‚eam
1688 3699 1755 3759 ante

109 3793 193 3860 liqua
208 3791 331 3857 dicente,
348 3790 445 3848 statim
464 3793 520 3851 duo
542 3797 685 3853 secretarii
709 3792 918 3872 discooperiant
955 3795 1110 3870 capitulum
1120 3799 1234 3867 portent
1244 3813 1250 3848 ι
1262 3793 1401 3848 intrantes
1412 3787 1709 3868 deferantlinteamina
1720 3809 1754 3847 ex

107 3879 254 3945 tabulam,
284 3879 456 3950 tertiumque
480 3883 635 3958 accendant
657 3885 867 3955 candelabrum,
888 3890 918 3944 et.
956 3880 1361 3954 pronrptuariozasecretario
1376 3879 1468 3954 pelves
1478 3887 1505 3937 et
1519 3879 1698 3954 manutergia
1707 3875 1755 3937 de·

106 3967 278 4039 analogium
293 3967 496 4026 deferatur.Ad
511 3971 665 4028 matutinas
675 3973 772 4030 laudes
783 3973 857 4030 dicto
867 3979 915 4032 Ba·
955 3970 1189 4028 temnturnbbas
1199 3971 1375 4027 solummodo
1385 3970 1513 4026 adunam
1524 3985 1557 4026 ex
1567 3969 1635 4044 ipsis
1648 3974 1751 4040 tergat.

107 4057 408 4123 nedicamusllomino‚
419 4059 689 4130 exstinguanturnd
700 4061 813 4118 missam
825 4063 915 4124 tribus
955 4064 1016 4120 Duo
1026 4061 1106 4134 pueri
1117 4076 1173 4117 uon
1183 4059 1379 4126 laventsimul‚
1388 4051 1524 4129 magister
1536 4062 1564 4114 et
1574 4073 1646 4132 puer
1658 4057 1754 4114 lavent

104 4145 165 4200 duo
182 4145 390 4218 adjungantur,
409 4163 472 4221 qnae
486 4149 612 4204 conversi
638 4139 775 4216 deferent,
797 4157 826 4208 et
844 4154 914 4212 tiant
955 4152 1069 4210 sedente
1084 4149 1138 4205 alio
1153 4164 1241 4222 puero
1256 4147 1283 4204 in
1296 4147 1376 4205 sedili
1402 4163 1465 4205 suo.
1485 4143 1554 4201 cum
1570 4141 1752 4201 coniecerint

104 4233 250 4306 quinque.
260 4233 302 4291 Ad
313 4250 460 4306 vesperum
477 4237 532 4292 tria
542 4236 671 4296 sintante
682 4240 781 4296 altare.
792 4241 913 4300 Fecistis
954 4241 990 4298 ad
1001 4237 1151 4296 lavandum
1166 4237 1342 4301 linteamina,
1356 4227 1455 4308 surgat
1470 4250 1539 4308 puer
1562 4229 1758 4290 hebdomada·

104 4321 211 4378 diebus
226 4321 357 4378 similiter
370 4323 475 4380 faciant
490 4341 540 4395 per
562 4325 625 4382 loce
651 4327 792 4384 destinata
810 4337 914 4401 praeter
953 4327 1013 4384 rius
1022 4328 1056 4383 de
1069 4325 1149 4382 sedili
1164 4341 1225 4392 suo,
1240 4328 1268 4380 et
1281 4329 1328 4380 eat
1337 4339 1401 4379 crim
1416 4320 1472 4378 alio
1485 4338 1574 4398 puero
1589 4313 1663 4376 iorss
1676 4317 1750 4392 capi·

102 4409 153 4464 illa
167 4425 235 4483 quae
248 4407 445 4482 jungunturin
460 4411 543 4466 tertio
558 4416 706 4468 nocturno.
731 4415 798 4472 uuae
812 4419 943 4488 cauden
953 4418 1055 4481 tulum,
1070 4420 1098 4471 et
1111 4413 1229 4470 abluant
1244 4411 1418 4470 linteamina.
1436 4408 1486 4466 His
1501 4407 1628 4486 expletis,
1647 4407 1749 4466 manus

102 4497 137 4553 1ae
151 4499 217 4554 sint
224 4514 348 4556 accensae
360 4504 426 4554 ante
436 4496 592 4572 principale
604 4499 702 4557 altare.
718 4503 833 4576 Expleta
848 4523 912 4564 can·
952 4522 1017 4562 suas
1031 4505 1135 4570 lavent,
1152 4495 1396 4573 deferantaquam
1421 4499 1456 4556 ad
1478 4497 1632 4556 abluendas
1646 4497 1749 4558 menu's

101 4586 160 4642 rico
171 4585 317 4657 graduum
328 4587 412 4644 tertia
427 4581 479 4656 est,
489 4605 549 4660 quae
560 4589 599 4644 ibi
610 4607 723 4662 semper
732 4593 787 4647 erit
800 4611 909 4652 arsura.
953 4594 1076 4650 omnium
1087 4592 1216 4648 fratrum.
1229 4583 1307 4648 Unus
1317 4606 1349 4644 ex
1360 4588 1403 4644 his
1413 4588 1518 4661 pueris,
1528 4585 1575 4660 qui
1583 4587 1681 4660 iunior
1694 4594 1746 4657 est,

101 4675 235 4750 Expletis
245 4674 352 4730 duobus
362 4678 507 4732 nocturnis
527 4679 743 4750 exstinguantur
756 4677 829 4740 bioae
843 4700 910 4740 can·
951 4688 999 4738 eat
1010 4682 1039 4738 in
1055 4680 1143 4738 sedile
1154 4695 1248 4743 suum,
1273 4677 1362 4736 donec
1391 4693 1488 4731 omnes
1513 4673 1629 4732 abluant
1647 4693 1748 4733 manus

99 4765 177 4820 dfllae
193 4780 284 4836 usque
294 4765 362 4820 dum
377 4763 480 4820 dicitur
492 4763 588 4838 tigilla
606 4775 793 4835 mutuorum.
810 4779 839 4830 et
852 4790 910 4830 rna·
951 4787 1026 4837 suas.
1043 4770 1128 4828 enain
1146 4767 1326 4842 puerilem
1340 4771 1439 4836 surgat
1453 4759 1557 4822 iterum
1572 4758 1643 4840 puer
1656 4767 1691 4822 de
1702 4763 1749 4821 se-

98 4854 234 4909 tutinum
245 4869 353 4909 eornm.
374 4853 407 4910 In
431 4852 562 4912 laudibus
576 4856 680 4912 iterum
708 4859 907 4930 assentiantur,
950 4859 1072 4924 diliana,
1089 4863 1118 4913 et
1132 4856 1227 4913 veniat
1237 4849 1300 4913 cum
1316 4851 1371 4910 alio
1385 4851 1493 4910 infante
1518 4851 1603 4909 foras.
1616 4853 1687 4910 Cum
1702 4852 1749 4910 de-

98 4944 273 5014 priusquam
284 4943 455 4998 soneturnd
466 4943 582 5000 missam
590 4950 648 5003 tres
657 4947 785 5006 sintante
799 4949 906 5020 almre;
949 4947 1095 5017 posuerint
1103 4943 1244 5008 utensiiia,
1260 4959 1323 5000 cum
1352 4941 1453 5014 quibus
1480 4943 1637 4999 servierant
1656 4941 1749 4999 fratri·

96 5033 134 5086 ad
145 5047 299 5102 vesperum
309 5032 380 5087 dum.
393 5033 465 5086 Nam
474 5033 604 5090 omnibus
614 5035 712 5090 diebus
726 5035 908 5094 sabbatorum
948 5035 1001 5092 bns
1014 5037 1044 5094 in
1054 5036 1114 5090 loco
1130 5033 1275 5105 disposito,
1292 5031 1438 5086 venientia
1453 5033 1537 5086 antes
1546 5029 1575 5088 in
1591 5029 1685 5086 medio
1699 5047 1747 5085 ca·

96 5122 134 5176 ad
150 5136 288 5192 vesperas
303 5136 415 5192 semper
427 5119 485 5175 sint
497 5127 555 5176 tres
575 5121 721 5196 lampades
740 5131 808 5198 ante
819 5127 908 5182 altare
949 5125 1038 5197 pitulo
1051 5123 1190 5188 ordinate,
1202 5129 1231 5176 et
1252 5119 1358 5176 faciant
1385 5117 1581 5188 reverentiam,
1595 5119 1624 5174 'et
1638 5124 1705 5173 eant
1715 5117 1745 5173 in

96 5223 241 5264 accensae.
256 5205 393 5265 Similiter
407 5209 515 5266 cunctis
543 5211 642 5266 diebus
670 5212 827 5286 vigiliarum
840 5232 906 5270 san·
949 5213 1063 5271 sedibus
1077 5212 1136 5270 suis
1156 5207 1330 5270 Secretarius
1341 5225 1405 5266 vero
1415 5201 1483 5262 dum
1500 5205 1580 5280 pueri
1594 5204 1746 5262 habuerint

95 5303 216 5353 storum
244 5297 303 5352 sire
325 5311 488 5357 sanctarum
516 5297 617 5374 quibus
634 5299 685 5358 Xll
701 5301 834 5362 lectiones
848 5305 906 5362 effi·
947 5319 1049 5360 manus
1063 5317 1128 5359 suas
1140 5300 1250 5358 ablutas
1274 5295 1386 5372 signum
1413 5293 1499 5350 faciat
1509 5291 1641 5370 pulsandi
1656 5292 1744 5370 squil-

1 5399 2 5424 l
95 5387 259 5445 ciunturin
274 5389 407 5446 crastino.
844 5433 849 5439 .
948 5392 990 5458 lae,
1007 5381 1163 5460 etaccepta
1178 5385 1292 5442 licencia
1317 5391 1426 5458 pergat,
1443 5389 1472 5438 et
1500 5383 1587 5436 lector
1610 5382 1745 5439 veniatin

947 5479 1041 5538 medio
1056 5479 1092 5538 ad
1106 5477 1285 5549 analogium:
1304 5474 1352 5528 illo
1377 5473 1489 5548 signum
1513 5471 1671 5527 dimittente
1688 5470 1746 5544 tab·

947 5569 1013 5623 bste
1040 5571 1183 5622 annuente
1211 5562 1248 5632 eii
1272 5561 1391 5633 accipiat
1410 5557 1644 5628 benedictionem,
1659 5568 1744 5632 atque
