3900 6168
102 317 150 380 tlt
664 315 759 373 virt.
780 341 812 356 -
833 309 985 369 observ.
1005 307 1170 367 PRAEVlAE.
1679 298 1733 358 890

97 444 224 505 bonitatis
235 444 418 502 meream
432 442 468 500 de
481 439 673 499 immensitate
687 437 977 500 misericordia-lites
991 441 1055 492 tuas
1077 437 1194 508 propter
1207 447 1262 498 me,
1285 435 1312 487 el
1340 433 1518 505 peccatorum
1540 432 1653 484 tuorum
1676 442 1734 482 non
1778 419 1782 427 “

99 553 155 593 mm
167 543 283 592 tuarum
297 534 373 590 lideli
391 533 559 590 confidentia
572 531 732 596 roboratus,
755 545 848 602 quassu
863 533 904 598 ut,
935 525 1111 582 recordabor.
1127 543 1138 576 r
1153 525 1216 580 Non
1230 521 1387 576 recorderis
1401 519 1522 590 amplius
1536 523 1650 591 peccata
1658 534 1733 584 mee,

99 629 209 682 audeam
218 626 254 682 de
262 630 292 681 te
300 623 427 680 securius
433 623 540 679 dicere:
549 641 561 674 s
571 623 784 690 Tuuesumego.
794 637 807 672 n
817 617 857 672 ita
864 623 896 672 ut
935 614 984 670 sed
993 617 1110 687 propter
1120 618 1158 680 te,
1170 627 1278 683 precor.
1291 610 1385 664 deleas
1397 608 1564 680 iniquitates
1573 623 1660 674 moes,
1672 623 1735 679 pro·

101 723 177 771 tome
191 727 348 786 agnoscens
356 711 513 767 membrum
523 711 599 765 illius
609 708 698 764 sancti
707 705 831 778 corporis
840 704 893 770 tui,
936 709 999 777 pter
1011 709 1040 758 te
1056 702 1163 758 tribuas
1179 700 1249 755 mihi
1263 699 1385 780 gratiam
1397 703 1487 765 tuem,
1504 702 1537 752 ut
1554 697 1588 752 ad
1600 696 1673 751 tanti
1691 711 1734 752 sa·

101 803 140 858 cni
153 803 246 858 dicere
260 802 342 857 dulce
355 800 444 856 hebes
455 815 483 851 :r
496 796 672 866 dudi‚lacob
681 811 759 852 serve
770 799 896 862 meus‚et
935 791 1072 849 crementi
1087 789 1253 864 mysterium
1276 787 1419 843 accedenti
1438 785 1563 841 dimittas
1582 802 1644 858 quoe
1666 802 1733 842 con·

101 893 187 959 lsrael,
203 907 288 964 quem
303 889 385 961 elegi.
400 888 506 944 iaciens
519 891 549 943 et
560 887 686 942 formans
706 890 735 940 te
753 883 893 946 abutere,
935 881 1054 938 scientia
1075 881 1187 946 metuit,
1208 886 1238 934 et
1254 877 1370 949 adjicies
1389 875 1464 948 quod
1482 875 1572 931 oratio
1590 891 1646 931 non
1665 892 1734 947 pre·

101 983 242 1038 auxiliator
253 985 332 1047 tuus,
348 979 417 1051 quia
430 995 482 1050 ego
496 993 569 1045 sum,
592 976 642 1049 qui
659 975 739 1031 deleo
759 973 895 1045 iniquita·
935 971 1033 1028 sumit.

952 1137 1718 1175 Μ

752 1303 833 1348 Anno
856 1301 966 1348 17011111
987 1299 1063 1346 llxc1

333 1465 796 1610 SANCTUS
844 1455 1505 1606 WlLllELllllUS

691 1691 820 1754 annes
842 1686 1141 1752 ultisluulensls

301 1947 536 2088 ‘norrun
588 1992 892 2089 memmei
944 1993 1002 2086 ιιι
1055 1991 1098 2087 s
1150 1984 1523 2085 ιιιιιιιιιιιιιι

553 2175 704 2255 (Fannia,
726 2173 872 2236 Biblrblll.
889 2182 919 2236 et
938 2175 998 2256 ins.
1021 2175 1086 2236 Lot.
1110 2174 1163 2250 ill,
1190 2172 1275 2252 liitl.)

135 2334 318 2398 willhelmus,
334 2333 422 2390 abbas
435 2333 470 2389 ab
484 2350 558 2391 anno
571 2333 639 2392 1068
654 2335 862 2406 Hirseugiensis
876 2336 906 2390 in
918 2333 1031 2390 dioeoesi
1051 2333 1186 2405 Spirensi,
1204 2332 1352 2388 defunctus
1366 2347 1412 2386 en.
1431 2329 1510 2397 1091,
1525 2331 1555 2385 ιιι
1570 2331 1644 2386 Non.
1660 2331 1729 2396 lul,

107 2406 136 2461 de
146 2405 381 2479 quo'l'ritbemius
393 2421 455 2475 cap.
466 2403 528 2462 352.
542 2407 582 2462 lie
598 2407 627 2462 S.
642 2407 672 2462 li.
688 2412 717 2461 el
731 2408 770 2462 De
784 2405 959 2462 Germanicis
974 2405 1165 2478 scriptoribus,
1178 2421 1202 2459 e.
1219 2403 1263 2468 57,
1279 2411 1308 2459 et
1323 2403 1371 2457 lib.
1387 2417 1407 2458 ιι
1423 2403 1527 2457 lllustr.
1544 2401 1731 2466 Benedictin.‚

108 2495 158 2548 cap.
173 2477 235 2544 tul,
251 2483 338 2548 atque
351 2476 380 2530 in
392 2477 530 2532 Chronico
544 2477 751 2550 Hirsaugiensi‚
767 2495 830 2550 pag.
848 2476 893 2543 er,
910 2495 981 2550 seq..
998 2482 1027 2533 et
1039 2480 1204 2548 Anonymus
1219 2474 1386 2530 Mellioensis
1400 2489 1461 2544 cap.
1477 2470 1734 2545 intumescente

107 2555 179 2603 sunt:
194 2549 409 2604 Constitutiones
419 2547 476 2602 sive
487 2549 702 2604 Conmetuetines
712 2551 912 2604 monachornm
922 2551 1176 2616 Hirsaupienslum,
1189 2546 1268 2601 libris
1281 2560 1312 2600 ιι.
1326 2545 1411 2616 [Editi
1421 2548 1488 2598 sunt
1501 2545 1530 2599 in
1541 2544 1736 2599 Benedictino-

107 2635 161 2673 mm
176 2618 420 2690 econgregatione
435 2618 464 2673 S.
476 2619 561 2674 Blasii
574 2620 604 2674 in
618 2619 776 2690 Silvanigre
785 2621 919 2692 praeclera
935 2620 1048 2691 Sylloge
1058 2625 1183 2672 veterum
1196 2622 1443 2672 monumentorum
1458 2615 1503 2670 cui
1517 2615 1635 2668 titulus:
1658 2619 1734 2671 Vetus

108 2692 253 2758 disnpliaa
262 2693 425 2743 rnonastica.
438 2690 527 2752 Paris,
538 2689 619 2754 1776,
631 2689 671 2757 1ο,
683 2708 710 2763 p.
723 2689 844 2764 iil-liii
855 2694 1002 2758 Pretopum
1017 2689 1140 2759 vulgarit
1155 2688 1332 2744 Mobillonius
1347 2693 1414 2740 tom.
1428 2686 1474 2740 lV.
1487 2686 1624 2740 Analect..
1638 2702 1666 2757 p.
1681 2685 1734 2741 165

109 2761 176 2824 ledit.
192 2777 272 2814 novae
318 2803 324 2817 .
344 2758 395 2816 131
414 2764 485 2831 seq.)
507 2763 760 2831 Philosopllicarum
777 2767 801 2816 et
824 2764 1077 2816 astronomicarum
1092 2762 1304 2813 institutionum
1318 2757 1382 2811 libri
1397 2771 1438 2820 ιιι,
1463 2755 1530 2810 editi
1545 2755 1631 2809 Besil.
1651 2755 1732 2824 1531,

108 2831 171 2902 apud
186 2831 276 2886 liene.
291 2776 381 2885 ficui.
392 2832 429 2885 lle
444 2835 551 2886 inusica
564 2839 589 2887 et
604 2835 683 2887 tonis.
702 2835 738 2888 lle
753 2835 918 2887 correctione
932 2833 1062 2886 Psatterii
1075 2829 1133 2884 eive
1148 2845 1277 2884 errorum
1292 2829 1321 2882 in
1337 2827 1466 2882 centibus
1481 2827 1732 2898 deprehensorum.

109 2906 261 2969 ouantium
274 2903 307 2954 de
321 2907 455 2969 compulo.
472 2903 509 2958 lle
524 2903 671 2972 horolopio.
689 2904 815 2972 Epistola
828 2905 1007 2964 audiremus,
1024 2907 1048 2956 et
1062 2902 1099 2956 ad
1117 2902 1280 2956 anselmum
1296 2899 1533 2962 denttsorieusem
1551 2898 1632 2968 cujus
1646 2897 1732 2954 etiam

110 2978 208 3028 exstant
221 2971 352 3044 quaedam
367 2972 403 3027 ad
415 2973 607 3029 willhelmum
622 2974 697 3030 bunc
710 2973 845 3047 epistolae.

312 3251 550 3418 ιιιι
622 3251 921 3415 enarr
995 3121 1696 3412 urrerem

618 3528 622 3534 ·
668 3493 970 3557 lllliSAUGlllNSlS
992 3490 1161 3553 enutris

200 3645 334 3704 luctare
357 3643 520 3722 lleymone
541 3642 698 3704 monacho
719 3641 935 3722 llirseugiensi
956 3642 1109 3724 coaequali
1130 3645 1162 3703 et
1181 3641 1265 3702 baali
1287 3639 1445 3704 Wilbelmi
1466 3639 1632 3719 discipulo.

131 3775 252 3840 illenim..
269 3779 336 3832 Aeta
350 3781 511 3832 sanctornm
524 3777 584 3832 ord.
601 3777 629 3834 S.
647 3777 754 3839 renea..
772 3777 838 3834 Saec.
856 3777 903 3844 Vl,
921 3795 947 3850 p.
965 3791 994 3842 ιι,
1011 3793 1037 3848 p.
1054 3775 1117 3842 717,
1134 3792 1166 3830 ea
1181 3775 1277 3830 dorato
1292 3774 1438 3844 Stenpclio,
1455 3773 1590 3830 monacho
1604 3771 1702 3828 Sancti

745 3866 867 3922 ildalrici
880 3865 1082 3936 lupuslensis.)

587 4069 984 4146 OBSERVATIONES
1010 4069 1238 4147 PRAEVIAE.

132 4217 158 4272 1.
172 4219 228 4275 litii
241 4222 438 4290 llirsaupiensc
447 4224 658 4284 monasterium,
665 4225 729 4290 jam
739 4222 774 4276 ab
787 4223 893 4288 aliquot
903 4221 964 4283 Bet
977 4226 1036 4275 tem
1050 4219 1080 4274 in
1094 4218 1195 4274 divinis
1219 4219 1370 4292 scripturis
1395 4235 1480 4291 quam
1503 4219 1533 4276 in
1557 4219 1738 4276 secularibus

104 4293 344 4361 clementianum
354 4296 409 4360 ipsi
418 4293 777 4360 Willlelmuspreficeretun
789 4298 894 4346 restau-
935 4290 1039 4346 litteris
1053 4291 1165 4362 egregie
1179 4291 1288 4356 doctus,
1303 4291 1415 4361 ingenio
1429 4290 1549 4355 subtilis,
1564 4297 1593 4347 et
1608 4291 1677 4346 satis
1691 4290 1739 4345 ad·

104 4363 188 4414 mlum
201 4364 309 4430 suisset,
319 4366 493 4432 perfectaque
507 4365 563 4431 lere
577 4365 695 4431 subserit
706 4366 789 4417 lelius
799 4377 894 4416 mona·
934 4362 1048 4417 modum
1064 4367 1192 4433 comptus
1206 4363 1327 4433 eloquio,
1344 4362 1392 4434 qui
1406 4360 1572 4416 eruditionis
1590 4378 1648 4418 suae
1661 4377 1738 4434 prra-

102 4433 171 4510 slerii
183 4434 308 4501 edr'ltccb,
326 4435 398 4502 quod
411 4435 445 4486 ab
463 4437 520 4488 octo
543 4437 653 4488 circiter
667 4437 750 4488 arenis
766 4434 894 4487 oionocbi
935 4434 1012 4488 clara
1036 4439 1219 4488 neonumenta
1243 4431 1366 4504 reliquit.
1391 4431 1516 4516 Scripsit,
1544 4435 1619 4489 inter
1637 4439 1739 4489 cetera

102 4501 295 4566 rrllcbilabonl,
308 4505 433 4558 nondum
444 4508 536 4558 tamen
546 4505 645 4572 firmem
657 4509 716 4558 erat
731 4506 895 4558 rnonasterii
935 4505 944 4558 i
984 4503 1040 4560 enii
1054 4503 1099 4559 sui
1113 4504 1256 4630 aguscula,
1273 4504 1364 4560 Vitam
1379 4510 1407 4559 et
1423 4505 1561 4560 miracula
1576 4505 1649 4560 beati
1665 4504 1738 4559 Wil-

101 4576 188 4654 stclns,
201 4579 261 4628 lum
276 4576 308 4629 ob
323 4576 457 4629 Friderici
470 4576 576 4629 abbatis
590 4575 706 4629 dissidia
720 4591 784 4628 curn
798 4591 895 4630 moaa-
934 4576 970 4632 he
982 4576 1030 4639 mi,
1040 4591 1126 4646 supra
1148 4575 1194 4630 icti
1205 4574 1329 4642 abbatim
1342 4591 1427 4647 quam
1437 4576 1654 4647 tamenquidem
1665 4575 1739 4631 alius

100 4641 158 4722 clius,
171 4648 232 4698 tum
241 4646 419 4700 obidetberti
425 4649 532 4701 comitis
542 4649 768 4708 lamentantium,
778 4648 828 4714 qrri
837 4662 893 4700 nan
934 4648 1023 4702 irater
1037 4653 1135 4717 postea
1153 4646 1249 4701 volens
1266 4646 1411 4718 ampliare,
1429 4646 1585 4702 breviorem
1603 4646 1736 4702 reddidit.

101 4715 135 4764 ilc
148 4719 310 4770 inonaslerii
324 4717 410 4779 bonis,
427 4733 486 4785 qua
502 4719 601 4770 tandiu
615 4717 768 4784 possederat
779 4719 890 4784 iniuste,
936 4718 995 4773 Scri
1017 4717 1148 4772 siletiam
1159 4718 1308 4773 nonnullos
1322 4718 1737 4790 sermonesethomilias,quae‚

97 4785 298 4848 planecesserat
311 4793 341 4840 ut
356 4788 387 4840 cte
402 4789 438 4840 iis
452 4788 506 4840 sibi
518 4788 856 4856 aliquandoarropandis,
868 4790 894 4840 si
935 4796 968 4844 ut
981 4737 1134 4860 pferimum
1149 4805 1181 4842 ex
1197 4805 1300 4846 errore.
1317 4788 1398 4843 elteri
1417 4789 1528 4844 cuidem
1546 4791 1672 4860 ejusdem
1687 4806 1738 4845 no·

99 4861 246 4938 oppmrlunu
259 4873 313 4911 sese
327 4859 435 4924 offerret
443 4860 555 4918 occasio.
566 4874 623 4912 nen
633 4861 772 4924 oppilaret.
797 4859 893 4912 Verum
935 4860 1020 4914 minis
1031 4859 1179 4930 lleymoni
1187 4877 1221 4914 ex
1230 4861 1377 4926 monacho,
1389 4860 1740 4934 Helberstediensiepieco·

99 4929 203 5006 utrique
209 4927 303 4982 morbo
309 4929 522 4982 brenimedclam
530 4931 627 4982 attulit
634 4929 890 4989 Wiltclmusnostcr,
936 4947 981 5003 po,
997 4931 1056 4984 viro
1070 4945 1149 5001 aeque
1159 4930 1331 4996 doctissimo,
1342 4931 1531 4987 ascribuntur.
1542 4934 1618 4987 Idem
1631 4934 1738 4987 tritbe-

98 5011 124 5046 m
137 5011 189 5079 quo
211 5013 323 5081 sumnia
343 4999 496 5067 prudentia
511 5002 542 5052 in
557 4999 637 5053 rebus
650 4999 785 5066 perendie,
801 5002 894 5053 animi
937 5004 1010 5056 nnius
1023 5005 1055 5056 in
1076 5001 1194 5056 editione
1211 5002 1390 5070 Sanpatlcnsi
1403 5003 1487 5073 liujus
1501 5005 1624 5058 auctoris
1639 5019 1739 5058 nonna

98 5067 226 5146 tortitudo
240 5085 271 5152 m
285 5071 406 5124 aduersis
417 5071 590 5139 superandis.
609 5086 642 5124 ac
653 5072 741 5139 pietas
756 5075 781 5124 ct
795 5073 893 5138 relipia
935 5076 1075 5127 sincerum
1091 5073 1265 5143 Haymonem
1280 5075 1365 5140 subse
1379 5076 1512 5138 adserunt,
1522 5089 1616 5145 quem.
1633 5077 1735 5142 inquit,

98 5151 124 5188 m
136 5142 289 5193 inonastrea
302 5141 452 5222 disciplina
463 5142 620 5209 reparanda
630 5145 654 5194 et
669 5142 771 5195 luenda
786 5144 826 5196 ito
836 5143 894 5196 cni·
933 5143 1061 5198 nonnulli
1082 5144 1265 5214 lisymonem
1281 5144 1408 5212 quiritem
1433 5145 1578 5215 cupientes
1601 5144 1737 5212 litteram,

20 5275 21 5280 ἵ
98 5209 175 5290 inere,
192 5213 225 5262 ul
241 5213 307 5278 jure
325 5215 424 5264 memte
444 5213 479 5266 ab
494 5213 622 5266 omnibus
637 5215 712 5266 inter
726 5215 893 5266 illustriores
934 5214 1075 5269 Saxonum
1083 5231 1137 5269 usu
1147 5231 1198 5285 pro
1209 5215 1631 5287 primenuncuparunt.lonctat
1640 5215 1737 5268 deinde

98 5275 174 5362 lupus
184 5281 327 5366 undecimi
337 5283 431 5365 secuti
444 5285 517 5336 uiros
528 5288 710 5337 recenseatur.
723 5283 812 5351 Hujus
824 5285 895 5337 beati
935 5289 1141 5354 surnmamejus
1150 5289 1183 5340 in
1192 5287 1737 5353 colticendiset&seniendissanctorum

96 5363 146 5432 mre
163 5351 707 5422 Vrlamscrrpsrtlleymoejusdiscipulus,
716 5370 796 5423 quem
806 5359 895 5422 postca
935 5357 1054 5411 Petrum
1068 5357 1193 5424 operibus
1204 5359 1420 5412 solticitudinem
1437 5360 1461 5410 et
1474 5357 1660 5422 dilipentiam,
1672 5356 1738 5409 adeo

96 5421 250 5475 liettardus
268 5428 326 5491 post
350 5425 422 5478 beati
445 5425 585 5477 Willielmi
604 5427 707 5478 obitum
724 5427 757 5479 in
771 5426 895 5479 abbatem
936 5432 977 5488 ut,
988 5443 1051 5481 cum
1061 5431 1126 5482 esset
1137 5431 1168 5482 in
1176 5431 1255 5482 omni
1263 5444 1360 5496 periere
1369 5429 1500 5481 doctrina
1508 5427 1735 5487 studiosissimus,

94 5496 262 5576 assumptus,-
284 5497 407 5561 priorem
438 5497 603 5548 monasterii
626 5497 778 5550 constituit.
805 5497 842 5550 lle
867 5511 897 5550 eo
936 5499 1039 5566 [ratres
1054 5513 1116 5551 suos
1133 5500 1221 5553 uerbis
1235 5504 1260 5553 et
1274 5496 1536 5566 cremplisadidem
1549 5499 1738 5566 prestandum

96 5559 275 5648 depluerunt
284 5567 411 5634 loquitur
421 5565 588 5620 Tritllsmius
599 5568 631 5620 iri
641 5566 896 5622 ceronioollirsoo·
936 5569 1079 5630 inducens,
1092 5569 1168 5624 breui
1176 5572 1209 5623 in
1218 5570 1412 5637 llirsanpiensi
1421 5568 1537 5622 canobio
1548 5569 1739 5624 bibliothecam

94 5643 177 5696 ινιιιι
185 5634 225 5688 act
236 5649 343 5690 annom
354 5633 419 5695 1091
433 5635 521 5693 :Erat
529 5651 597 5694 eane
610 5635 652 5692 vir
660 5636 894 5708 studiosissimus,
936 5641 1185 5696 instructissimam
1193 5641 1403 5712 comparaverit.
1415 5639 1452 5693 lle
1461 5639 1521 5708 ejus
1534 5653 1600 5696 uero
1612 5643 1740 5698 lucubra-
