3934 6174
189 251 243 316 tii
681 259 715 316 B.
734 259 943 320 LANERANOI
961 260 1143 320 OANTUAR.
1163 257 1333 318 AROIIlEP.
1769 257 1824 318 tto

191 377 308 437 Eabbeti
321 381 363 437 tta
376 383 478 438 scilicet
489 382 683 457 unnsquisque
698 387 823 440 vestrum
838 386 913 458 apud
926 403 956 442 se
973 390 1100 459 reponat,
1121 383 1278 441 recondens
1291 381 1366 455 qnod
1380 381 1409 437 ei
1424 380 1503 450 bene,
1520 387 1660 452 quactum
1674 384 1738 450 sibi,
1760 383 1823 455 pla-

192 469 293 537 cuerIt,
306 475 339 526 ut
352 486 419 538 non,
434 487 500 528 cnm
509 487 623 540 venero,
633 476 701 528 tunc
715 473 837 530 collectae
846 475 925 542 liant,
940 477 1042 531 scilicet
1051 477 1130 544 sacta
1144 477 1211 529 sint.
1229 473 1301 528 Cum
1320 475 1417 526 autem
1427 487 1549 543 praesens
1564 470 1654 538 fuero,
1672 486 1743 543 quos
1752 487 1823 543 pro-

191 557 324 618 baveritis
338 575 389 632 per
402 559 544 632 epistolas,
554 577 617 616 cum
627 564 755 632 epistolis,
764 562 816 617 hos
826 563 938 619 mittem
948 563 1073 635 perferre
1085 563 1209 635 gratiam
1219 565 1352 626 vestram,
1363 563 1454 629 ccctis
1464 563 1530 615 data
1539 575 1557 615 a
1566 562 1649 623 ocbir,
1661 563 1766 616 mactis
1774 563 1825 629 qai

192 653 258 702 sunt
271 647 303 703 in
314 646 500 704 Hierusalem.
515 649 630 715 Quodsi
643 649 761 722 &gnum
770 651 990 720 fuerit,tantasit
1000 655 1172 720 cottcctic,ut
1186 655 1216 706 et
1226 665 1279 721 ego
1290 664 1363 716 eam,
1373 665 1485 704 mecum
1494 648 1586 706 ibunt.
1598 648 1824 704 Veniantautem

192 734 228 792 ad
237 751 294 800 ros,
305 751 368 792 cum
379 737 571 794 Macedoniam
580 738 785 810 pertransier03
801 755 868 794 nam
879 740 1073 796 Macedoniam
1087 739 1272 814 pertransibo.
1285 738 1368 810 Apud
1388 753 1436 793 ros
1452 743 1547 793 autem
1560 737 1678 794 teretem
1693 736 1823 802 manebo,

193 823 236 880 sel
250 824 335 880 eliam
350 825 490 894 hiemabo,
507 831 540 882 ut
555 843 604 882 vos
616 842 665 882 me
690 825 836 883 deducatis
851 845 1018 901 quocunque
1031 828 1099 884 iero.
1119 827 1191 884 Nolo
1202 826 1280 884 enim
1293 843 1342 883 vos
1356 826 1439 882 modo
1451 827 1481 882 in
1495 827 1627 893 mmsitu,
1642 829 1825 897 tcamcacdo,

195 912 305 982 ridere3
320 930 403 986 spero
418 915 493 972 enim
512 931 558 970 me
573 915 779 988 aliquantulum
797 919 933 990 temporis
949 935 1064 974 manere
1076 917 1152 990 apud
1173 933 1231 984 ros,
1247 917 1271 972 si
1291 916 1428 972 Dominus
1448 915 1619 988 permiserit.
1644 915 1821 982 Permauebo

191 1007 288 1059 autem
298 1003 402 1076 Ephesi
415 1021 506 1077 usque
516 1005 552 1060 ad
566 1005 761 1063 Pentecosten.
769 1004 795 1062 3.
804 1006 915 1064 Ostium
924 1007 999 1064 enirn
1010 1008 1080 1062 mihi
1091 1007 1180 1074 (Ratio
1189 1006 1380 1075 quaraEptmsi
1392 1010 1531 1074 tantopore
1542 1002 1587 1077 [t.
1597 1009 1674 1060 tacto
1689 1001 1822 1076 tempore]

188 1105 395 1162 pernocturus
408 1095 456 1162 sit)
476 1097 606 1164 apertum
631 1096 677 1148 est
689 1108 824 1163 magnum
848 1099 878 1148 et
892 1096 1021 1165 evidens3
1038 1100 1068 1151 et
1090 1093 1244 1151 adversarii
1263 1092 1409 1163 multiplci
1424 1097 1545 1148 notantes
1559 1093 1668 1148 credere
1682 1096 1825 1148 conamur

192 1181 336 1250 impedire.
355 1179 386 1236 Si
399 1186 493 1236 aulem
508 1181 616 1238 venerit
629 1179 802 1243 Timotheus.
818 1182 910 1240 ridete
923 1189 956 1240 ut
974 1185 1146 1241 sinetimcre
1158 1199 1176 1237 c
1190 1184 1271 1252 salsis
1283 1184 1420 1251 fratribus
1434 1181 1473 1236 sit
1487 1181 1563 1255 apud
1576 1197 1625 1236 ros
1639 1200 1646 1249 ;
1663 1197 1734 1254 opas
1748 1181 1825 1236 euim

191 1267 307 1326 Domini
318 1273 460 1340 operatur,
474 1271 638 1339 predicator
651 1274 698 1336 cst,
711 1270 783 1326 sicut
798 1275 827 1326 et
838 1287 900 1342 ego.
914 1273 957 1329 Ne
967 1273 1031 1344 quis
1044 1289 1111 1344 ergo
1121 1272 1202 1327 illum
1217 1275 1342 1342 spernat,
1358 1271 1426 1340 quic
1437 1271 1603 1339 predicator
1622 1276 1669 1324 cst.
1686 1269 1824 1325 Deducile

193 1362 291 1416 autem
307 1357 388 1414 illum
401 1357 432 1414 in
446 1373 525 1430 pace,
538 1362 572 1415 ut
583 1359 680 1416 veniat
690 1358 726 1414 ad
741 1375 806 1428 me,
821 1365 936 1432 expecto
951 1361 1027 1416 enim
1038 1361 1119 1418 illum
1131 1376 1196 1416 cum
1208 1358 1356 1416 fratribus.
1371 1360 1411 1414 De
1422 1360 1521 1432 Apollo
1535 1365 1630 1416 autern
1644 1360 1733 1415 hatre
1746 1359 1826 1416 robis

193 1451 293 1504 notum
305 1445 380 1502 facio
393 1446 526 1519 quoniam
540 1447 662 1503 multum
676 1447 772 1520 rogavi
787 1463 852 1502 eum
864 1455 897 1504 nt
909 1449 1019 1504 reniret
1031 1448 1067 1505 ad
1077 1463 1125 1502 ros
1136 1463 1200 1503 cum
1213 1444 1361 1512 tratribus,
1375 1451 1404 1501 et
1416 1445 1577 1518 utiqnenon
1589 1446 1643 1502 fuit
1653 1447 1783 1502 voluntas
1793 1453 1827 1502 ut

193 1549 270 1592 nunc
279 1535 402 1602 veniret3
415 1534 507 1590 veniet
516 1539 621 1602 autem,
632 1551 697 1590 cum
707 1535 734 1590 ei
749 1549 867 1591 vacuum
880 1537 975 1592 luerit.
989 1536 1204 1608 vigilatestate
1218 1534 1247 1590 in
1262 1534 1326 1600 lide,
1336 1533 1549 1606 virilitcragite,
1564 1539 1593 1590 et
1607 1534 1823 1598 confortamini,-

194 1623 291 1682 omnie
304 1628 400 1680 vestra
411 1623 442 1680 in
455 1623 594 1680 charitate
611 1624 692 1682 liant.
710 1621 738 1683 l.
750 1622 872 1681 Obsecro
887 1629 984 1682 aulem
997 1641 1056 1692 vos,
1064 1624 1212 1688 fratreab.
1228 1623 1317 1679 nostis
1330 1623 1446 1679 domum
1461 1624 1620 1695 Stephanae,
1633 1629 1661 1678 et
1675 1621 1825 1681 Fortunati

193 1717 223 1767 et
238 1711 362 1781 Achaici,
376 1712 509 1785 quoniam
521 1717 588 1774 sunt
600 1713 731 1785 primitias
740 1713 863 1782 Achaiae,
875 1716 957 1783 prius
971 1715 1158 1780 crcdidcruct,
1168 1717 1197 1766 et
1208 1711 1238 1766 in
1248 1711 1436 1766 ministerium
1447 1717 1609 1767 sanctorum
1622 1711 1826 1766 ordinaverunt

193 1799 310 1874 seipsos,
325 1805 403 1857 utet
419 1817 468 1856 vos
481 1801 587 1857 subditi
604 1803 665 1858 sitis
679 1801 826 1873 ejusmodi,
844 1806 873 1857 et
882 1802 959 1857 omni
975 1801 1136 1883 cooperanti
1153 1807 1182 1854 et
1194 1799 1344 1856 laboranti.
1361 1800 1477 1855 Gaudeo
1498 1805 1593 1856 autem
1617 1801 1647 1855 in
1662 1800 1822 1872 prasentia,

194 1889 225 1944 id
238 1895 286 1955 cst,
298 1891 366 1959 quio
380 1891 518 1945 vobiscum
535 1895 611 1959 sunt,
632 1891 790 1962 Stephana,
807 1895 836 1945 et
849 1890 997 1946 Fortunati
1012 1894 1040 1944 st
1054 1887 1178 1956 Achaici,
1199 1888 1332 1960 quoniam
1346 1887 1375 1942 id
1392 1889 1466 1960 quod
1480 1887 1557 1943 vobis
1572 1889 1679 1955 deerat,
1691 1889 1745 1960 ipsi
1760 1904 1826 1960 sup

193 1975 356 2056 piaverunt,
368 1973 525 2056 refecerunt
537 1977 611 2034 enim
623 1983 652 2032 et
661 1995 755 2042 meum
766 1979 895 2054 spiritum
908 1984 938 2034 st
947 1983 1080 2044 vestrum,
1089 1980 1161 2034 miti
1170 1980 1359 2034 ministrando
1368 1982 1459 2047 parius,
1468 1985 1492 2034 ct
1503 1995 1578 2034 canc
1588 1994 1632 2034 aas
1642 1980 1824 2034 exhortando·

194 2064 369 2136 Coguoscite,
386 2065 553 2130 imitamini,
569 2082 636 2138 crgo
657 2067 706 2138 qui
726 2066 865 2138 ejusmodi
887 2071 962 2122 sunt.
978 2067 1109 2122 Salutant
1126 2083 1175 2122 vos
1197 2067 1325 2122 Ecclesia
1338 2067 1421 2122 Asia.
1440 2066 1572 2123 Salutent
1590 2083 1639 2122 vos
1662 2067 1692 2122 in
1705 2067 1826 2123 Domino

195 2153 327 2222 multum,
342 2153 453 2226 Aquila,
476 2158 530 2222 vtr,
545 2159 574 2210 et
588 2155 723 2222 Priscilla,
746 2171 826 2224 acar,
851 2173 916 2211 aum
940 2155 1093 2212 domestica
1111 2172 1163 2212 sue
1177 2156 1309 2222 Ecclesia,
1333 2157 1365 2210 id
1379 2161 1425 2221 cst,
1441 2158 1579 2225 familia:
1604 2157 1678 2229 apud
1703 2172 1774 2228 quos
1797 2163 1828 2214 et

194 2241 330 2314 hospitor.
351 2242 482 2300 Salutent
499 2259 550 2316 ¹vos
576 2258 674 2300 ornnes
694 2243 807 2300 fratres.
820 2243 947 2322 Salutate
971 2244 1091 2302 invicem
1108 2245 1139 2300 in
1156 2251 1218 2314 Βῆ
1236 2245 1331 2302 osculo
1350 2250 1457 2302 sancto.
1478 2245 1629 2313 Salutatio,
1651 2261 1716 2302 mea
1733 2262 1822 2304 manu

193 2329 284 2394 Pauli.
305 2331 411 2414 Siquis
425 2336 572 2388 nonamat
587 2332 739 2388 Dominum
752 2337 880 2390 nostrum
894 2333 990 2388 tasum
1005 2333 1158 2401 Christum,
1176 2333 1202 2399 6,
1227 2333 1253 2388 7.
1270 2333 1307 2390 sit
1321 2333 1486 2401 anathema,
1501 2335 1643 2390 alienatur
1653 2336 1691 2390 ab
1703 2335 1826 2392 Ecclesia

193 2424 226 2480 ιἰι
240 2422 359 2478 adccma
372 2422 496 2479 Domini.
512 2418 539 2480 8.
555 2423 730 2492 Maranctha¹
743 2421 842 2478 Gratia
858 2421 971 2478 Domini
984 2422 1073 2477 nostri
1084 2421 1151 2478 Jesn
1165 2421 1269 2478 Christi
1284 2423 1437 2480 vobiscum.
1455 2423 1586 2482 Charitas
1600 2439 1673 2492 mea,
1691 2425 1721 2478 tc
1734 2429 1826 2493 estat

192 2526 240 2582 ccc
249 2526 303 2580 cos,
314 2514 355 2566 tta
369 2512 543 2567 corvinotccm
556 2511 691 2582 ditipatis,
703 2527 768 2568 cum
783 2511 913 2568 omnibus
927 2510 1005 2566 vobis
1018 2510 1048 2566 in
1063 2511 1175 2568 Christo
1189 2511 1266 2579 iesu,
1279 2529 1336 2570 noc
1350 2515 1445 2570 secuti
1456 2513 1602 2572 charitate.
1613 2513 1714 2570 Amen.

856 2651 1156 2712 COMMENTARIUS.

228 2775 256 2836 2.
271 2777 379 2838 Ιιιιιιιιι.
394 2779 447 2833 Por
461 2792 550 2834 acam
569 2776 691 2846 Sabbatt,
715 2775 745 2833 id
758 2781 810 2840 est.
825 2793 878 2850 per
901 2777 1121 2839 unamAdatur.

192 2866 269 2942 diem
280 2866 444 2942 septimana
453 2865 535 2938 iubet
553 2865 647 2940 colligi
660 2882 694 2924 ea
708 2881 770 2938 quae
784 2866 987 2938 lerosolymam
1064 2865 1091 2923 7.
1106 2868 1233 2942 Auousr.
1250 2868 1346 2942 (Epist.
1364 2867 1414 2926 lis
1440 2869 1478 2924 cd
1491 2869 1566 2924 Parc.
1581 2871 1605 2924 t.
1628 2869 1677 2942 ΙΙ).
1692 2867 1737 2924 Sit
1756 2884 1829 2924 ιιιιιι·

193 2957 298 3014 sanctis
316 2955 510 3013 mittebantur.
1031 2957 1130 3024 tluma,
1150 2959 1329 3013 csaracattc.
1351 2957 1441 3014 Simul
1466 2957 1562 3014 creso
1586 2963 1616 3014 et
1638 2957 1709 3030 Syro
1735 2957 1830 3013 utitur

227 3045 256 3105 3.
272 3047 379 3104 Ostiam
393 3048 468 3102 caim
478 3045 559 3102 mihi.
575 3043 658 3102 Ratio
667 3060 717 3101 cnr
727 3048 875 3117 tantopere
888 3042 989 3116 Ephesi
1030 3045 1124 3102 verbo.
1139 3045 1255 3116 Siquis,
1268 3045 1829 3120 inquitcona·mct1)cmicum,citaca-

191 3135 230 3194 sit
243 3152 453 3210 permansurus.
471 3135 546 3192 Dicit
563 3135 639 3194 enirn
662 3136 767 3202 ostium
780 3151 913 3208 magnum
928 3150 989 3192 esse
1031 3135 1130 3204 thama,
1144 3137 1325 3190 nrcrcaotlrc.
1335 3135 1494 3190 Anathema
1503 3135 1599 3192 Graeco
1607 3152 1737 3192 sermone
1745 3135 1827 3203 disit,

191 3231 321 3300 apertum
335 3225 540 3298 predicationis
554 3242 622 3296 sua,
638 3241 689 3299 per
699 3226 773 3298 quod
788 3224 878 3297 possit
891 3223 990 3296 pradi-
1030 3226 1233 3280 condemnatus.
1250 3224 1418 3281 Marenatha
1431 3223 1568 3292 delinivit,
1579 3226 1662 3281 dcccc
1675 3225 1830 3284 marollio-

191 3314 280 3372 oando
303 3315 340 3370 cd
352 3315 437 3372 corda
450 3315 625 3372 audientium
643 3314 752 3372 intrare
766 3313 893 3370 attidem
907 3313 988 3370 Chri·
1030 3315 1134 3379 miaus,
1150 3312 1193 3368 sal
1211 3315 1313 3368 redcat.

191 3403 512 3476 anacampseroten:
1065 3405 1091 3458 8.
1109 3401 1233 3458 Ηιιιιιοιι.
1255 3402 1436 3457 Marcnctho.
1453 3401 1544 3476 Magis
1558 3403 1661 3474 Syrum
1669 3407 1721 3470 cst,
1738 3418 1825 3475 quam

227 3490 255 3548 l.
272 3492 384 3549 Obsecro
405 3498 508 3548 aulem.
532 3492 653 3550 Obsecro
668 3497 763 3548 autem
778 3497 853 3548 utet
867 3509 916 3550 vos
930 3492 988 3548 tra·
1029 3489 1189 3558 Hebrmum,
1203 3495 1261 3546 tam
1277 3489 1331 3545 etsi
1344 3507 1377 3546 er
1386 3492 1507 3546 confinio
1521 3496 1707 3563 utrarumque
1716 3491 1829 3562 lingua·

190 3585 250 3644 tres
264 3579 369 3638 subditi
382 3580 453 3638 sitis.
1029 3596 1093 3634 rum
1111 3580 1204 3651 aliquo
1224 3583 1253 3634 et
1276 3578 1425 3635 Hebraeum
1450 3585 1541 3645 sonet,
1560 3584 1590 3635 st
1611 3581 1826 3654 interpretetur,

228 3668 254 3727 5.
277 3670 369 3726 Nostis
391 3669 534 3740 Stephana
556 3672 680 3731 ἀοιιιιιιιι.
705 3670 742 3725 lii
763 3686 828 3726 cum
856 3669 989 3741 Apostolo
1028 3670 1163 3724 Dominus
1187 3673 1277 3724 noster
1296 3671 1380 3724 cccii.
1395 3670 1433 3725 Ut
1453 3670 1604 3726 sitseneus
1620 3687 1626 3722 :
1643 3669 1750 3741 Siquis
1767 3685 1828 3724 non

193 3760 314 3829 lucrant,
325 3763 354 3815 et
368 3758 537 3832 quibusdam
545 3757 699 3816 Corimhiis
713 3759 762 3832 qui
777 3775 841 3815 curn
855 3759 988 3831 Apostolo
1029 3762 1106 3814 amat
1119 3757 1269 3812 Dominum
1283 3757 1298 3812 J
1301 3773 1389 3822 esum,
1401 3758 1560 3827 anathema,
1573 3763 1602 3813 et
1610 3758 1659 3813 illo
1673 3757 1824 3829 completo,

191 3855 282 3920 erant,
298 3855 327 3906 et
340 3849 395 3923 ipei
405 3849 539 3922 Apostolo
551 3849 709 3906 necessaria
722 3865 796 3922 sape
809 3847 988 3904 ministrave-
1028 3847 1160 3918 deinceps
1173 3846 1327 3902 inferatur:
1343 3847 1478 3902 Dominus
1490 3851 1670 3903 ccsmrocctt.
1688 3847 1768 3913 Quod
1776 3863 1828 3902 su-

190 3943 267 3998 runt.
1028 3937 1135 4009 perllue
1158 3936 1196 3991 sit
1208 3936 1357 3993 adversum
1372 3952 1436 3992 eum
1462 3935 1535 3993 odiis
1548 3936 1739 4010 pertinacibus
1759 3953 1827 3992 con-

227 4028 253 4084 6.
269 4029 392 4088 munos.
407 4026 449 4085 Sit
462 4029 623 4084 onathccsu.
639 4026 719 4093 Quod
732 4026 945 4098 interpretatur.
958 4025 987 4082 Si
1028 4025 1144 4082 tendere
1160 4024 1230 4080 valle
1243 4041 1326 4097 quem
1338 4026 1399 4097 jam
1411 4025 1521 4082 venosa
1536 4029 1655 4082 constat.

192 4118 256 4192 quia
275 4117 426 4177 Dominum
447 4119 544 4176 lesum
560 4115 703 4174 Christum
719 4132 777 4172 noa
789 4120 876 4184 amat,
900 4111 1017 4172 absol-B

287 4405 514 4482 EPISTOLA
547 4409 589 4480 Β.
631 4407 775 4482 PAULI
813 4405 1044 4481 APOSTOLI
1075 4407 1141 4479 AD
1171 4403 1459 4479 CORINTHIOS
1490 4403 1720 4479 SECUNDA.

512 4609 603 4673 EUM
617 4607 909 4673 INTERJE'CI'IS
927 4607 967 4670 B.
983 4605 1231 4669 EANFRANCI
1246 4603 1493 4668 GLOSSULIS.

225 4767 434 4824 Αιιιιιιιιιιιτιιιι.
449 4771 561 4825 -Post
583 4775 676 4824 actam
690 4784 709 4824 c
723 4769 875 4824 Corinthiis
887 4770 1089 4842 penitentiam,
1112 4768 1324 4822 consolatoriam
1337 4766 1435 4820 scribit
1456 4767 1494 4820 cis
1507 4763 1659 4835 Epictetum
1680 4765 1828 4835 Apostctas

190 4871 209 4910 c
223 4856 335 4924 lbccdc,
348 4871 399 4927 per
413 4858 517 4914 litam.
537 4857 571 4914 Et
592 4860 756 4914 collaudans
781 4873 833 4927 cos,
857 4857 987 4914 bortatur
1011 4857 1049 4912 ad
1061 4859 1189 4923 meliora,
1205 4856 1380 4910 contristatos
1397 4855 1509 4925 quidem
1527 4870 1579 4918 cas,
1600 4856 1646 4910 sed
1667 4853 1828 4909 mundatos

190 4945 344 5000 ωιιιιάιιιι.

863 5034 980 5090 CAPUT
994 5032 1148 5089 PRIMUM.

226 5120 332 5179 Paulus
344 5120 496 5194 Apostolus
510 5123 578 5179 lesu
592 5122 697 5179 Christi
711 5139 763 5194 per
773 5121 945 5178 voluntatem
960 5121 1021 5187 Dei,
1038 5137 1094 5176 cca
1104 5122 1235 5188 immicis,
1251 5123 1292 5176 cet
1305 5136 1362 5175 non
1376 5123 1495 5186 meritis,
1509 5125 1538 5175 et
1548 5119 1712 5176 Timotheus
1722 5121 1824 5191 stater,

190 5211 319 5269 Ecclesia
333 5212 393 5276 Dei,
410 5227 471 5284 quae
485 5218 531 5267 cet
544 5212 681 5279 Corinthi,
691 5229 755 5268 corn
771 5211 902 5267 omnibus
917 5209 1022 5264 sanctis
1035 5209 1084 5281 qui
1098 5209 1205 5263 suntin
1214 5209 1346 5264 universa
1359 5208 1475 5274 Achaia,
1492 5207 1591 5264 Gratia
1605 5207 1683 5262 vobis
1695 5213 1726 5264 et
1738 5223 1792 5281 pax
1807 5227 1828 5266 a

189 5299 248 5357 Deo
262 5301 347 5358 Patre
357 5303 464 5366 nostro,
480 5304 509 5354 et
524 5299 643 5354 Domino
655 5298 722 5354 lesu
741 5296 863 5354 Christo.
878 5299 1045 5354 Benedictus
1064 5298 1138 5353 Deus
1153 5301 1183 5353 et
1196 5298 1280 5353 Pater
1295 5297 1407 5351 Domini
1423 5298 1512 5353 nostri
1529 5299 1596 5352 Jesu
1611 5297 1727 5364 Christi,
1743 5303 1827 5368 pater

189 5387 457 5456 misericordiarum,
473 5392 627 5446 corruatur
637 5393 758 5455 matum,
771 5390 816 5442 scit
824 5390 953 5458 plurium
967 5389 1117 5442 cuonradum
1129 5389 1340 5456 participantes,
1354 5391 1383 5441 et
1394 5387 1503 5442 l.Deus
1513 5385 1602 5441 totius
1612 5385 1823 5454 consolationis,

855 5477 1149 5533 COMMENTARIUS.

226 5565 307 5624 CAP.
320 5569 343 5626 1.
365 5599 398 5614 -
409 5568 437 5624 l.
454 5569 581 5626 hassos.
594 5569 664 5625 Deus
676 5568 760 5622 totius
771 5567 976 5623 mmctationis.
1031 5564 1221 5622 consolatione
1235 5563 1360 5639 incoepit,
1374 5565 1450 5624 unde
1465 5563 1644 5637 renigerium
1658 5561 1708 5620 dot
1721 5561 1772 5631 eis,
