3882 6172
93 295 128 354 aa
570 297 610 352 IN
629 295 740 352 nelei.
761 297 793 352 B.
816 293 1023 373 Lamneanoi
1041 292 1159 350 NOTAE.
1617 279 1681 337 '574

92 419 166 493 partim
188 417 304 472 obedes
323 418 492 490 multiplices
517 433 615 474 causas
629 434 748 490 querum
764 418 970 490 exse-hatque
990 418 1049 474 suis
1074 415 1149 472 notis
1176 415 1206 469 in
1226 411 1358 468 Eadmeri
1386 407 1519 476 Historia,
1537 423 1601 480 pag.
1630 405 1679 464 155

90 510 150 568 endo.
160 509 229 578 Juxta
242 507 316 578 quod
331 507 383 562 sibi
397 508 602 579 confingebant,
622 508 713 580 magis
730 508 846 564 clerieo·
886 507 1015 562 intexuit.
1158 489 1163 500 ’

90 615 134 652 run
150 611 221 667 quam
240 596 440 651 monachorum
466 596 589 652 cilicium
607 602 724 668 spectat.
740 598 847 653 Deduc-
922 599 1018 660 Mo
1030 594 1082 650 det
1096 595 1203 661 nesorio
1218 594 1302 661 operi.
1320 589 1426 645 Notent
1440 587 1500 642 haee
1511 586 1625 641 interim
1640 584 1681 640 illi

90 695 121 743 tas
137 691 170 740 est
189 685 216 738 in
237 685 405 739 sententiam
419 685 504 739 istam
522 701 570 740 rex
593 691 622 740 et
642 685 690 740 alii
708 687 846 760 principes
887 683 989 755 'quitot
1000 684 1136 738 clamores
1150 687 1178 736 et
1196 681 1329 752 strepitus
1344 679 1431 734 edunt
1444 677 1474 732 in
1489 676 1639 731 monachos
1654 680 1683 730 et

89 776 154 846 regni,
170 772 325 837 heniranco,
345 777 378 827 ut
391 773 435 828 sui
457 773 542 828 moris
565 781 636 840 erat,
653 775 720 830 totis
741 777 847 832 viribus
886 773 970 827 toties
985 772 1148 836 obtrudunt,
1163 787 1225 842 quae
1240 786 1257 822 a
1272 766 1500 822 vintoniensibus
1514 764 1621 819 clericis
1631 763 1682 818 cb·

89 865 206 921 obnitente,
220 866 248 916 et
261 861 386 916 omniurn
405 862 542 916 molimini
560 879 593 917 ac
604 863 715 920 invidie
729 865 847 921 viriliter
887 861 1084 916 tendebantur.
1102 860 1180 928 (Vide
1195 858 1325 930 superius
1339 857 1474 928 producta
1488 871 1521 909 ex
1534 853 1684 920 Eadmero)

89 952 211 1006 resistente.
225 948 267 1002 Ne
280 953 375 1003 tamen
389 955 453 1020 post
465 950 573 1006 obitum
585 968 667 1007 suum
682 953 847 1026 fieretquod
888 957 916 1006 at
931 952 1039 1006 nefario
1049 950 1114 1005 hnic
1128 949 1205 1020 operi
1218 947 1370 1002 molitionis
1386 945 1535 1016 (utloquau
1547 959 1609 999 eum
1623 943 1685 997 Ale·

90 1058 110 1095 aa
124 1036 251 1109 superstite
271 1037 375 1093 sciebat
393 1055 443 1110 per
455 1041 591 1096 auxilium
604 1042 655 1096 Dei
668 1059 847 1114 nequaquam
888 1043 1004 1110 rendre)
1020 1039 1145 1095 animum
1166 1039 1350 1109 appellentes,
1370 1035 1452 1089 velim
1473 1033 1526 1088 sibi
1540 1033 1574 1086 cb
1589 1033 1684 1087 oeulos

88 1127 262 1201 urinantium,
274 1126 401 1181 nesciens
413 1129 511 1183 mortis
525 1147 583 1184 suae
594 1130 669 1186 diem
681 1132 723 1186 vel
738 1133 846 1198 horam,
888 1136 995 1205 ponant
1007 1130 1155 1202 praeclaros
1167 1125 1329 1194 monachos,
1344 1123 1392 1196 qui
1406 1140 1469 1178 enm
1483 1121 1587 1176 sanctis
1602 1121 1686 1176 mori·

89 1215 287 1286 egitsugaeitate,
303 1219 332 1270 et
345 1216 485 1272 industria
498 1235 555 1289 qua
568 1219 849 1289 pollebat,utauelo-
889 1221 951 1286 bus,
974 1225 1033 1274 tum
1056 1218 1147 1272 verbis
1168 1223 1197 1271 et
1223 1215 1333 1286 scriptis
1357 1212 1545 1268 Christianam
1573 1210 1687 1265 catholi-

88 1307 148 1359 ritste
167 1303 291 1359 Romanae
313 1310 342 1358 et
367 1307 524 1376 apostolieae
549 1308 623 1362 sedis
648 1310 849 1365 monachornm
890 1325 1007 1381 eamque
1022 1309 1106 1362 iidem
1126 1306 1221 1361 multis
1241 1307 1269 1360 in
1289 1304 1357 1359 locis
1376 1303 1566 1360 inseruerunt,
1582 1299 1686 1354 instau-

88 1392 191 1447 habitatio
213 1392 240 1447 in
259 1393 358 1448 endem
382 1395 503 1450 Ecclesia
515 1397 740 1468 confirmaretur,
757 1405 786 1454 et
805 1400 850 1454 in·
890 1403 998 1464 rerunt,
1030 1400 1231 1468 propagarunt,
1265 1393 1452 1458 illustrarunt,
1489 1389 1686 1445 Cassiodorum

87 1481 190 1534 maruha
200 1481 265 1534 dnm
278 1483 411 1537 saeculum
421 1485 538 1540 duraret
546 1485 575 1540 in
584 1492 751 1558 perpetuum
766 1487 850 1543 stabi·
890 1488 962 1555 dieo,
979 1487 1145 1557 Gregorium
1161 1485 1310 1555 Majorem;
1334 1481 1485 1554 apostolos,
1499 1477 1687 1550 augustinum

87 1569 765 1646 irataeQuodprivilegiotalisummueapostoiieae
777 1577 850 1633 sedis
891 1576 1122 1632 cantuariensem
1149 1575 1264 1644 hngliae,
1294 1569 1469 1627 Boniiaeium
1492 1566 1688 1638 Mogentinum

86 1657 176 1712 andam
197 1658 353 1713 alexander
380 1661 420 1714 itu
450 1661 554 1734 scripto
583 1679 634 1718 suo
666 1663 849 1720 roboravitu
892 1664 1060 1731 Germania,
1075 1663 1256 1718 Benedictum
1272 1659 1404 1728 Polonira,
1428 1657 1585 1712 Gerardum
1606 1655 1686 1708 ilun-

87 1747 167 1801 Deinde
179 1747 289 1818 subjicit
301 1749 453 1804 Alexandri
463 1752 621 1822 epistolam.
642 1751 751 1809 Videsis
764 1729 1032 1826 etiamBgarorum,
1048 1758 1123 1820 etc.;
1143 1751 1247 1806 bedam
1268 1746 1475 1806 venerabilem.
1503 1744 1686 1808 ildefonsum,

88 1835 294 1892 amanuncus.
306 1837 456 1909 Depontii.
472 1839 519 1894 lib.
536 1855 555 1908 1,
570 1841 617 1894 iol.
634 1839 694 1900 lta.
890 1843 1037 1898 Rabanum
1057 1843 1196 1907 Maurum,
1221 1838 1353 1894 Strabnm
1370 1835 1548 1899 Fuidensem,
1573 1833 1687 1887 Petrum

111 1925 137 1978 lit
147 1928 246 1980 eicm'oos
269 1928 343 1982 initi
363 1931 536 1983 constituere.
554 1929 596 1984 hb
611 1931 732 1986 Ecclesia
750 1931 850 1988 Viato—
892 1932 1030 1998 Damiani,
1045 1933 1211 2002 Reperiam,
1227 1929 1424 1992 Lansrancnm,
1438 1924 1609 1987 anselmum,
1625 1923 1690 1977 Ber·

86 2013 154 2066 niensi
164 2013 272 2088 clericos
289 2016 456 2086 jamdudum
470 2017 589 2074 ammius
608 2021 797 2075 caenobiorum
811 2020 852 2075 in·
892 2022 1011 2076 nardum
1025 2027 1109 2092 atque
1123 2020 1284 2074 innumeros
1294 2017 1363 2073 alios
1375 2036 1382 2077 :
1394 2015 1491 2088 quade
1504 2029 1534 2068 re
1549 2011 1689 2067 hrnoldus

87 2107 198 2156 saumtor
217 2109 245 2158 et
265 2105 420 2160 rediiieater
443 2107 569 2177 Edgarus
588 2125 635 2163 rex
652 2110 762 2178 (saeculo
777 2109 852 2182 pn'or
892 2110 1049 2166 Wionusin
1062 2108 1224 2180 Lignollitre
1234 2107 1280 2161 lib.
1294 2121 1313 2161 ιι
1326 2111 1383 2161 etv.
1394 2104 1595 2159 Caeterumnon
1607 2099 1690 2154 modo

89 2189 221 2259 tarandro)
238 2193 443 2250 eliminaverat.
468 2196 531 2259 Qua
547 2213 612 2252 vero
639 2197 675 2252 ad
697 2198 726 2252 id
743 2200 852 2254 ratione
893 2199 1064 2272 episcopales
1078 2197 1214 2252 Ecclesiae
1234 2194 1363 2251 monachi
1382 2190 1626 2256 administrabant,
1642 2188 1691 2243 sed

85 2277 194 2348 inpubes
216 2282 313 2348 suerit,
330 2283 360 2338 in
380 2285 497 2339 coneilio
520 2287 554 2340 A.
579 2286 851 2356 contenebrata,
894 2293 923 2343 at
948 2287 1051 2342 eisdam
1081 2303 1113 2341 ex
1146 2286 1237 2358 prisca
1264 2281 1466 2341 consuetudine
1504 2276 1692 2352 praesidebant

86 2367 188 2423 adiment
201 2369 242 2425 his
256 2371 351 2426 verbis
371 2389 376 2424 :
399 2391 413 2427 ι
427 2373 540 2429 'limans
553 2375 641 2446 igitur
662 2393 697 2430 ne
719 2382 853 2432 aeternam
893 2376 1035 2432 antistites
1044 2375 1246 2447 quamplurimi
1256 2374 1286 2429 in
1300 2372 1401 2444 Anglia
1414 2368 1596 2426 monasticam
1606 2367 1692 2421 vitam

85 2452 226 2513 merneram
237 2459 391 2528 miseriam,
407 2461 430 2516 si
445 2463 548 2534 adepta
561 2469 700 2537 potestate
714 2481 770 2521 nen
779 2467 853 2522 iace-
894 2465 1011 2539 professi
1024 2481 1030 2532 3
1052 2465 1119 2537 quin
1131 2465 1214 2518 etiam
1230 2463 1328 2534 siquis
1339 2462 1443 2528 forsan,
1458 2464 1600 2514 annuente
1614 2472 1690 2528 rege,

85 2547 278 2619 renquodipse
291 2550 339 2620 qui
353 2557 486 2622 operatur
499 2553 594 2607 omnia
609 2569 670 2624 quae
686 2554 716 2608 in
739 2554 808 2610 coelc
827 2560 856 2610 et
895 2573 911 2611 e
938 2554 1060 2610 clericali
1085 2553 1183 2609 ordine
1201 2553 1244 2607 vel
1271 2567 1304 2607 ex
1333 2551 1412 2606 laicis
1440 2549 1475 2603 ad
1506 2545 1692 2620 episcopalem

84 2631 183 2690 interra
194 2637 251 2691 suis
268 2640 403 2711 exemplis
413 2641 507 2710 justus
525 2643 700 2710 examinator
720 2643 853 2708 innotuit,
895 2645 1061 2716 dignitatem
1071 2647 1270 2708 assumeretur,
1284 2639 1441 2696 necessario
1454 2639 1618 2711 prinsquam
1628 2652 1692 2691 oon·

85 2721 219 2779 numerum
245 2743 352 2782 cuneos
375 2729 573 2784 canonicorum
591 2747 606 2785 e
626 2732 744 2787 diversis
764 2733 854 2788 nostri
895 2729 1061 2800 sacraretur,
1073 2731 1367 2794 monaehitcnsuram,
1382 2735 1411 2785 et
1424 2727 1563 2792 habitum,
1574 2741 1692 2781 necnon

83 2811 201 2881 raamims
212 2815 347 2871 caenobiis
362 2817 466 2873 Christi
479 2819 598 2875 vicarius
608 2820 759 2876 eliminavi.
776 2823 855 2886 Quod
896 2827 925 2876 et
938 2837 1043 2876 normae
1057 2820 1241 2875 benedictinae
1254 2818 1455 2890 professionem
1468 2816 1596 2870 emittere
1611 2829 1693 2884 coge-

84 2899 148 2954 aullis
160 2902 224 2957 mibi
236 2904 486 2962 intercessionibus
506 2908 638 2978 prodesse
653 2914 791 2980 poterant,
806 2911 855 2966 sed
896 2910 991 2968 batur.
1012 2909 1092 2975 Quod
1114 2909 1237 2980 produnt
1252 2907 1328 2961 inter
1355 2907 1425 2961 alios
1454 2902 1635 2961 Malmesbur.
1651 2901 1693 2956 De

84 2988 164 3056 potins,
185 2995 215 3046 nt
240 2991 344 3048 beatus
364 2995 405 3048 ait
428 2997 589 3067 Gregorius,
615 2999 685 3069 justi
705 2999 855 3054 vindictam
897 2999 995 3069 pontii.
1006 2998 1117 3063 lib.1,in
1125 2995 1375 3052 cantuariensibus
1383 2993 1598 3065 archiepiscopis
1607 3006 1693 3062 egens

82 3085 247 3146 pmeeearent,
264 3081 316 3152 qui
333 3081 418 3137 variis
432 3084 562 3140 vitiorum
577 3087 662 3141 naevis
675 3089 857 3143 contaminati
898 3088 932 3142 de
948 3087 1046 3142 Odone
1060 3087 1189 3158 episcopo
1203 3083 1388 3149 vintoniensi,
1413 3088 1478 3154 post
1497 3080 1694 3138 cantuariensi

83 3175 236 3238 nonagmtes
250 3187 316 3243 que
328 3172 534 3244 Deusjubendo
550 3175 668 3244 volabat,
685 3178 779 3232 omnia
794 3195 857 3249 qnae
897 3176 1105 3248 archiepiscopo
1121 3176 1208 3231 eleeto
1229 3192 1235 3228 :
1260 3193 1274 3229 ι
1289 3173 1341 3229 Ille
1355 3173 1403 3245 qui
1415 3173 1540 3229 nondum
1554 3169 1696 3226 amisisset

81 3253 171 3311 nolebat
182 3257 302 3315 rebelles
322 3260 469 3328 iaciebant,
485 3264 583 3319 addus
596 3265 746 3336 inquisitor
757 3267 856 3322 adver·
897 3266 1076 3331 monachum,
1086 3264 1260 3320 constantius
1274 3261 1368 3330 reniti,
1382 3279 1417 3318 ne
1432 3277 1540 3316 morem
1554 3260 1693 3331 majorum

82 3347 130 3398 tens
147 3353 238 3418 gratos
259 3351 382 3406 Domino
401 3353 602 3408 monachorum
616 3370 730 3421 cuneos,
743 3354 791 3426 qui
806 3372 856 3426 pro
897 3353 1050 3410 ambitione
1059 3369 1110 3410 sua
1119 3355 1234 3409 turbare
1249 3353 1399 3415 videretur,
1409 3351 1517 3407 nullum
1528 3349 1603 3404 enim
1618 3347 1695 3402 adid

82 3434 143 3489 nobis
152 3435 348 3495 incunctanter
361 3441 531 3508 incederent,
541 3442 709 3514 nostrijuris
719 3449 858 3499 monaste
896 3448 1009 3515 tempus
1023 3444 1077 3500 nisi
1091 3444 1241 3499 monachili
1257 3444 1399 3499 schemate
1412 3442 1544 3496 indutum
1556 3435 1695 3510 archiepi-

82 3521 119 3576 riis
132 3526 240 3582 deuotus
252 3528 385 3584 hilariter
399 3531 605 3586 cohocavi.rlit
618 3533 684 3604 quia
697 3533 858 3604 praescierat
898 3547 1013 3603 scopum
1038 3532 1163 3589 fuisse.»
1187 3533 1222 3588 Et
1246 3538 1309 3605 post
1327 3531 1393 3586 alia.
1420 3549 1434 3582 r
1455 3531 1552 3601 ltaque
1575 3525 1696 3582 transito

82 3611 155 3669 forsan
174 3618 299 3689 optimus
325 3618 371 3674 ille
386 3637 434 3674 rex
457 3637 508 3691 per
530 3621 646 3676 clericos
664 3622 815 3694 aliquando
841 3640 858 3678 a
899 3623 971 3678 mari
987 3624 1062 3694 apud
1076 3623 1234 3678 Floriacnm
1248 3620 1419 3677 monachilia
1430 3618 1545 3690 accepit,
1565 3635 1576 3667 a
1592 3615 1697 3672 stelit

82 3703 175 3769 perata
187 3707 312 3764 &clasis
325 3709 476 3764 monachos
485 3710 682 3778 exturbandos,
693 3713 858 3767 anathema·
898 3713 1010 3768 Nicolas
1025 3712 1182 3784 Harpsfeld.
1197 3711 1299 3766 saeenlo
1314 3707 1585 3768 inUbi'electionem
1596 3706 1625 3764 S.
1638 3704 1698 3760 Viri

82 3789 139 3847 tibus
150 3794 217 3865 illos,
234 3797 286 3870 qui
300 3797 392 3852 simile
407 3798 473 3870 quid
484 3800 659 3866 molirentur,
671 3801 798 3872 percellit
807 3802 859 3856 hoe
900 3802 1039 3856 Edmundi
1062 3803 1091 3856 in
1111 3801 1273 3874 episcopum
1301 3800 1521 3856 Dnnclmensem
1543 3794 1697 3852 describit:

82 3895 187 3940 srmone
202 3908 208 3941 :
226 3904 240 3940 ι
268 3887 299 3942 Si
323 3891 418 3942 autem
440 3888 565 3960 qualibet
577 3889 731 3956 occasione,
748 3890 859 3945 diabolo
902 3893 996 3947 «Cum
1007 3891 1102 3962 itaque
1111 3891 1221 3946 nullum
1231 3888 1415 3946 satisfactioni
1424 3887 1574 3943 ullilocnm
1581 3885 1697 3951 videret,

81 3966 219 4043 infigaris,
237 3975 401 4048 contigerit,
424 3981 456 4032 ut
476 3977 551 4032 fastu
569 3978 763 4049 superbientes
782 3993 861 4034 arro-
900 3979 931 4035 in
946 3979 1131 4036 monasticum
1143 3981 1267 4051 primurn
1284 3979 1412 4037 ordinem
1435 3981 1582 4049 cooptatus
1600 3977 1643 4028 est
1663 3971 1700 4032 lid

79 4063 170 4126 gratie,
179 4065 283 4136 dejecti
294 4067 421 4121 canonici
433 4067 634 4122 monachorum
642 4083 767 4138 gregem,
777 4085 861 4140 quem
902 4069 978 4124 enim
988 4068 1119 4124 omnibus
1130 4068 1281 4124 aCutberti
1291 4063 1554 4140 temporeDuaelmi
1564 4059 1700 4135 episeopis

80 4161 119 4217 ego
137 4168 270 4210 venerans
286 4171 352 4210 cum
370 4161 482 4227 pastore
499 4157 528 4211 in
542 4156 594 4212 Dei
608 4156 741 4212 constitui
755 4174 862 4231 posses-
902 4158 1027 4214 solemne
1041 4161 1110 4226 erat)
1126 4159 1299 4229 accersitque
1319 4155 1477 4228 Egelricum
1500 4153 1669 4208 monachum
1684 4167 1700 4206 e

79 4237 147 4306 donc,
158 4243 282 4315 dejicere
292 4243 453 4300 insidiando
467 4245 614 4314 voluerint,
627 4252 728 4318 agatur
739 4248 773 4302 de
784 4247 863 4302 cisat
903 4246 1028 4302 cenobio
1057 4248 1201 4318 burgensi,
1220 4245 1268 4318 qui
1289 4247 1434 4319 preceptis
1453 4261 1529 4312 enm,
1545 4249 1574 4298 et
1596 4239 1702 4312 regulis

80 4325 104 4378 de
115 4333 235 4388 omnibns
246 4334 299 4407 qui
309 4335 435 4406 quolibet
445 4351 561 4391 munere
572 4337 667 4392 caecati
679 4339 812 4409 juvamen
823 4337 895 4425 eisD
904 4335 1066 4392 monasticis
1081 4336 1229 4403 imbueret,
1245 4356 1259 4390 r
1276 4341 1329 4390 etc.
1347 4337 1406 4392 lmo
1419 4339 1447 4390 et
1461 4333 1536 4406 ipsos
1557 4330 1702 4404 episcopos

76 4414 256 4490 impenderint,
272 4423 351 4496 quod
369 4429 462 4479 aetum
479 4427 566 4481 estdc
581 4427 689 4498 angelis
701 4427 863 4500 superbien-
903 4425 1066 4481 monasticis
1080 4425 1188 4497 legibus
1202 4425 1342 4496 subjectos
1356 4425 1408 4494 (uti
1422 4423 1547 4488 abbates)
1558 4419 1702 4494 egregium

76 4505 143 4572 tibus,
157 4517 184 4565 ct
198 4513 233 4567 de
248 4515 428 4585 protoplasto
441 4513 545 4569 diaboli
565 4516 664 4570 fraude
678 4516 803 4588 seducto,
819 4525 860 4581 ut,
905 4515 990 4569 babes
1011 4521 1226 4570 monumentum
1244 4515 1273 4569 in
1290 4514 1345 4569 illis
1368 4510 1592 4569 institutionibus
1604 4526 1703 4566 mona·

75 4598 179 4664 natat
186 4601 322 4657 videlicet
330 4601 465 4658 limitibus
473 4602 863 4676 sublimibusregnicoelcrum
904 4603 1020 4659 chorum
1037 4605 1211 4671 (internatas
1226 4603 1339 4659 Seldeni
1351 4603 1386 4658 ad
1400 4603 1547 4658 historiam
1563 4599 1704 4664 Eadmerii

75 4686 190 4744 sedilibus
201 4692 289 4762 ejecti
298 4708 362 4746 cum
372 4691 759 4764 hisquidominifamulaturn
769 4710 864 4765 asper·
906 4691 1043 4748 Saxoniee
1058 4699 1087 4747 et
1100 4693 1207 4758 Latine,
1224 4691 1259 4747 ab
1274 4691 1386 4764 Edgaro
1401 4709 1466 4763 rege
1485 4692 1609 4764 prolatas
1629 4691 1705 4747 cirea

74 4783 157 4832 nanus
181 4787 430 4853 contempserunt,
455 4782 581 4838 barathri
601 4783 737 4838 incendiis
757 4783 865 4838 detrusi
905 4786 939 4839 A.
960 4783 991 4838 C.
1013 4779 1075 4846 900,
1102 4781 1153 4836 sub
1180 4781 1304 4836 medium
1324 4799 1330 4836 z
1350 4781 1578 4854 ‹Episcoporum
1590 4782 1705 4854 quoque

73 4861 121 4934 iugi
140 4871 306 4925 crucientur
333 4870 456 4939 miseria,
487 4875 572 4927 rete.
598 4873 632 4928 Et
659 4873 732 4927 infra
760 4872 866 4944 gratias
907 4873 1016 4942 electio,
1029 4872 1068 4927 nti
1083 4871 1226 4936 abbatum,
1243 4869 1402 4942 ubieunque
1420 4871 1451 4927 in
1475 4872 1540 4927 sede
1556 4870 1706 4944 episcopali

74 4957 226 5016 calceastis
241 4961 408 5034 impertitur
422 4963 470 5034 qui
485 4961 628 5018 benefieiis
639 4963 789 5018 monachos
800 4961 864 5017 alie·
907 4959 1705 5033 monaehiregularesconversantursi,Dominilargiente

74 5047 435 5122 cenat:‹Quicnnque,ait,
446 5053 598 5108 monachos
605 5051 686 5108 bonis
694 5050 865 5124 quibuslibet
903 5051 1005 5124 gratia,
1023 5052 1097 5106 tanti
1111 5051 1252 5122 profectus
1267 5049 1336 5106 inibi
1355 5051 1509 5106 monachus
1524 5050 1642 5122 reperiri
1657 5066 1706 5120 po-

74 5130 232 5208 loeupletane
260 5140 354 5196 ditare
376 5140 504 5207 voluerit,
534 5139 651 5197 Creator
672 5141 864 5197 cunctitenens
904 5141 1121 5198 tueritltodem
1132 5141 1214 5196 medo
1228 5145 1338 5210 agatur,
1353 5155 1404 5195 nec
1416 5140 1471 5195 alio
1483 5138 1608 5211 quolibet
1621 5137 1705 5192 modo

75 5221 211 5282 clementer
225 5245 278 5284 eos
291 5245 445 5301 eorumque
463 5231 626 5302 progeniem
640 5231 726 5286 totius
737 5230 865 5286 ubertate
905 5231 974 5285 dum
989 5230 1115 5302 ejusdem
1131 5235 1198 5284 sunt
1207 5228 1433 5295 conversationis,
1448 5243 1465 5282 a
1479 5242 1620 5299 quoquam
1635 5241 1705 5298 prae-

73 5317 267 5387 prosparitstis,
284 5318 331 5374 hic
345 5323 374 5374 et
387 5319 416 5374 in
430 5319 524 5375 iuturo
537 5321 647 5388 saeculo,
664 5320 779 5375 ditando
791 5321 866 5375 loen·
906 5325 1043 5384 sumatur,
1057 5337 1072 5373 n
1087 5323 1138 5376 eto.
1154 5319 1260 5374 Deinde
1272 5323 1336 5392 post
1348 5333 1446 5390 pauca.
1465 5338 1476 5366 ι
1491 5315 1545 5380 Qui
1559 5314 1705 5371 ordinatus

74 5401 155 5473 pietat,
175 5425 188 5460 a
205 5412 262 5463 etc.
280 5407 346 5464 llaec
363 5425 396 5464 ex
416 5425 469 5464 ms.
483 5409 577 5464 codice
592 5410 653 5480 ejus
669 5411 751 5482 jussu
763 5409 865 5465 litteris
906 5403 1502 5481 videlicetepiscopusinomnibuseumdem
1510 5419 1707 5475 moremregu·

74 5495 153 5554 eureis
165 5497 361 5570 pulcherrime
382 5499 503 5556 exaratis
522 5500 695 5573 deprompsit
718 5499 863 5568 seldenus,
905 5499 1063 5556 laremcnm
1072 5493 1705 5578 monachissuis,quemabbastenetregularis,
