4046 6186
214 321 283 386 aare
723 319 885 379 neonem
903 313 1153 378 romonensis
1171 310 1339 370 miscear
1448 283 1454 292 ’
1552 293 1559 308 ’
1781 307 1851 365 aar

210 449 315 508 baeam
340 451 400 504 tato
422 443 485 503 nisu
515 445 736 519 exsequebatur;
762 445 928 503 obedientie
955 439 1166 513 vir-Apatebat
1184 437 1332 510 affugium,
1349 434 1406 492 imo
1431 433 1461 490 in
1482 431 1613 490 manibus
1633 447 1716 490 suum
1736 431 1799 507 ipse
1822 429 1853 488 in

211 545 274 596 tute
287 536 417 594 omnibus
435 553 466 592 se
478 535 653 601 imitabilem,
664 535 827 608 frugalitate
840 535 1009 592 laudabilem
1051 530 1144 602 palam
1167 526 1332 600 praeferebat
1351 524 1499 596 judicium.
1520 522 1686 580 abstractus
1705 524 1854 579 demuma

212 635 242 686 et
262 629 392 685 universa
409 643 519 682 morum
539 626 678 699 probitate
697 625 839 700 prebebat
859 626 1009 698 insignem.
1051 617 1177 678 latibulo,
1194 614 1366 671 confusionis
1380 631 1439 669 sure
1457 612 1640 684 ignominiam
1655 613 1798 668 confessus
1811 615 1855 665 est

211 719 252 778 De
264 717 405 774 virtutuin
419 715 549 772 virtutem
560 717 714 772 secundum
730 715 907 770 psalmistam
921 722 1011 770 trans·
1052 708 1080 763 in
1092 706 1212 779 publico.
1229 704 1379 760 Confessus
1393 710 1437 760 est
1456 719 1486 758 se
1501 702 1629 773 rapiendi
1648 718 1732 756 causa
1756 700 1854 756 furtim

211 805 364 878 migrabat,
379 811 412 862 ut
426 805 515 862 Deum
527 805 645 860 deorum
655 803 750 860 ridere
760 809 969 877 promereretur
981 801 1011 858 in
1052 797 1161 852 vineam
1174 794 1324 866 irrupisse:
1341 800 1379 848 et.
1395 808 1459 848 cum
1478 791 1599 846 maxime
1621 799 1701 862 parte
1714 790 1803 846 noctis
1817 789 1854 844 ad

210 895 288 952 Sion.
1051 885 1079 940 id
1093 885 1275 948 elaborasset,
1290 899 1430 954 nusquam
1445 881 1549 936 exitum
1561 880 1709 944 reperisse.
1727 879 1799 934 Erat
1816 879 1854 934 ibi

246 983 274 1040 9.
290 984 421 1040 Decursis
435 984 531 1056 itaque
545 1000 609 1039 cum
624 984 713 1040 multa
734 983 882 1038 honestate
895 981 1011 1038 inferio.
1051 973 1148 1030 videre
1171 971 1325 1038 miseriam,
1341 971 1435 1026 ridere
1451 968 1584 1026 miserum
1610 969 1740 1024 illumin
1762 967 1854 1040 seipso

210 1091 274 1132 rum
288 1073 434 1130 ordinibus
446 1075 597 1146 graduum,
613 1080 675 1146 post
692 1073 792 1128 bonam
807 1089 904 1128 eorum
919 1072 1010 1127 admi.
1052 1081 1109 1119 sure
1122 1069 1235 1136 gestare
1248 1061 1418 1118 sententiam
1433 1058 1632 1120 damnationis,
1658 1057 1707 1130 qui
1726 1062 1757 1112 et
1778 1057 1854 1130 rapi·

210 1163 420 1230 nistrationem,
435 1162 529 1219 divine
540 1163 591 1219 sibi
605 1164 749 1236 aspirante
762 1163 864 1233 gratia.
874 1161 926 1216 sub
942 1161 1012 1216 mul·
1052 1169 1118 1208 nam
1132 1151 1324 1224 praeripuerat.
1342 1148 1419 1204 stab
1433 1148 1562 1220 ipsusne
1580 1146 1680 1219 rapina
1695 1146 1809 1218 publice
1824 1161 1855 1200 se

209 1253 317 1308 timodo
331 1253 479 1325 utriusque
489 1269 571 1307 sexus
582 1252 752 1318 testimonio,
765 1250 937 1306 sacerdotale
949 1267 1013 1322 pro·
1052 1240 1240 1298 confitebatur
1262 1237 1409 1296 coarctari·
1436 1237 1476 1292 De
1499 1235 1646 1292 latrocinio
1666 1252 1719 1290 suo
1738 1241 1854 1306 gustare

210 1347 305 1399 morus
319 1348 362 1398 est
375 1342 409 1396 ea
423 1342 555 1398 rimorum.
574 1342 664 1398 simut
684 1357 749 1396 vero
769 1346 801 1396 ut
817 1346 876 1396 ram
896 1339 1010 1396 rubrum
1052 1347 1108 1386 non
1124 1329 1225 1402 potuit,
1241 1336 1271 1384 et
1284 1327 1350 1400 quia
1360 1331 1488 1382 sancum
1502 1325 1678 1380 saceraotem
1692 1324 1799 1395 iniuste
1813 1324 1854 1377 in·

209 1438 357 1504 promntus
374 1436 418 1486 est
434 1430 575 1503 dignitati,
596 1437 703 1503 quanta
724 1447 826 1502 corpus
846 1447 929 1486 suum
949 1447 1011 1502 par.
1051 1418 1231 1493 sequebatur,
1245 1415 1487 1472 condemnationis
1499 1431 1558 1470 sure
1571 1414 1726 1486 periculum
1738 1413 1855 1483 impune

210 1519 332 1574 cimoaia
347 1521 541 1584 maceraverit,
566 1519 628 1593 quis
651 1525 746 1592 posset
766 1519 924 1592 explanare.
949 1519 1011 1592 lpse
1052 1525 1109 1564 non
1133 1501 1231 1562 evasit·
1255 1505 1441 1577 Adiudicatur
1468 1519 1536 1574 ergo
1561 1503 1620 1573 jam
1645 1505 1801 1574 cogebatur
1820 1501 1857 1556 nd

211 1607 325 1680 qiua-en
349 1608 438 1664 muru
451 1625 481 1664 re
503 1609 633 1679 affligens
652 1609 833 1674 abstinentia,
854 1607 1012 1664 esurientes
1053 1591 1643 1670 suppliciumcurnererusipsesacerars
1656 1608 1688 1646 ex
1704 1591 1856 1662 inrprorisa

210 1695 368 1764 reficiebat;
381 1698 480 1752 sitiens
488 1697 557 1769 ipse.
569 1698 698 1753 sitientes
707 1697 893 1758 refocillabat:
910 1698 1009 1758 nudos.
1052 1703 1213 1752 acellfffnsr
1231 1685 1333 1740 ffli⁵el⁰
1347 1686 1439 1739 iatius
1451 1689 1496 1738 ⁶⁸²
1510 1681 1730 1736 munimentum·
1751 1679 1860 1735 M²ffl⁰f

210 1801 270 1842 tum
284 1801 340 1840 non
352 1803 468 1858 parcens
478 1787 611 1842 nuditati.
626 1787 844 1842 misericorditer
860 1786 1008 1848 vestiebat:
1021 1762 1189 1848 ntiquldem
1212 1773 1264 1828 Dei
1285 1789 1381 1828 Sett'US
1406 1770 1556 1826 Dosslfissicae
1581 1769 1728 1829 milonis·
1750 1768 1780 1822 in
1802 1782 1860 1840 qut

208 1881 238 1929 et
252 1874 363 1930 omissis
378 1875 421 1930 sui
436 1893 607 1948 suorumque
627 1877 732 1940 usibus,
749 1876 885 1947 quidquid
898 1876 1011 1931 sibimet
1051 1880 1185 1920 ⁰ffl¹¹¹⁸¹⁸³
1204 1883 1214 1912 ⁴
1235 1862 1352 1917 Dinritte
1367 1859 1456 1914 ¹¹⁰¹’i⁸·
1483 1858 1556 1913 ⁸5⁰¹st
1571 1865 1600 1912 02
1615 1874 1665 1913 ¹²⁰⁸
1686 1856 1861 1912 diminitum

209 1963 355 2035 subripere
384 1972 503 2036 poterat.
530 1966 700 2037 pauperibus
718 1975 744 2020 et
767 1965 863 2036 egenis
892 1965 1011 2036 benigne
1051 1952 1225 2008 debitoribus
1242 1951 1362 2015 sssstifisl
1386 1947 1651 2007 ’i'ixdesslassibui
1671 1945 1862 2016 ffflbft'il)uit

211 2053 394 2124 largiebatur.
413 2053 562 2126 Pristquam
575 2072 641 2126 ergo
661 2055 702 2109 rir
718 2055 815 2110 beatus
829 2054 1007 2124 dignitatern,
1051 2042 1259 2113 insequentium
1273 2058 1279 2093 :
1293 2039 1450 2111 blandeque
1460 2054 1491 2092 ac
1501 2035 1810 2094 leniterdemalcendo,
1823 2033 1859 2087 ab

212 2148 245 2199 ut
266 2143 441 2212 partulibatum
464 2153 516 2203 est,
532 2145 651 2215 arleprus
673 2153 716 2198 aar
734 2144 894 2204 carceratam,
909 2145 1009 2199 divim
1051 2132 1104 2186 bac
1119 2147 1182 2186 earn
1196 2131 1276 2202 rulpa
1293 2130 1448 2182 clerrrenter
1462 2125 1696 2187 rrbsotriteteurn
1712 2123 1862 2178 sir-ureret

210 2231 511 2302 dispositiorrisgratia.
521 2233 687 2287 nmltiruoda
697 2233 896 2288 miraculorum
909 2234 1011 2288 meruit
1052 2228 1170 2275 Onustus
1181 2217 1259 2273 abiit?
1272 2218 1358 2272 libere
1374 2214 1512 2288 lttfmssil·

210 2319 401 2376 declaratione
416 2321 562 2392 publicari.
587 2323 659 2378 treus
673 2322 823 2394 siquidem.
844 2324 926 2394 cnjus
953 2324 1011 2394 ipse
1092 2311 1136 2367 ¹¹-
1157 2310 1215 2366 rrae
1230 2310 1328 2364 carram
1347 2305 1481 2372 perrierus
1498 2303 1540 2358 vir
1554 2308 1668 2358 unctus
1689 2303 1861 2374 plerumque

212 2407 318 2462 sanctis
333 2405 556 2462 institutionibus
572 2406 688 2462 viriliter
711 2406 871 2462 elaborabat
887 2407 1010 2473 obedire,
1053 2407 1082 2454 θῑ
1096 2399 1124 2454 in
1139 2399 1209 2452 alios
1220 2415 1286 2453 udus
1296 2405 1347 2451 est·
1357 2395 1484 2460 Quodam
1501 2410 1623 2465 nutuque
1639 2401 1778 2464 ternprre.
1793 2409 1861 2448 cunt

211 2511 263 2566 per
276 2494 365 2549 mutu
380 2511 444 2552 euru
460 2495 581 2567 insignia
596 2497 701 2551 inundo
715 2513 770 2551 non
789 2496 956 2567 dedrgnmus
971 2505 1014 2552 est
1055 2495 1137 2544 nor-tn
1155 2488 1228 2542 fatto
1243 2487 1315 2540 alius
1330 2503 1396 2556 apes
1411 2500 1477 2539 suas
1485 2477 1688 2554 sutrinensem
1703 2497 1773 2552 apes
1789 2481 1858 2552 inste

211 2581 365 2640 declarare.
1054 2576 1186 2632 instructi
1204 2576 1253 2630 riri
1267 2575 1411 2630 ultionem.
1430 2573 1534 2628 relictis
1558 2572 1631 2626 rasis
1649 2571 1709 2626 suia
1739 2571 1857 2625 malefa-

524 2671 642 2728 corut
661 2673 698 2728 11.
1054 2673 1158 2720 ctorem
1175 2665 1253 2719 iilum
1270 2663 1490 2734 circumquaque
1501 2662 1696 2730 diffugentem,
1717 2661 1861 2714 acerrima

1053 2763 1170 2808 eotenus
1186 2751 1648 2824 irretimulatiunepmrsrmutaesunt.
1659 2764 1808 2818 quousque
1825 2747 1862 2802 ad

211 2833 286 2888 Mira
300 2847 366 2902 erpa
376 2834 454 2901 sures
466 2833 660 2888 beneroleatr'o.
677 2833 743 2890 Atra
755 2834 895 2903 prodigia.
908 2834 1013 2904 Epiaco·
1054 2847 1198 2898 Sanctum.
1225 2841 1309 2896 vellet
1332 2840 1428 2902 rrallet,
1450 2839 1659 2910 regrederetum
1677 2843 1706 2892 et
1719 2837 1783 2907 ejus
1797 2853 1865 2909 pro·

490 2909 729 2974 putussusccptur.
1053 2928 1165 2982 volutus
1180 2927 1312 2998 vestigiis.
1328 2925 1494 2999 suppli··iter
1507 2942 1556 2997 pro
1569 2923 1720 2979 comrrrisso
1739 2923 1864 2978 crimine

247 3007 291 3068 l0.
308 3010 434 3084 Olintigit
448 3010 519 3066 forte
533 3011 588 3066 illis
599 3011 627 3066 in
643 3009 742 3066 diebus
760 3011 897 3066 latronem
913 3029 1013 3083 quem·
1034 3017 1163 3094 'nveniam
1189 3024 1362 3088 precaretur.
1386 3013 1436 3070 Cui
1462 3031 1524 3069 mor
1545 3020 1576 3068 at
1597 3022 1716 3067 >anctus
1740 3028 1862 3068 manum

212 3097 277 3155 dam
304 3099 407 3155 ineam
421 3101 548 3170 ejusdem
566 3101 661 3156 Sancti
677 3110 760 3156 noctu
777 3101 921 3174 irrupisse.
940 3123 955 3154 rr
969 3083 1180 3161 rit-Leaenae
1203 3104 1414 3162 benedictionis.
1433 3112 1462 3159 et
1481 3121 1548 3174 apes
1567 3109 1701 3176 tunquam
1721 3100 1861 3156 obedien-

211 3194 297 3260 teque
308 3205 372 3244 curn
387 3190 524 3244 ariditate
543 3205 611 3244 uras
625 3197 654 3244 et
666 3188 805 3261 palmites,
824 3197 854 3246 et
877 3189 1010 3263 quidquid
1055 3203 1098 3249 tes
1129 3196 1165 3248 ab
1197 3195 1259 3265 ejus
1290 3193 1464 3249 insecutione
1495 3199 1684 3250 cessaverunt.
1717 3196 1747 3246 et
1780 3191 1859 3246 anti-

211 3277 337 3350 arripere
361 3279 454 3350 potuit
474 3280 660 3334 irreverenter
681 3279 873 3352 discerpsisse.
895 3279 1014 3335 Secubat
1055 3300 1111 3356 quo
1125 3283 1231 3339 domini
1256 3283 1301 3338 sui
1324 3282 1450 3337 dominio
1471 3281 1616 3336 evidenter
1637 3295 1700 3335 sese
1724 3278 1860 3334 reddide-

210 3366 307 3439 gladio
324 3367 399 3438 quod
420 3384 504 3423 manu
519 3368 677 3439 discerpere
690 3385 746 3423 non
762 3375 881 3440 poterat,
897 3385 1015 3441 queque
1055 3380 1132 3429 runt.

212 3473 327 3511 manum
349 3458 467 3511 eradere
484 3465 623 3529 poterant,
641 3458 759 3528 pedibus
778 3459 926 3513 atterendo
951 3474 1014 3512 coa·
1095 3461 1125 3520 ll
1151 3462 1191 3517 Da
1203 3467 1285 3517 tauro
1297 3476 1420 3532 quoque,
1434 3459 1482 3531 qui
1503 3458 1529 3514 ei
1549 3457 1680 3514 simililer
1696 3457 1776 3513 furto
1795 3457 1864 3514 gut).

211 3546 350 3602 sulcabat.
367 3547 487 3601 Sanctus
511 3553 605 3601 autem
631 3547 779 3602 bladardus
804 3548 863 3619 ipsa
882 3547 1009 3602 fra-tussis
1051 3553 1125 3606 latus
1140 3561 1192 3614 est,
1216 3567 1270 3605 non
1288 3557 1331 3604 est
1346 3549 1507 3614 tacendum,
1533 3565 1567 3602 ue
1588 3547 1715 3601 nesciant
1739 3549 1861 3601 malefa-

212 3635 310 3691 eadem
341 3637 409 3690 bora
438 3635 528 3689 solitis
555 3635 737 3691 incumbebat
758 3636 947 3694 orationibus:
970 3644 1007 3701 et,
1051 3650 1153 3696 stores.
1180 3655 1276 3694 curam
1297 3655 1350 3692 norr
1377 3637 1513 3692 uindicem
1541 3637 1596 3691 Deo
1622 3653 1684 3690 esse
1704 3653 1792 3702 super
1813 3653 1864 3707 op-

212 3723 285 3779 sicut
298 3722 461 3794 hujusmodi
472 3723 553 3778 decet
564 3725 717 3786 honrinem,
729 3725 814 3779 ileum
828 3732 885 3779 tam
898 3743 947 3797 pra
959 3726 1011 3781 iui-
1053 3728 1198 3799 pressione
1212 3728 1337 3782 llrlelium
1352 3743 1467 3781 suorum
1493 3725 1617 3779 'faurum
1630 3725 1704 3779 illius
1716 3723 1862 3795 rrraligmrs

212 3812 293 3867 micis
303 3829 387 3880 quam
398 3830 447 3885 pro
457 3813 554 3868 amicis
566 3813 779 3886 deprecabatur.
791 3819 1010 3870 tiressetautem
1054 3817 1167 3888 quidam
1182 3817 1277 3872 terror
1292 3815 1319 3870 iu
1337 3823 1446 3870 exteras
1461 3813 1600 3868 abducere
1616 3830 1709 3884 paries
1726 3830 1861 3884 precum·

212 3917 309 3965 narsae,
339 3919 394 3957 non
416 3902 587 3957 dormitabat
612 3911 718 3966 tomen,
745 3920 834 3974 neque
856 3904 1013 3958 dorrrriebat
1054 3903 1862 3978 psrt.etneabaliquoinsequentiumdeprehenderetur,

210 3991 326 4064 pervigil
343 4001 437 4047 custos
452 3993 547 4046 lsrael.
568 3992 638 4048 Cum
659 3991 733 4046 enim
755 3993 841 4047 miser
861 3993 919 4064 ipse
940 3994 1011 4048 latro
1053 3994 1355 4066 trntinrrabulumquod
1371 4011 1386 4047 a
1402 3993 1473 4047 collo
1486 3991 1662 4062 dependebat
1674 4001 1856 4062 praereptum,

211 4080 302 4154 plenis
316 4082 407 4152 preda
419 4079 547 4135 manibus
560 4081 683 4152 allegere
694 4089 918 4135 corrar·etur·.tota
930 4091 1011 4136 rmcte
1054 4085 1140 4138 inulta
1162 4083 1300 4154 grurrrinis
1322 4081 1506 4154 irrrpressiorre
1528 4080 1676 4134 obstruxit.
1691 4083 1762 4133 Cum
1788 4097 1857 4148 erpo

210 4167 322 4224 vineam
350 4169 498 4234 circuiens,
525 4170 634 4224 aditum
661 4169 779 4224 exeundi
810 4170 933 4241 reperire
957 4187 1011 4225 uon
1053 4171 1383 4243 rrerrrineseinsequente.
1394 4171 1421 4225 iu
1435 4169 1546 4241 propria
1562 4169 1730 4235 dererrisset,
1745 4174 1775 4222 et
1793 4171 1862 4223 alie-

210 4259 319 4330 potuit;
345 4258 411 4316 imo.
437 4259 519 4312 vellet
542 4258 689 4317 nertstert
711 4275 799 4331 usque
814 4276 944 4313 auroram
960 4277 1012 4315 surr
1054 4279 1120 4317 uum
1141 4261 1210 4316 illuri
1231 4278 1315 4332 pecus
1331 4261 1391 4329 jam
1408 4275 1441 4314 ex
1455 4267 1532 4313 certo
1557 4259 1601 4312 sui
1621 4275 1683 4312 esse.
1703 4257 1781 4328 juris
1804 4275 1862 4312 non

211 4346 272 4420 ipse
285 4349 359 4403 furto
379 4348 533 4404 devinctus.
555 4346 659 4402 ibidem
681 4355 741 4402 tota
761 4347 820 4419 ipsa
846 4357 927 4403 nocte
952 4366 1012 4420 per·
1052 4351 1224 4423 desperaret.
1238 4348 1501 4404 intintinnabulum
1515 4347 1594 4408 illud,
1617 4347 1691 4418 quod
1713 4347 1754 4402 sic
1775 4349 1862 4400 dam-

211 4436 403 4502 mansit,Quid
414 4435 533 4508 ageret?
551 4439 575 4491 A
591 4453 702 4492 summo
717 4453 805 4508 usque
819 4437 853 4491 ad
867 4455 1008 4492 summum
1021 4439 1178 4505 linamrat,
1200 4439 1285 4493 rediit
1310 4438 1434 4504 souitus3
1456 4437 1526 4490 adeo
1551 4444 1583 4490 ut
1608 4435 1767 4506 ubieunque
1785 4441 1862 4490 esset

211 4525 321 4582 vineam
334 4532 394 4581 tum
407 4526 541 4597 rependo.
561 4532 621 4580 tum
636 4525 819 4580 discurrendo
834 4526 1007 4599 circumque·
1053 4529 1220 4599 repositum,
1235 4542 1264 4583 et
1274 4527 1382 4599 jugiter
1393 4533 1516 4589 sonaret,
1532 4535 1562 4580 et
1571 4526 1793 4596 circumquaque
1806 4539 1862 4576 au·

213 4630 268 4686 que
297 4615 477 4686 percurrebat
499 4632 505 4668 :
529 4614 674 4669 obstrusos
694 4613 745 4668 sibi
766 4615 891 4670 sentiens
910 4615 1011 4682 exitus,
1053 4617 1171 4672 diretar.
1188 4617 1322 4672 abditum
1339 4617 1440 4688 saepius
1460 4615 1488 4669 in
1508 4614 1645 4670 cubiculis
1661 4612 1861 4684 penetralium,

212 4701 316 4774 iniquae
330 4719 387 4758 sure
407 4703 513 4757 malitia
531 4702 706 4757 conscientie
727 4703 878 4758 admodum
902 4713 1013 4776 torque·
1053 4725 1082 4762 in
1096 4705 1199 4760 orinia
1215 4706 1255 4759 rel
1269 4722 1334 4759 area
1351 4707 1526 4776 frequentius
1543 4703 1730 4765 reconditum,
1747 4717 1864 4772 seraper

212 4789 304 4847 batur.
327 4792 411 4846 Miser
432 4793 491 4862 ipse
507 4808 573 4846 urus
588 4808 659 4862 quas
673 4791 852 4864 decerpserat
869 4793 1012 4848 dimittere
1053 4802 1147 4849 tumen
1171 4804 1200 4848 et
1225 4793 1328 4864 ubique
1345 4793 1489 4848 liberrimo
1512 4793 1616 4857 soram,
1639 4791 1758 4844 latr-onis
1784 4791 1862 4844 illios

212 4896 268 4935 non
284 4887 406 4953 prterat.
418 4879 474 4934 imo
485 4887 619 4952 tanquam
640 4881 768 4952 proprias
782 4883 816 4935 ad
828 4890 1010 4952 augmentum
1052 4883 1225 4938 declamabat
1237 4881 1385 4952 llrrgi‘ium.
1403 4881 1562 4937 rediebam
1577 4879 1658 4934 ricini
1674 4888 1702 4933 et
1713 4880 1858 4934 raimbau-

208 4969 308 5041 judicir
320 4969 364 5024 sui
380 4985 523 5024 resecrare
537 4967 690 5040 cogebatur
719 4971 829 5025 Aurora
848 4971 935 5040 igitur
948 4970 1011 5025 illu·
1052 4981 1112 5039 tur;
1133 4971 1198 5043 quid
1215 4979 1309 5026 tarmn
1325 4987 1369 5024 res
1379 4970 1566 5042 praetenderet
1586 4969 1705 5024 necdum
1721 4969 1856 5034 scientes,

211 5067 348 5126 cementa,
364 5059 495 5114 crrsmdes
510 5059 603 5112 subito
618 5058 806 5124 conveniunt3
823 5061 932 5114 rineuru
946 5077 1011 5115 con·
1053 5077 1186 5131 nrugnum
1201 5059 1307 5132 aliquid
1321 5059 1464 5130 designari
1487 5059 1708 5112 arbitrabantur.
1728 5057 1859 5110 Fraudu-

211 5152 361 5207 oulcutarn.
378 5148 508 5221 palmites
528 5147 681 5220 disruptos,
702 5148 928 5221 vindemiamque
946 5149 1011 5204 irre-
1053 5151 1146 5205 lentus
1160 5149 1273 5204 deinum
1285 5149 1483 5212 latro,saadiu
1495 5157 1586 5203 tortus
1598 5146 1854 5204 corrscirntia,cum

211 5239 507 5296 verenterdesecatam
520 5237 713 5308 reper·iunt:et
723 5253 738 5290 e
748 5235 1010 5308 vestigiolatronem
1050 5239 1108 5309 jam
1125 5254 1156 5293 se
1166 5247 1302 5310 protento
1312 5238 1446 5292 rrriraculo
1456 5237 1713 5307 divinajudicaturo
1724 5234 1860 5304 pertime-

210 5327 429 5400 oircumquaque
448 5327 636 5398 insequuntur
672 5325 851 5398 stupefactus
881 5326 1009 5382 nimium.
1053 5336 1144 5383 sceret
1158 5329 1186 5382 in
1206 5336 1364 5399 praesenta,
1387 5325 1485 5381 anricis
1502 5325 1561 5380 suia
1581 5332 1611 5380 et
1629 5323 1772 5380 alliniirus.
1792 5323 1859 5394 quia

210 5426 307 5490 raptor
320 5417 425 5476 infelix,
440 5415 548 5472 latebat
571 5415 600 5469 in
625 5413 715 5482 vinea,
738 5431 821 5486 quern
844 5432 894 5470 sua
925 5417 1012 5488 ipsius
1050 5418 1109 5489 jam
1126 5418 1217 5472 celare
1232 5433 1287 5471 non
1306 5422 1427 5489 puer-at.
1443 5415 1593 5470 faotionerrr
1611 5416 1683 5469 banc
1698 5411 1860 5482 flagitiosis·

211 5507 470 5579 rapiaa.tanquum
482 5505 541 5575 jaro
555 5504 713 5575 judicatum
728 5506 1012 5577 perrecondemnare·
1053 5507 1153 5562 simma
1168 5503 1388 5578 larryrrmbiliter·
1401 5504 1545 5560 disseruit.
1572 5510 1717 5556 eteorum
1736 5501 1857 5572 sapienti

211 5601 265 5652 rat.
282 5594 407 5652 Tenebat
421 5593 536 5666 quidem.
548 5609 675 5665 rapinam
689 5592 718 5648 in
735 5595 874 5656 manibus,
887 5596 942 5649 imo
953 5595 1012 5668 ipse
1054 5613 1121 5651 usus
1135 5593 1262 5659 consilio,
1279 5594 1307 5648 S.
1325 5592 1467 5658 blederdo,
1484 5590 1558 5664 quod
1576 5587 1860 5660 malignedefrauda·

213 5699 297 5741 arua
308 5681 398 5754 ipsias
413 5682 513 5764 raplna
526 5683 692 5749 tenebatum
707 5683 818 5740 nudum
833 5684 894 5758 jam
907 5683 1012 5742 misero
1053 5695 1143 5753 verat,
1159 5681 1324 5756 suppliciter
1333 5681 1467 5738 restituit.
