3896 6170
121 267 189 336 itii
642 267 854 335 cosmum
873 271 1045 336 HimdUd.
1068 309 1095 321 --
1116 277 1185 335 HR.
1206 277 1244 336 11.
1691 275 1764 338 titt

120 403 165 458 die
185 402 319 458 obierint.
335 403 471 460 Sacerdos
489 405 673 471 duismense
690 401 1122 474 quintemunus·Atebnlsteii
1142 403 1228 456 medo
1246 417 1301 474 quo
1322 403 1358 457 ed
1376 401 1528 458 &euntem
1548 406 1655 475 percuti
1676 407 1758 474 solet,

118 493 241 564 quisque
255 493 370 558 finierit,
385 493 487 548 eedem
501 487 546 548 die
563 493 591 548 in
607 494 728 565 capituto
745 494 916 564 pronuntiet,
965 490 1121 562 permitur
1136 491 1169 554 tei
1183 496 1279 544 temen
1295 491 1396 546 fratres
1410 491 1440 546 in
1458 491 1554 563 eliquo
1568 494 1700 564 predicto
1715 507 1762 550 orh

118 587 151 637 nt
164 582 195 637 in
210 583 335 638 crastino
348 583 422 638 eiius
434 582 559 654 incipiet.
571 583 725 653 suoiQuod
737 589 767 637 et
777 594 828 654 pm
842 582 922 637 nuile
960 580 1030 634 dine
1052 580 1088 634 sd
1102 567 1225 651 pne'sees
1240 595 1297 634 non
1312 584 1379 635 sunt
1391 582 1531 651 occupati)
1545 599 1551 634 :
1569 588 1597 637 et
1606 591 1762 641 consensis

116 687 247 744 unquam
255 671 405 728 festivitate
412 672 620 738 intermittitur,
629 672 750 743 exceptis
758 685 808 743 per
815 685 921 726 senum
963 687 1026 724 curn
1040 674 1120 724 tenta
1135 669 1201 724 iiiuc
1214 669 1394 724 festinatione
1412 671 1510 737 currit,
1524 677 1633 742 quante
1648 672 1763 730 festinet

116 773 167 816 sex
180 762 292 828 dicim,
303 761 317 788 ³
327 761 490 816 Netivitotis
500 761 624 823 Deruini,
636 751 788 815 Dominicis
797 775 923 814 resume
963 759 999 813 sd
1009 758 1175 814 morientem
1193 759 1763 832 canendovidelicetsymbciumiidci.Ve-

115 851 233 918 sticnis,
244 855 274 906 tt
284 831 344 906 'tuis
357 849 448 906 tribus
462 849 570 911 diebus.
584 851 630 920 qui
642 849 855 904 resurrectionis
869 847 923 904 iic·
963 863 1027 903 rum
1041 848 1064 902 ei
1086 848 1180 902 obitus
1195 849 1255 918 ejus
1269 848 1348 920 prins
1363 849 1391 904 in
1411 849 1535 920 capitulo
1551 852 1760 922 pronuntiatus,

119 941 256 995 minitant
271 939 451 1005 antecedent,
465 945 495 994 et
511 939 540 993 in
556 939 601 993 die
620 943 717 993 sancto
733 936 921 992 pentocostes.
964 943 1028 1008 post
1038 937 1191 1008 capitulum
1204 953 1261 992 non
1276 938 1442 1008 percutitur,
1453 939 1502 993 sed
1516 945 1669 996 cenventus
1680 943 1762 1012 pete

120 1018 237 1094 Quodsi
250 1030 322 1084 sorte
335 1029 398 1101 quis
412 1043 510 1083 eorum
519 1028 646 1099 uliq'oem
658 1045 690 1082 ex
703 1027 748 1083 his
758 1027 922 1099 neglexerit,
965 1027 1066 1081 tentim
1078 1025 1221 1093 incedens,
1242 1041 1372 1098 vesperos
1391 1028 1586 1084 defunctorum
1600 1034 1705 1086 tentet*
1721 1033 1762 1086 ue

121 1119 205 1172 senis
217 1119 316 1190 petite,
330 1119 459 1173 eumdem
468 1117 587 1190 impiere
594 1116 710 1188 jubetur
721 1135 727 1171 z
739 1117 855 1188 insuper
864 1131 923 1188 poe·
965 1121 1064 1170 cetere
1077 1115 1168 1170 eidem
1183 1117 1343 1186 peremnis
1360 1117 1561 1189 sicut’prmiote
1575 1104 1706 1178 deiuneto
1719 1126 1764 1176 est

120 1207 252 1282 nitentia,
263 1223 324 1280 quse
335 1207 422 1279 priori
434 1207 494 1261 vise
504 1207 599 1272 inerit,
613 1207 657 1260 iiii
669 1206 925 1278 injungentium
965 1204 1115 1275 egendum.

121 1311 207 1370 quern
221 1303 316 1351 eutem
330 1297 436 1351 eedem
452 1296 543 1350 unisset
558 1295 705 1361 finientur,
716 1295 794 1366 prior
806 1296 831 1348 ei
844 1293 925 1352 obse·
1258 1295 1375 1352 OAPUT
1394 1295 1476 1350 Lxx.

120 1369 260 1440 lotionem
273 1387 455 1471 imprecetur,
467 1385 541 1457 qnod
558 1386 643 1439 etiem
660 1385 727 1438 iecit
742 1383 874 1438 similiter
888 1383 924 1437 sd
1066 1379 1232 1446 Deductus,
1248 1387 1290 1438 oet
1305 1385 1394 1438 tricos
1408 1387 1478 1452 soris
1488 1387 1661 1455 sepeliendis.

121 1472 924 1547 tepituiumpriusquemsepeiiretur.inpmdicdsnutem
1000 1469 1010 1496 ⁶
1028 1472 1226 1544 utaliquando
1245 1473 1378 1538 evenerit,
1399 1479 1432 1528 ut
1449 1474 1505 1528 duo
1521 1475 1564 1530 vei
1581 1481 1640 1529 tres
1660 1475 1763 1533 irenes

121 1572 148 1619 et
162 1565 194 1619 in
207 1565 273 1618 sitis
286 1565 366 1619 'iestis
376 1562 577 1635 principatibus
588 1563 708 1617 officium
723 1561 922 1617 distinctorum
962 1562 1049 1616 simui
1063 1562 1121 1616 sint
1132 1562 1295 1634 sepeliendi,
1311 1567 1354 1620 tet
1367 1563 1521 1631 thuribula,
1533 1570 1575 1619 tot
1589 1578 1763 1622 enitescunt

120 1670 177 1708 non
193 1655 300 1729 egitur,
312 1653 364 1708 nisi
378 1667 479 1724 corpus
492 1652 521 1706 in
534 1652 663 1724 presenti
675 1652 821 1706 habentur.
835 1653 920 1722 (oce.)
963 1651 1147 1716 candelabris,
1158 1652 1331 1722 totidemque
1341 1652 1686 1718 secerdotessdhibentus,
1695 1661 1765 1727 quot

121 1743 299 1799 Vestimenta
308 1745 368 1813 cius
379 1743 559 1797 ecemererio
570 1747 758 1806 reserventur,
768 1747 801 1796 ut
810 1743 922 1795 cuicun-
932 1721 954 1784 Β
964 1746 1032 1796 sunt
1045 1740 1178 1795 defuncti.
1193 1741 1231 1796 lin
1246 1741 1348 1813 quibus
1363 1747 1459 1798 tamen
1468 1743 1600 1796 sacerdes
1613 1743 1764 1799 hebdomo·

122 1849 176 1906 que
187 1834 271 1888 fratri
285 1843 355 1905 opus
369 1833 464 1900 inerit,
476 1832 646 1888 tribuentur.
664 1832 800 1896 Quotiens
814 1831 922 1886 uenerit
965 1829 1063 1883 dorius
1075 1830 1214 1892 collectos,
1229 1845 1291 1901 que
1312 1831 1341 1890 in
1363 1832 1470 1902 cupeiie
1484 1833 1513 1886 e.
1530 1831 1624 1887 Maris
1638 1838 1705 1887 sunt
1718 1833 1764 1888 di-

122 1923 332 1977 ennirerserius
342 1924 412 1993 ejus,
423 1922 561 1977 ueletiam
574 1921 794 1992 uniuscujusque
805 1920 922 1992 proiessi
964 1915 1069 1984 cende,
1079 1919 1156 1982 dicit,
1167 1925 1196 1988 et
1208 1920 1306 1984 altere,
1317 1921 1449 1991 ipsosque
1459 1921 1606 1975 dsiirnctcs
1616 1921 1762 1978 incensore

121 2013 223 2072 nostri,
241 2011 345 2066 iterum
360 2001 509 2083 praebendo
523 2028 574 2066 sue
589 2009 703 2070 demitur
717 2010 752 2064 ad
767 2010 923 2082 eleemosy·
963 2007 1055 2064 debet.
1072 2009 1126 2073 Qui
1141 2009 1227 2063 etiem
1256 2009 1290 2063 sd
1318 2011 1493 2081 sepuitorem
1522 2015 1589 2070 sunt
1607 2011 1760 2068 deserendi.

121 2102 376 2179 nemMissersro,
386 2113 448 2172 quoe
458 2101 526 2155 item
538 2101 678 2155 contende
688 2105 732 2154 est
742 2116 791 2170 pro
802 2099 859 2160 ilic,
871 2099 924 2152 ali·
962 2098 1117 2151 secundum
1132 2104 1244 2169 tempus
1259 2097 1350 2153 obitus
1364 2100 1428 2167 sui3
1453 2113 1487 2153 eo
1502 2098 1633 2154 videlicet
1650 2100 1761 2168 urdine,

121 2191 236 2263 quande
244 2189 339 2262 eiiqus
348 2190 516 2245 necessitate
526 2190 688 2261 impeditur,
699 2189 748 2244 sed
759 2203 822 2243 cum
835 2187 925 2260 proxi·
964 2187 1059 2257 utqui
1075 2187 1153 2247 prius
1173 2187 1252 2246 obite,
1268 2187 1386 2242 ultimus
1408 2188 1437 2242 in
1458 2188 1635 2260 processione
1653 2189 1702 2256 sit,
1717 2201 1764 2244 se-
1797 2229 1801 2236 .

121 2275 166 2335 r'ne
180 2285 373 2351 opportunum
388 2279 473 2335 merit
487 2283 675 2335 restauretur.
966 2282 1070 2347 quente
1097 2276 1315 2331 hebdomadario
1337 2278 1493 2339 secerdote.
1519 2278 1677 2350 eidemque,
1701 2293 1764 2349 quse

399 2367 517 2424 OAPUT
536 2369 648 2426 LXVII.
965 2371 1032 2420 sunt
1053 2366 1097 2420 sui
1111 2365 1195 2421 offleii
1215 2366 1362 2422 exhibente
1378 2385 1384 2436 ;
1404 2367 1520 2438 reliquis
1539 2373 1635 2422 eutem
1654 2367 1764 2424 eiuobus

140 2459 178 2513 ite
193 2473 233 2524 eo,
251 2461 302 2526 qui
315 2459 347 2511 in
359 2459 459 2528 ulique
473 2459 608 2512 ostiorum
620 2463 781 2511 nostrornm
796 2459 904 2511 obierit.
965 2455 1050 2510 simili
1064 2455 1162 2510 ordine
1178 2456 1409 2526 precedentibus,
1434 2473 1466 2511 ec
1488 2473 1538 2528 per
1552 2457 1649 2512 omnis
1665 2457 1764 2512 mem

154 2539 841 2622 (ub.)Freter,qniedeliquemceliemnostrem,
855 2561 924 2616 que·
964 2544 1139 2600 iacientibus.
1161 2546 1254 2600 Finita
1276 2551 1372 2604 eutem
1394 2546 1511 2604 collecte
1534 2548 1715 2612 Teutomatus,
1736 2553 1765 2602 et

120 2651 235 2707 cunque
259 2651 292 2690 ex
314 2625 533 2701 consensisses,
560 2634 597 2690 ibi
621 2635 732 2700 obierit,
749 2634 787 2688 ibi
812 2651 923 2706 quoque
965 2634 1108 2688 sacerdote
1127 2633 1347 2692 hebdomadario
1370 2636 1405 2693 dc
1421 2636 1571 2707 sepulchro
1593 2653 1658 2694 cum
1680 2651 1764 2696 cruce

121 2717 240 2780 habebit
261 2726 380 2797 triginta
401 2726 512 2792 missae,
536 2726 690 2780 dummodo
712 2725 870 2780 sacerdotes
894 2725 924 2779 in
965 2721 1129 2786 divertente,
1147 2729 1174 2777 et
1187 2729 1252 2778 ente
1265 2725 1412 2794 capellam,
1428 2729 1545 2796 quaeest
1559 2725 1589 2778 in
1604 2725 1697 2780 medic
1711 2743 1764 2780 coe·

121 2814 183 2869 loce
204 2815 273 2882 sint,
290 2820 322 2869 nt
336 2815 388 2870 hoc
404 2815 465 2870 fieri
480 2816 578 2886 possit,
594 2820 623 2870 et
635 2820 745 2878 cetere,
762 2829 824 2886 que
838 2829 924 2886 snpra
965 2809 1076 2866 meterii
1099 2811 1278 2878 subsistente,
1300 2819 1329 2867 et
1351 2813 1410 2877 isti,
1426 2821 1511 2884 etque
1525 2829 1599 2868 unus
1613 2827 1630 2868 e
1644 2813 1760 2881 dextris,

121 2903 259 2970 memini;
274 2903 359 2975 (ear.)
370 2905 414 2959 sin
428 2910 523 2959 eutem
538 2905 612 2976 apud
628 2921 684 2958 non
693 2903 797 2974 egitur.
811 2904 845 2958 Et
860 2916 924 2957 cum
965 2899 1068 2954 alters
1089 2901 1210 2955 sinistris
1230 2899 1400 2957 cciietereiis
1421 2903 1598 2960 associentur
1611 2902 1662 2970 itti,
1679 2907 1708 2958 et
1723 2903 1764 2958 ita

121 2991 271 3048 advenerit
280 2993 372 3048 brevis
382 2995 443 3065 ejus
452 2993 645 3065 depositionis.
655 2993 750 3064 agitur
760 3007 810 3064 pro
819 3007 853 3047 eo
861 2991 924 3046 ciii·
965 2989 1162 3058 consistentes,
1183 2990 1272 3048 donec
1290 2990 1365 3048 idem
1381 2992 1510 3046 sacerdos
1527 2993 1683 3056 coiiectem,
1703 2987 1764 3047 Titi

122 3082 198 3136 cium
210 3089 239 3136 et
251 3081 338 3136 misse
350 3083 437 3152 signis
447 3081 576 3136 omnibus
589 3081 715 3153 pulsetis,
731 3081 803 3136 etde
816 3055 954 3154 reiiquoC
965 3078 1090 3140 licetine,
1102 3085 1167 3142 etc..
1180 3095 1233 3150 pro
1248 3080 1354 3134 eisdem
1368 3079 1507 3134 defunctis
1521 3081 1709 3135 communiter
1722 3080 1764 3135 di·

122 3171 260 3242 utrinqtrt
273 3175 303 3225 et
317 3171 366 3236 ibi,
380 3171 428 3226 ubi
442 3172 569 3250 sepultus
583 3175 636 3232 est,
648 3181 677 3224 et
687 3171 762 3242 epud
776 3187 828 3225 nos
840 3185 924 3242 egen·
964 3165 1012 3230 eit,
1026 3166 1074 3238 qui
1089 3169 1118 3221 et
1131 3168 1206 3222 illem
1222 3182 1229 3216 ε
1245 3171 1323 3232 neos,
1334 3173 1416 3238 cttjus
1430 3173 1627 3234 misemtionis,
1639 3183 1691 3243 pru
1702 3181 1764 3225 sm·

120 3259 339 3314 dusesteodem
346 3259 429 3315 modo
436 3261 612 3332 septenarius
620 3259 794 3332 ejus,eddiie
802 3260 925 3332 praeben-
964 3255 1048 3310 nibus
1060 3256 1107 3310 uio
1122 3257 1240 3329 sepultis
1255 3257 1326 3312 nnis.

121 3349 167 3415 de,
185 3353 217 3406 et
229 3349 340 3421 psalm
355 3349 437 3404 Verbo
449 3365 509 3403 meu
520 3357 571 3420 per
584 3349 702 3420 triginta
714 3349 783 3404 dies.
798 3351 811 3378 *
826 3349 860 3403 Et
872 3365 924 3404 en·
1249 3347 1366 3403 CAPUT
1384 3349 1480 3404 cxxi.

121 3437 298 3492 niversenus
307 3438 367 3508 ejus
382 3437 535 3509 insuperin
545 3437 643 3508 regule
654 3436 728 3493 inter
739 3437 808 3492 siios
823 3437 924 3494 iratres
1117 3435 1153 3489 lie
1164 3437 1260 3490 sedete
1274 3437 1308 3490 ab
1323 3435 1374 3491 doc
1386 3440 1445 3492 otto
1459 3441 1610 3506 miscente.

120 3533 237 3582 nostros
252 3526 393 3581 scribitur.
1003 3525 1068 3593 tuuc
1080 3525 1170 3596 Super
1184 3525 1242 3580 hoec
1254 3525 1351 3580 omnic
1364 3526 1468 3582 domno
1480 3526 1577 3582 ebbeti
1589 3543 1623 3583 es
1636 3529 1689 3584 hee
1702 3530 1762 3590 site

394 3631 513 3690 CAPUT
531 3631 655 3690 vappp
963 3610 1111 3669 decedenti
1125 3616 1260 3670 istasunt
1272 3616 1391 3686 egendo,
1407 3617 1506 3671 tandiu
1520 3617 1685 3674 inhumatus
1695 3619 1760 3687 erit,

119 3725 197 3791 Ouid
218 3727 268 3792 flet
280 3737 332 3794 pro
347 3739 384 3791 eo,
401 3727 451 3792 poi
459 3725 537 3792 epod
551 3739 608 3786 nos,
622 3727 726 3778 nostris
741 3724 771 3776 in
783 3726 867 3784 coitis,
882 3727 923 3778 sel
965 3720 1054 3776 ¹¹qu⁰
1068 3705 1135 3760 dum
1159 3705 1260 3759 fimes
1278 3710 1380 3760 ⁰⁰⁸²?ae
1395 3707 1621 3778 0⁰¹¹Si⁹8⁸fi⁰¹²5⁸
1636 3707 1762 3780 ΜΨ

426 3797 498 3849 otico·
510 3796 615 3849 obierit.
964 3793 999 3847 de
1014 3795 1190 3849 monasteriis
1204 3800 1233 3849 et
1247 3793 1324 3849 celiis
1335 3796 1483 3850 convenire
1495 3797 1615 3868 possint.
1624 3797 1763 3853 Tumulus

156 3883 310 3954 (eumenid
321 3884 407 3938 datin
420 3873 498 3938 cedis
510 3884 614 3938 nostris
625 3899 675 3954 pro
686 3883 809 3955 quolibet
824 3883 920 3950 fratre,
964 3883 1025 3952 ejus
1040 3881 1069 3937 in
1085 3884 1154 3952 ioco,
1172 3901 1254 3954 quern
1276 3883 1378 3938 merite
1401 3885 1462 3955 ejus
1486 3886 1601 3957 erigunt
1624 3888 1763 3955 (ornatius

119 3975 167 4044 qni
181 3973 260 4045 apud
274 3983 326 4027 nos
343 3975 389 4027 tei
404 3973 472 4028 aiibi
491 3973 603 4040 obierit,
620 3987 676 4028 non
696 3973 777 4028 iecile
791 3973 919 4036 dixerim,
962 3976 1058 4025 temen
1074 3987 1157 4044 quarn
1172 3973 1302 4036 eliorumt
1312 3983 1355 4027 est
1366 3975 1516 4044 parendus.
1536 3979 1615 4038 noemi
1631 3977 1664 4030 ln
1679 3992 1764 4048 quem

117 4063 173 4118 nisi
191 4063 306 4133 quando
321 4051 411 4117 brevis
426 4063 492 4118 iiiut
502 4063 620 4130 uenerit,
632 4063 730 4134 egitur
741 4061 877 4122 oiiicium,
895 4069 924 4118 et
964 4061 1147 4132 deponendus
1159 4063 1278 4117 vestitur
1292 4061 1422 4117 omnibus
1441 4063 1661 4118 sacerdotalibus
1675 4065 1763 4120 resti-

117 4153 284 4229 quicunque
299 4151 429 4207 sacerdes
443 4158 496 4218 est,
512 4157 609 4207 cantet
621 4155 680 4207 tres
694 4152 795 4206 misses
808 4167 858 4223 pro
876 4167 919 4218 eo,
963 4151 1076 4205 mentis.
1089 4152 1216 4216 Quotuor
1227 4151 1337 4218 fretrus,
1350 4151 1398 4222 qui
1411 4156 1527 4206 sentent
1537 4167 1633 4207 versus
1648 4151 1761 4207 iliorum

117 4247 145 4295 et
160 4241 213 4312 qui
242 4257 298 4296 non
321 4245 364 4296 est
378 4241 518 4306 sacerdos,
533 4247 646 4295 centum
666 4245 693 4294 et
715 4239 921 4312 quinquaginta
961 4239 1048 4294 trium
1071 4242 1324 4312 responsoriorum.
1346 4239 1628 4312 indutisentcuppis,
1644 4249 1674 4296 et
1692 4255 1762 4313 que-

118 4333 258 4404 psalmos,
267 4331 606 4386 euttoticnsiieminicem
615 4297 953 4399 cretionem.(uu.)'i¹e-D
963 4335 1039 4398 tuor,
1054 4331 1103 4402 qui
1115 4336 1229 4402 portent
1242 4345 1306 4385 eum
1323 4331 1359 4385 sd
1374 4331 1526 4388 tumulum.
1551 4330 1631 4386 cibis.
1649 4333 1661 4361 *
1676 4327 1762 4402 Virffi

118 4433 186 4477 men
206 4432 274 4475 rere
294 4425 363 4475 sunt
383 4422 444 4475 ioca
464 4420 523 4484 ilie,
538 4421 568 4474 in
583 4419 683 4491 quibus
703 4419 853 4491 prebende
867 4433 923 4474 non
964 4419 1113 4489 pestomiis
1122 4424 1233 4474 tuntum
1244 4421 1280 4474 ed
1289 4422 1352 4491 ejus
1363 4421 1493 4475 dextrum
1504 4421 1578 4476 istus
1587 4421 1760 4492 applicatum

117 4511 207 4565 detur
221 4525 272 4582 pro
288 4525 330 4564 ec.
343 4511 437 4565 'Nem
450 4515 479 4565 et
492 4511 521 4564 in
533 4509 699 4591 quibusdem
716 4509 801 4564 detur
813 4515 922 4582 septem
961 4509 1011 4562 sed
1021 4509 1092 4563 calix
1101 4510 1131 4564 in
1143 4521 1256 4564 menum
1268 4525 1324 4565 non
1333 4511 1425 4564 detur.
1438 4511 1492 4564 Per
1500 4525 1608 4565 annum
1616 4511 1762 4582 integrum

116 4599 233 4664 diebus,
250 4598 278 4653 in
292 4597 459 4671 quibusdem
472 4599 561 4653 etiem
575 4599 704 4668 triginta,
722 4605 751 4652 et
768 4609 879 4668 semper
892 4598 922 4652 in
963 4598 1051 4653 detur
1062 4599 1097 4652 ed
1109 4599 1315 4672 eleemosynam
1326 4601 1388 4670 ejus
1402 4599 1561 4670 prebente,
1570 4605 1640 4666 (uu.)
1650 4613 1705 4654 non
1716 4613 1760 4654 ss·

117 4689 316 4743 merserunt>
325 4689 386 4764 ejus
392 4693 528 4744 ‘etcaetere
536 4701 622 4760 supra
631 4687 705 4742 dicte
714 4700 765 4758 pto
773 4687 923 4758 coegende
963 4687 1021 4742 lum
1035 4689 1111 4759 apud
1126 4705 1186 4754 nos,
1200 4687 1249 4744 sed
1259 4689 1344 4744 etiem
1357 4689 1386 4742 in
1399 4689 1529 4743 omnibus
1543 4688 1722 4744 monasteriis
1732 4695 1761 4744 'et

115 4783 198 4842 suut,
207 4781 239 4832 et
254 4778 283 4832 in
299 4777 499 4850 martyrologio
510 4777 747 4832 mensurasse*
760 4777 818 4831 Hoc
831 4783 923 4830 totum
963 4777 1041 4831 celiis
1051 4778 1164 4842 nostris,
1175 4795 1237 4848 quae
1250 4784 1279 4833 et
1293 4791 1499 4850 sempersupes·
1511 4791 1640 4834 mensem
1655 4779 1760 4852 princi-

117 4867 290 4940 dispositum
301 4871 390 4934 est,et
400 4867 562 4942 ordinatum
573 4881 623 4936 per
633 4866 768 4920 domnum
779 4863 921 4932 abietem,
964 4867 1054 4938 polein
1067 4867 1194 4938 ponitur;
1211 4875 1239 4922 et
1254 4855 1370 4939 trigiste
1384 4867 1477 4924 misses
1486 4875 1638 4924 cantentur
1651 4869 1690 4924 ibi
1709 4886 1760 4940 pro

116 4957 189 5024 (emi
198 4955 353 5010 secundem
369 4955 444 5027 quod
454 4955 516 5026 ipso
527 4954 656 5025 ecgnotit
669 4953 883 5026 possibiiitetern
894 4960 923 5010 et
964 4971 1009 5022 ec;
1024 4955 1049 5009 si
1061 4961 1157 5010 temen
1166 4963 1234 5010 sunt
1246 4957 1417 5025 secerdotes,
1430 4957 1479 5030 qui
1488 4957 1542 5013 hoc
1556 4959 1699 5030 potuerint
1709 4948 1759 5012 'ex-

117 5043 288 5100 iucuitetern
302 5045 355 5100 ioci
370 5047 516 5117 cujusque.
962 5045 1040 5116 piere
1061 5043 1146 5115 teor.)
1158 5045 1224 5115 iius
1235 5057 1349 5118 qnoque
1362 5047 1581 5109 anniversarius,
1591 5047 1676 5101 etiem
1691 5043 1714 5099 si
1730 5045 1760 5098 in

410 5141 528 5208 CApUp
545 5145 640 5209 Lm
961 5137 1088 5206 ternpore
1096 5135 1218 5206 hyemali
1228 5136 1446 5207 postduodecirn
1453 5137 1587 5190 lectiones
1595 5133 1757 5198 occurrerit,

135 5243 175 5306 ile
191 5255 229 5304 eo,
245 5231 296 5312 qui
308 5240 400 5296 tubitet
414 5247 510 5300 morte.
525 5225 597 5311 quod
614 5233 693 5304 adsit,
708 5234 807 5296 obierit
822 5248 904 5302 entire
964 5223 1016 5277 ³¹⁰⁰
1028 5223 1110 5278 ’ΜΟ
1122 5223 1228 5294 flgitur·
1249 5225 1344 5282 P¹i¹ffl⁰
1359 5231 1391 5280 ut
1404 5226 1498 5280 (Μὴ
1514 5225 1593 5294 Βίὲΰῧ
1610 5224 1760 5294 Pflifflnffls

440 5317 606 5367 cicestrum.
897 5313 898 5318 ’
962 5313 1097 5384 prolixius
1112 5313 1147 5366 sd
1162 5326 1307 5384 vesperem
1320 5329 1372 5385 pro
1386 5314 1533 5376 defunctis,
1549 5313 1641 5383 quiet
1655 5325 1688 5366 se
1698 5311 1760 5366 sies

155 5401 921 5474 ‘Quodsimaequtssuuiuneenortepesussus
965 5407 1116 5456 contuntur
1128 5400 1158 5455 in
1173 5401 1268 5468 choro,
1280 5401 1443 5472 priusquam
1459 5401 1598 5471 processis
1613 5400 1663 5454 flet
1676 5400 1758 5456 edd.
1842 5455 1845 5468 ,

113 5493 197 5565 qued
211 5492 304 5548 absit!
320 5491 470 5563 remique
484 5490 567 5545 modo
581 5491 735 5561 negise'tus,
753 5497 830 5544 extre
845 5491 922 5545 deu·
949 5491 1092 5565 ‘Meriem-
1104 5493 1116 5518 *
1128 5490 1206 5554 Quod
1218 5497 1312 5544 tumen
1326 5489 1354 5542 in
1366 5495 1462 5544 aestete
1476 5505 1533 5543 non
1543 5494 1586 5544 est
1596 5489 1737 5560 egendum
1751 5509 1757 5545 2

114 5587 214 5638 struis
225 5581 340 5650 setene
355 5580 390 5636 sd
412 5581 599 5637 inditum-istd
614 5579 754 5646 defesse
769 5581 923 5652 statiuisque
964 5596 1032 5635 nem
1041 5579 1275 5650 tunchujusmodi
1285 5577 1492 5633 anniversarius
1503 5577 1680 5650 postiestum
1692 5579 1761 5637 duo-
