3872 6162
85 318 147 378 rosc
594 315 805 374 cossurus.
826 317 996 379 massus.
1018 351 1050 365 -
1070 321 1139 378 ua.
1159 322 1194 378 11.
1517 273 1521 284 ⁵
1641 315 1713 378 soso

83 443 161 514 rario,
182 443 232 514 qui
258 459 320 500 eum
353 440 503 509 adducent,
528 439 675 510 dissuitur,
700 441 1030 515 renibusqueAmissam
1056 446 1092 502 ad
1111 449 1237 502 sanctum
1251 442 1380 512 Mariam,
1396 443 1439 499 vel
1453 443 1576 511 interire,
1590 443 1657 499 dum
1672 441 1713 500 ibi

82 538 266 604 competenter·
280 531 480 597 circumdatur,
497 531 592 602 sicque
604 531 662 586 alia
673 538 749 587 veste
764 549 816 586 sua
827 533 873 588 in·
914 536 1214 608 canitur,supervenit,
1226 533 1297 590 liber
1311 538 1375 606 post
1388 533 1568 604 Evangelium
1583 533 1619 588 ad
1629 548 1712 589 oscu-

81 623 180 690 duitur,
196 627 230 678 ut
253 621 276 676 si
297 623 369 676 forte
389 624 562 676 reservatum
583 619 720 691 judicium
739 620 874 693 jubeatur
913 626 1028 682 landum
1043 625 1070 682 ei
1083 625 1218 690 defertur,
1234 628 1263 680 et
1282 640 1335 696 pax
1349 623 1442 678 datur.
1459 622 1509 688 lbi,
1525 623 1569 676 vel
1587 620 1713 678 ubicum-

83 712 209 785 aco'perc,
222 711 282 766 sine
292 726 373 765 mora
384 710 471 782 possit
486 709 610 766 obedire.
915 733 970 786 que
983 716 1098 770 missam
1112 713 1202 784 audit,
1211 713 1350 778 sacerdos,
1366 711 1423 767 sive
1439 711 1574 768 diaconus
1588 709 1713 781 Evange-

381 799 503 856 CAPU'I'
517 798 566 854 xl.
914 803 983 860 lium
998 804 1132 873 lecturus,
1158 820 1188 858 eo
1211 802 1248 857 ad
1266 817 1330 858 euru
1345 817 1397 873 pro
1410 799 1603 856 bencdictione
1615 800 1711 870 vertit,

216 891 253 944 lle
264 891 434 959 promotione
448 889 574 955 fratrum
585 887 729 942 inordina
830 871 840 890 ⁸
915 893 969 950 nisi
984 895 1067 966 longe
1086 897 1211 948 remotus
1219 892 1265 946 sit.

115 981 125 1002 '
138 977 285 1051 Proprium
299 983 344 1032 est
354 975 451 1034 domni
464 974 573 1031 abbatis
589 977 743 1032 secundum
759 982 874 1034 seuten-
953 984 1010 1038 Hoc
1023 983 1052 1037 in
1068 983 1127 1053 eJ'us
1141 985 1280 1054 potestate
1294 985 1346 1042 est,
1361 995 1566 1052 quemcumque
1581 977 1711 1036 abbatem

84 1067 146 1122 tiam
162 1067 191 1122 S.
214 1066 357 1122 Benedicti
377 1067 460 1138 (nep,
482 1081 506 1119 0·
531 1063 575 1133 63)
596 1065 697 1120 fratres
721 1066 750 1120 in
776 1066 874 1122 ordine
914 1070 979 1128 talis
991 1071 1055 1136 loci,
1076 1071 1124 1144 qui
1147 1087 1180 1126 ex
1203 1074 1263 1125 toto
1284 1068 1465 1142 proprietatis
1480 1069 1544 1139 iure
1563 1066 1711 1140 principali

85 1169 253 1228 promovere:
264 1172 326 1226 quae
341 1155 469 1209 videlicet
483 1153 622 1225 promotio
641 1159 685 1210 est
701 1154 872 1225 hujusmodi.
915 1161 976 1215 1000
990 1166 1034 1215 est
1048 1160 1186 1226 subditus,
1209 1159 1233 1213 si
1257 1175 1370 1214 necesse
1392 1163 1445 1225 est,
1470 1158 1627 1230 deponere3
1645 1157 1712 1228 quia

85 1243 110 1300 Si
123 1251 234 1318 propter
246 1243 369 1316 aliquam
382 1243 578 1298 rationabilem
591 1259 705 1300 causam
720 1243 875 1315 quemlibet
916 1266 950 1304 ea
964 1249 1148 1322 promotionis
1164 1248 1310 1304 occasione
1324 1247 1490 1304 obedientiae
1504 1246 1640 1318 professio
1654 1261 1711 1302 non

85 1351 239 1388 conversum
252 1333 283 1388 in
305 1332 403 1388 ordine
416 1331 595 1404 promoverit,
611 1333 657 1388 hic
670 1332 774 1404 ubique
792 1333 872 1389 illum
915 1343 1075 1405 evacuetur,
1091 1354 1143 1394 nec
1154 1339 1255 1408 jugum
1271 1335 1454 1408 subjectionis
1474 1335 1621 1393 excutitur.
1635 1333 1711 1390 Telis

86 1422 202 1477 ordinem
217 1428 322 1490 servat,
337 1427 452 1493 excepto
467 1421 541 1493 quod
560 1421 590 1475 in
605 1421 722 1476 ccclesia
737 1422 811 1477 inter
824 1422 870 1478 lit·
914 1431 1008 1481 autem
1030 1425 1212 1498 depositionis
1232 1425 1286 1479 erit
1312 1425 1423 1480 modus.
1448 1424 1478 1478 Si
1507 1423 1664 1494 irreligiose
1683 1426 1712 1478 et

85 1517 178 1566 temtos
189 1527 248 1566 non
262 1517 328 1566 stat.
344 1511 420 1566 Nulli
436 1510 511 1566 euim
530 1511 565 1566 de
586 1511 727 1566 conversis
744 1510 784 1566 ibi
798 1511 872 1567 inter
913 1532 970 1570 non
984 1515 1137 1571 secundum
1152 1515 1279 1570 ordinem
1290 1519 1416 1569 nostrum
1432 1512 1540 1582 vixerit,
1551 1516 1580 1567 et
1591 1528 1642 1584 pro
1659 1512 1712 1566 hoc

85 1599 211 1655 litteratos
224 1600 319 1654 locum
334 1599 462 1654 concedit
479 1599 534 1653 nisi
553 1603 611 1654 tarn
630 1598 710 1654 bonae
724 1615 872 1655 conversa·
913 1605 1068 1660 cumomni
1087 1603 1248 1659 humilitate
1267 1619 1285 1657 a
1304 1600 1462 1658 senioribus
1476 1601 1536 1656 suis
1553 1600 1595 1655 bis
1611 1601 1653 1656 vel
1668 1605 1712 1656 ter

84 1688 176 1743 tionem
194 1691 222 1742 et
247 1693 306 1742 tarn
331 1692 466 1760 provectae
482 1685 573 1742 aetatis
593 1686 686 1751 fuerit,
703 1687 1101 1759 cantumqueBcommonitus
1123 1690 1319 1762 incorrigibilis
1341 1690 1475 1756 extiterit,
1489 1693 1557 1744 tunc
1576 1689 1613 1744 ad
1633 1687 1712 1744 dom·

84 1777 208 1844 didicerit,
224 1782 260 1832 ut
279 1777 413 1849 psalmos,
439 1777 558 1848 hymnos
582 1779 611 1830 et
625 1776 803 1847 responsoria
818 1777 871 1832 rite
912 1797 979 1836 num
995 1779 1125 1836 abbatem
1141 1797 1186 1836 res
1199 1779 1375 1852 respicit3its
1385 1778 1502 1842 ut,dum
1516 1776 1639 1849 primum
1649 1776 1710 1831 deri

85 1865 199 1936 psallere,
215 1864 424 1937 lectionemque
436 1864 530 1936 legere
544 1865 662 1919 noverit.
680 1865 760 1919 Hunc
774 1865 868 1932 talem,
913 1875 1080 1941 potestant
1097 1869 1157 1942 ipse
1179 1869 1215 1924 ad
1233 1869 1307 1934 illos,
1323 1873 1373 1923 eut
1386 1867 1428 1923 illi
1446 1866 1585 1937 adipsum
1599 1864 1710 1920 invitati

85 1953 105 2007 si
114 1953 370 2026 videtur,permittit
382 1955 411 2008 in
424 1953 523 2008 eodem
532 1953 631 2008 ordine
639 1957 723 2020 stare,
738 1954 869 2022 inchoro,
913 1960 1034 2027 veniant,
1050 1963 1189 2030 quatenus
1207 1957 1272 2012 talis
1295 1955 1450 2028 pertinacia
1463 1971 1557 2010 coram
1572 1954 1633 2026 ipso
1647 1969 1712 2025 pro-

86 2059 157 2114 quam
170 2049 197 2098 et
210 2044 244 2098 in
257 2044 379 2116 capitulo
395 2043 533 2111 habetne
546 2044 575 2098 in
588 2042 871 2108 refectorioQuando
913 2047 1059 2114 clametur,
1073 2064 1106 2103 ec
1120 2047 1274 2103 secundum
1286 2045 1360 2117 quod
1369 2044 1442 2100 ratio
1455 2041 1712 2117 postulat‚resipsa

84 2137 165 2186 autem
182 2133 287 2204 aliquis
307 2139 496 2204 promovetur,
519 2149 562 2192 eo,
586 2133 712 2203 iuquam,
733 2139 871 2206 praesente
913 2135 1100 2193 communiter
1122 2136 1248 2192 discussa
1271 2135 1429 2190 dirimetur.
1444 2134 1471 2189 A
1488 2132 1642 2204 quostiam
1657 2129 1713 2202 pri·
1801 2193 1804 2198 ¹

84 2221 150 2290 cujus
164 2227 250 2276 autea
273 2221 377 2275 ibidem
393 2221 461 2276 ordo
486 2220 557 2284 suit;
580 2221 603 2275 is
616 2221 729 2293 quidem
743 2237 871 2276 reversus
913 2239 991 2276 mum
1015 2221 1135 2278 discrete
1159 2228 1331 2294 paterneque
1352 2219 1395 2274 bis
1416 2218 1460 2273 vel
1481 2223 1525 2272 ter
1549 2215 1711 2272 admonitus

84 2325 125 2362 sno
137 2309 193 2364 loco
207 2325 267 2364 non
284 2309 428 2380 privatur:
444 2309 500 2364 uisi
512 2309 632 2365 domnus
647 2309 734 2364 abbas
749 2325 812 2365 curn
827 2309 871 2364 di·
913 2311 1038 2366 adhibita
1053 2327 1163 2382 quoque
1174 2311 1322 2366 severitate
1332 2305 1525 2380 corripiendus
1545 2310 1597 2369 est,
1618 2310 1648 2359 et
1660 2319 1712 2359 nec

84 2397 116 2450 cit
130 2415 135 2448 :
143 2402 224 2466 jueta
244 2400 327 2452 illum
342 2399 430 2452 sedere
446 2417 454 2452 .·
470 2398 623 2470 subjungat
637 2401 669 2454 in
684 2401 811 2453 erunibus
832 2401 871 2453 lo·
913 2399 953 2455 sic
964 2403 1114 2467 correctus,
1132 2405 1201 2455 tunc
1219 2398 1333 2453 demum
1348 2396 1507 2469 deponitur,
1528 2399 1556 2450 et
1569 2395 1598 2449 in
1613 2393 1714 2465 priuci-

86 2489 123 2539 εἰς.
139 2487 165 2540 Si
177 2503 247 2542 vero
266 2503 388 2559 praesens
401 2493 453 2555 est,
465 2487 512 2560 qui
521 2488 600 2558 prius
613 2488 670 2542 illic
681 2486 810 2542 ordinem
826 2488 873 2542 lve-
913 2488 1005 2559 palem
1022 2488 1115 2543 locum
1129 2487 1273 2549 reductus,
1285 2485 1313 2540 in
1321 2485 1421 2540 ultimo
1435 2485 1579 2549 statuitur,
1596 2488 1626 2537 et
1632 2483 1714 2555 juxta

84 2572 144 2641 buit,
158 2577 203 2631 sed
230 2577 261 2632 in
284 2577 341 2632 alia
355 2581 436 2648 parte
452 2577 567 2648 capituli
580 2583 649 2632 tunc
668 2576 755 2642 sedet,
776 2583 873 2649 postea
914 2578 1029 2633 modum
1054 2578 1141 2648 culpa
1163 2581 1309 2630 tractatur.
1321 2573 1373 2630 Est
1384 2580 1413 2629 et
1425 2575 1480 2630 alia
1494 2589 1579 2628 cause
1592 2588 1643 2643 pro
1658 2587 1715 2643 qus

86 2679 163 2738 nuper
175 2671 306 2739 promoto
319 2665 436 2722 inferior
445 2666 513 2724 erit.
915 2667 1001 2720 etiam
1014 2665 1094 2720 nulla
1107 2669 1251 2737 praeeunte
1270 2663 1487 2720 commonitione
1501 2661 1604 2734 deponi
1618 2659 1714 2728 debet,

376 2753 494 2811 CAPUT
508 2755 571 2810 Xll.
915 2756 976 2810 sine
990 2755 1085 2826 aliqua
1098 2753 1286 2824 refragatione
1299 2772 1305 2807 :
1318 2753 1341 2808 si
1350 2752 1384 2806 dc
1395 2752 1488 2823 aliquo
1499 2749 1639 2805 criminali
1647 2765 1713 2820 pec·

300 2846 368 2899 Item
383 2845 415 2899 de
428 2847 528 2899 dovnno
542 2845 648 2898 aetate.
915 2851 978 2900 cato
992 2843 1105 2899 infamis
1115 2843 1240 2910 ellectus,
1249 2846 1278 2896 et
1291 2841 1318 2896 in
1329 2839 1476 2912 principali
1490 2840 1551 2895 loco
1563 2854 1648 2910 super
1661 2838 1714 2892 hoc

117 2933 176 3002 luo.)
185 2933 352 3005 Ubicunque
367 2933 525 3004 contigerit,
541 2937 574 2988 ut
589 2929 872 3004 colloquanturdom·
914 2933 1064 3000 discussus,
1075 2950 1105 2988 se
1119 2948 1251 2988 excusare
1263 2929 1428 3002 nequiverit,
1446 2927 1561 2984 omnino
1571 2926 1712 2998 deponen-

86 3021 227 3078 nusabbas
242 3028 271 3077 et
292 3023 396 3095 aliquis
419 3021 549 3090 fratrum,
563 3021 586 3076 si
610 3022 698 3077 frater
720 3027 818 3076 contra
843 3037 873 3077 se
915 3023 968 3078 dus
982 3027 1036 3091 est,
1059 3021 1144 3076 etiam
1171 3021 1194 3076 si
1219 3019 1289 3075 alias
1313 3018 1384 3074 bene
1406 3017 1514 3074 vixerit.
1538 3017 1575 3072 nt
1599 3013 1711 3086 siquod

89 3111 293 3166 commotionem
302 3112 364 3183 ejus
374 3109 503 3178 senserit,
511 3109 800 3180 continuoinlougum
812 3079 1079 3182 prochujusmodi
1109 3109 1215 3165 crimen
1235 3107 1332 3180 paucis
1350 3105 1503 3162 scientibus
1529 3103 1712 3166 commiserit,

86 3201 177 3252 atratus
189 3198 300 3254 veniam
315 3197 386 3270 petit
399 3216 406 3268 ;
428 3201 440 3223 *
454 3203 570 3270 excepto
585 3213 679 3252 coram
695 3197 874 3252 secularibus
915 3201 964 3256 sed
981 3217 1014 3254 cx
1033 3199 1133 3254 intimo
1153 3199 1234 3253 corde
1251 3203 1444 3270 compunctus,
1456 3195 1594 3268 poenitens
1609 3199 1637 3248 et
1649 3209 1714 3247 con·

86 3284 359 3343 hominibusviderit
372 3292 467 3343 autem
483 3286 569 3342 abbas
587 3287 655 3359 quid
677 3287 720 3342 vel
737 3292 874 3358 quantum
914 3289 1004 3346 tessus
1022 3288 1247 3344 emendationem
1263 3285 1455 3359 spoponderit,
1471 3301 1528 3339 non
1542 3281 1711 3356 deponitur;

87 3375 130 3429 sibi
142 3376 232 3446 liceat,
246 3393 284 3432 ne
293 3376 456 3448 huiusmodi
470 3377 560 3431 sancti
574 3377 668 3432 Patris
683 3377 773 3432 nostri
788 3376 876 3432 Bene-
915 3379 939 3433 si
967 3385 1062 3433 tamen
1091 3377 1162 3432 alias
1193 3375 1342 3431 honestam
1374 3392 1407 3431 ac
1439 3373 1602 3446 religiosam
1625 3371 1713 3428 vitam

87 3463 142 3519 dicti
153 3465 405 3522 metastransiliat.
422 3479 473 3522 uo.
489 3466 591 3520 Nullus
605 3466 689 3520 etiam
697 3465 801 3520 transit
809 3471 875 3520 ante
916 3468 1004 3523 duxit.

87 3567 142 3608 eum
154 3553 324 3626 ubicumque
354 3554 391 3609 sit
410 3553 546 3620 locorum,
566 3554 634 3626 quin
656 3553 771 3609 adeum
790 3553 875 3608 altius
949 3559 1010 3629 (uo.
1035 3563 1106 3620 vor.)
1130 3553 1164 3610 In
1183 3561 1332 3622 conventu,
1353 3551 1610 3608 sidomnusabbas
1625 3565 1715 3622 cappa

87 3638 197 3708 inclinet,
214 3645 226 3667 *
247 3641 304 3696 nisi
329 3639 494 3697 dormitorio
514 3645 542 3694 et
564 3641 593 3695 in
609 3641 735 3707 eeclesia,
749 3644 799 3695 eut
812 3645 876 3712 post
916 3646 1015 3712 utitur,
1033 3645 1257 3717 reprehenditur,
1280 3643 1387 3698 clericis
1405 3647 1433 3698 et
1445 3640 1602 3714 peregrinis
1615 3655 1715 3694 mouu-

86 3731 303 3786 mvrvmunionem
316 3729 352 3785 ad
365 3730 461 3785 Vinum
480 3734 573 3794 eunte·
591 3735 619 3784 θῑ
632 3727 803 3784 subdidwno
818 3734 875 3784 tex·
917 3733 986 3802 chis,
1001 3735 1048 3806 qui
1065 3735 1105 3789 ita
1117 3733 1225 3789 vadunt
1238 3733 1346 3805 pedites
1360 3731 1505 3788 nobiscum
1524 3730 1553 3785 in
1569 3727 1715 3784 relectorio

86 3821 136 3872 turn
153 3819 295 3892 Evangelii
310 3819 533 3874 circumferente,
554 3818 728 3889 Quicumque
738 3825 833 3874 autem
849 3817 875 3874 ei
916 3821 1119 3890 commissuris,
1140 3821 1199 3895 ipse
1218 3837 1321 3894 aquam
1340 3820 1376 3875 ad
1395 3835 1496 3874 manus
1514 3817 1666 3886 ministret,
1686 3821 1716 3872 et

85 3903 234 3978 obviaverit,
252 3907 300 3962 hic
324 3907 445 3962 multum
474 3907 586 3962 inclinis
614 3911 681 3971 stat,
702 3907 790 3962 donec
814 3906 875 3978 ipse
917 3918 1030 3984 propter
1044 3911 1096 3966 hoc
1107 3910 1302 3966 refectorarius
1318 3925 1429 3981 semper
1442 3909 1615 3980 inpromptu
1629 3905 1715 3962 habet

85 4001 261 4064 pertranseat.
272 4012 316 4052 uo.
330 3997 363 4051 ln
377 3995 494 4051 ccclesia
505 3995 579 4050 inira
592 3996 671 4050 illum
687 4000 743 4050 stat
758 3996 817 4068 ipse
828 4012 875 4050 se·
916 4001 1032 4056 baccina
1045 4007 1074 4055 et
1089 3999 1308 4070 vuanutergium,
1324 3999 1358 4053 de
1373 3997 1474 4069 quibus
1490 4002 1518 4052 et
1531 3996 1585 4068 ipsi
1607 3993 1712 4060 abbati,

85 4085 251 4140 cerdosalba
266 4085 348 4148 stola,
363 4085 406 4140 vel
422 4083 507 4140 etiosa
522 4101 611 4156 cappa
620 4084 745 4140 indutus.
756 4085 797 4140 nd
814 4101 876 4157 pro·
917 4107 981 4144 curu
1008 4105 1081 4161 opus
1112 4089 1206 4154 luerit,
1229 4087 1371 4142 servitur:
1389 4092 1418 4141 et
1441 4086 1512 4140 tales
1540 4099 1652 4154 semper
1677 4080 1714 4136 ad

85 4174 228 4230 ursionem
243 4175 274 4228 iu
288 4174 445 4241 Dominica,
459 4179 524 4228 ante
539 4172 647 4228 albatos
664 4174 808 4242 incedens,
823 4173 877 4228 vir-
917 4194 1043 4234 mensam
1061 4177 1244 4249 principalem
1269 4176 1377 4232 sedent.
1402 4173 1510 4238 Quibus
1528 4171 1625 4238 etiam,
1641 4169 1714 4226 sicut

84 4276 140 4330 ΚΜ
151 4262 323 4334 ΡᾶἓῑῠΜῙθῐΠ
342 4267 447 4334 imi,
464 4261 538 4332 quod
548 4267 577 4315 θῑ
594 4262 714 4315 inomni
727 4260 876 4315 duodecim
917 4267 1020 4322 domno
1034 4265 1130 4321 abbati
1145 4266 1231 4321 libere
1247 4265 1377 4330 servitur,
1394 4267 1508 4334 excepto
1524 4261 1599 4334 quod
1614 4261 1641 4314 ei
1655 4257 1714 4314 sin·

84 4353 222 4411 lectionum
248 4355 436 4428 processione,
457 4355 502 4410 cui
526 4354 656 4421 interest,
676 4354 813 4409 observat.
832 4354 875 4411 nd
917 4355 1055 4426 gulariter
1078 4365 1107 4410 et
1130 4355 1240 4426 saepius,
1258 4370 1342 4426 quern
1361 4351 1416 4407 illis
1441 4351 1570 4423 quaedam
1592 4347 1714 4404 admini-

82 4441 145 4498 hcnc
159 4451 267 4512 autem,
283 4461 344 4516 quae
358 4445 387 4500 in
398 4443 470 4500 albis
482 4443 586 4516 agitur,
601 4443 660 4516 ipse
676 4460 766 4517 cappa
775 4438 908 4511 utitur,D
919 4451 1054 4504 strentur.

83 4545 160 4601 quum
178 4539 277 4590 temen
298 4533 376 4588 exuit
397 4533 472 4588 iacta
485 4533 671 4606 processione.
693 4533 723 4588 Si
739 4533 875 4603 majorem
953 4535 965 4558 ⁶
979 4533 1094 4599 Quoties
1108 4533 1143 4587 ad
1154 4532 1286 4604 generale
1308 4529 1459 4604 prandium
1481 4531 1601 4584 tratrum
1618 4526 1714 4593 suerit,

81 4619 185 4676 missam
200 4621 262 4676 vult
275 4619 431 4689 celebrare,
445 4627 513 4676 tunc
535 4620 636 4675 stolam
657 4635 722 4674 cum
744 4619 844 4675 lenone
859 4637 876 4675 a
917 4623 988 4678 duas
1001 4622 1088 4678 libras
1100 4622 1254 4694 panisente
1264 4638 1293 4676 se
1304 4620 1541 4692 invenit,quarum
1555 4634 1642 4673 uuam
1651 4633 1715 4672 cum

81 4710 191 4764 sacrista
211 4709 266 4765 sibi
285 4709 400 4764 allatam
415 4709 546 4768 induens.
562 4709 681 4781 ipsemet
697 4709 811 4764 tertiam
824 4709 876 4765 im·
917 4712 1034 4768 scutella
1044 4711 1163 4782 alicujus
1172 4709 1258 4766 edulii
1270 4709 1530 4782 plena,quassrater
1540 4707 1581 4762 illi
1590 4706 1715 4762 serviens

79 4797 361 4871 ponit,eeques1nits
383 4797 412 4852 in
432 4797 561 4853 sacristia
575 4799 699 4852 casulam
715 4798 816 4855 induit.
833 4799 877 4856 Ad
917 4807 983 4858 ante
1006 4803 1093 4856 irater·
1113 4800 1229 4872 colligit,
1251 4799 1347 4854 addito
1365 4805 1394 4853 et
1409 4806 1487 4871 potu,
1502 4797 1586 4854 elicui
1599 4795 1718 4870 pauperi

79 4883 156 4956 hujus
185 4887 279 4942 ruisse
298 4887 506 4958 processionem
521 4892 615 4959 portat
632 4887 766 4942 diaconus
781 4888 877 4944 missa·
918 4890 1030 4946 assidue
1044 4889 1140 4945 mittit.
1154 4887 1230 4961 Ipse,
1245 4889 1346 4943 siadeo
1357 4886 1506 4953 invalidus,
1520 4891 1553 4942 ut
1565 4892 1630 4943 aute
1641 4902 1717 4942 men·

80 4972 129 5029 lem
149 4975 254 5030 librum
281 4975 318 5030 ad
343 4975 443 5031 altare.
467 4975 543 5032 Sella
566 4977 627 5047 ejus
645 4976 728 5047 juxta
746 4976 877 5032 dextrum
918 4997 978 5034 sam
993 4985 1058 5034 ante
1079 4984 1108 5033 et
1133 4981 1209 5033 retro
1232 4993 1289 5032 non
1309 4977 1416 5040 fecerit,
1438 4977 1560 5049 priorem
1574 4976 1717 5032 velalium

81 5063 201 5132 ejusdem
217 5064 316 5120 altaris
326 5081 414 5120 cornu
430 5065 471 5119 ita
485 5071 529 5120 est
540 5065 643 5136 posita,
658 5071 692 5120 ut
704 5065 791 5121 facies
800 5066 877 5122 illius
918 5070 1035 5124 tratrem
1051 5068 1162 5140 pulsare
1173 5066 1279 5122 scillam
1290 5067 1366 5133 facit,
1379 5073 1407 5122 et
1420 5083 1510 5138 usque
1523 5065 1590 5121 dum
1605 5071 1717 5136 tempus

83 5149 239 5209 edcbovum
255 5153 393 5210 sitverse.
407 5155 443 5209 nt
456 5153 480 5209 si
500 5154 619 5225 ipsemet
636 5154 753 5209 missam
763 5161 878 5211 cantare
919 5158 956 5214 sit
979 5157 1091 5212 dicendi
1113 5157 1272 5222 llcvvcdicr'te,
1293 5155 1387 5222 sedet;
1411 5155 1485 5227 quod
1500 5154 1561 5227 ipse
1574 5162 1670 5209 tamen
1685 5167 1719 5206 ee

83 5241 205 5310 voluerit,
221 5259 310 5315 cappa
330 5258 387 5297 una
407 5243 442 5298 de
465 5242 510 5298 his
531 5259 593 5314 quae
616 5249 683 5298 sunt
705 5243 821 5298 armarii
844 5243 880 5299 ab
921 5244 979 5299 vice
992 5243 1099 5315 primus
1118 5243 1225 5315 incipit.
1245 5242 1325 5308 Quod
1340 5243 1364 5298 si
1382 5243 1457 5296 inter
1470 5241 1618 5312 legendum
1631 5237 1717 5293 talem

85 5329 175 5386 eodem
206 5331 248 5386 illi
276 5331 412 5399 defertur,
432 5337 464 5387 ut
491 5348 543 5403 per
567 5349 632 5387 curn
659 5333 761 5388 chorus
787 5337 881 5388 tenea·
921 5333 1046 5388 sonitum
1060 5332 1166 5400 iecerit,
1188 5332 1236 5403 qui
1257 5331 1359 5402 dignus
1380 5331 1418 5386 sit
1437 5329 1527 5396 venia,
1545 5327 1718 5398 assurgendo

85 5425 136 5473 ΜΓ·
921 5427 1193 5478 contraconventum
1207 5420 1526 5487 inclinat,etconventus
1535 5422 1716 5474 contraeum.

15 5543 16 5580 3
117 5507 144 5564 Si
158 5525 222 5565 cum
237 5510 366 5583 episcopo
379 5509 421 5564 vel
438 5509 539 5565 abbate
548 5510 659 5582 uspiam
673 5515 756 5566 noctu
764 5511 877 5579 incedit,
920 5511 1055 5568 Sioutern
1081 5512 1137 5566 tale
1156 5509 1224 5582 quid
1247 5509 1377 5566 elluderit
1399 5509 1486 5562 trater
1509 5505 1562 5562 sibi
1581 5506 1716 5572 serviens,

88 5595 169 5666 ipsius
182 5604 295 5658 tantum
310 5601 586 5676 lucernautrumque
597 5599 738 5672 precedit.
758 5599 786 5656 Si
801 5601 880 5656 audit
919 5601 1029 5656 veniam
1040 5601 1120 5672 petit.
1136 5599 1190 5664 Qui
1205 5600 1290 5654 etiarn
1309 5597 1396 5652 freter
1417 5595 1562 5668 signorum
1582 5595 1622 5652 ita
1635 5593 1719 5651 debet
