<?xml version="1.0" encoding="UTF-8"?>
<!DOCTYPE html PUBLIC "-//W3C//DTD XHTML 1.0 Transitional//EN"
    "http://www.w3.org/TR/xhtml1/DTD/xhtml1-transitional.dtd">
<html xmlns="http://www.w3.org/1999/xhtml" xml:lang="en" lang="en">
 <head>
  <title>
</title>
<meta http-equiv="Content-Type" content="text/html;charset=utf-8" />
  <meta name='ocr-system' content='tesseract 3.04.00' />
  <meta name='ocr-capabilities' content='ocr_page ocr_carea ocr_par ocr_line ocrx_word'/>
</head>
<body>
  <div class='ocr_page' id='page_1' title='image "./patrologiaecurs92unkngoog_0768.png"; bbox 0 0 4046 6186; ppageno 0'>
   <div class='ocr_carea' id='block_1_1' title="bbox 158 305 1797 370">
    <p class='ocr_par' dir='ltr' id='par_1_1' title="bbox 158 305 1797 370">
     <span class='ocr_line' id='line_1_1' title="bbox 158 305 1797 370; baseline 0.001 -4"><span class='ocrx_word' id='word_1_1' title='bbox 158 305 229 366; x_wconf 72' lang='lat' dir='ltr'><strong>titt</strong></span> <span class='ocrx_word' id='word_1_2' title='bbox 684 311 805 370; x_wconf 80' lang='lat' dir='ltr'><strong>sunno</strong></span> <span class='ocrx_word' id='word_1_3' title='bbox 823 313 870 370; x_wconf 81' lang='lat' dir='ltr'><strong>DE</strong></span> <span class='ocrx_word' id='word_1_4' title='bbox 887 312 1051 370; x_wconf 75' lang='lat' dir='ltr'><strong>ANNUNT.</strong></span> <span class='ocrx_word' id='word_1_5' title='bbox 1072 313 1108 370; x_wconf 88' lang='lat' dir='ltr'><strong>B.</strong></span> <span class='ocrx_word' id='word_1_6' title='bbox 1127 311 1264 370; x_wconf 77' lang='lat' dir='ltr'>MARIAE.</span> <span class='ocrx_word' id='word_1_7' title='bbox 1724 309 1797 368; x_wconf 74' lang='lat'><strong>15³0</strong></span> 
     </span>
    </p>
   </div>
   <div class='ocr_carea' id='block_1_2' title="bbox 116 429 1807 4973">
    <p class='ocr_par' dir='ltr' id='par_1_2' title="bbox 116 429 1807 4973">
     <span class='ocr_line' id='line_1_2' title="bbox 155 429 1791 511; baseline 0 -22"><span class='ocrx_word' id='word_1_8' title='bbox 155 431 229 488; x_wconf 83' lang='lat' dir='ltr'><strong>aima</strong></span> <span class='ocrx_word' id='word_1_9' title='bbox 240 429 371 486; x_wconf 88' lang='lat' dir='ltr'><strong>videlicet</strong></span> <span class='ocrx_word' id='word_1_10' title='bbox 389 430 481 487; x_wconf 87' lang='lat' dir='ltr'><strong>Maria</strong></span> <span class='ocrx_word' id='word_1_11' title='bbox 493 434 630 506; x_wconf 72' lang='lat' dir='ltr'><strong>genitrice</strong></span> <span class='ocrx_word' id='word_1_12' title='bbox 643 435 755 492; x_wconf 87' lang='lat' dir='ltr'>Domini</span> <span class='ocrx_word' id='word_1_13' title='bbox 773 437 861 494; x_wconf 83' lang='lat' dir='ltr'><strong>nostri</strong></span> <span class='ocrx_word' id='word_1_14' title='bbox 878 437 1040 500; x_wconf 82' lang='lat' dir='ltr'><strong>JesuADei</strong></span> <span class='ocrx_word' id='word_1_15' title='bbox 1055 453 1088 494; x_wconf 89' lang='lat' dir='ltr'><strong>ex</strong></span> <span class='ocrx_word' id='word_1_16' title='bbox 1102 438 1209 511; x_wconf 80' lang='lat' dir='ltr'>Spiritu</span> <span class='ocrx_word' id='word_1_17' title='bbox 1221 441 1329 501; x_wconf 90' lang='lat' dir='ltr'><strong>sancto,</strong></span> <span class='ocrx_word' id='word_1_18' title='bbox 1343 435 1417 492; x_wconf 83' lang='lat' dir='ltr'><strong>fliius</strong></span> <span class='ocrx_word' id='word_1_19' title='bbox 1432 433 1556 490; x_wconf 88' lang='lat' dir='ltr'><strong>bominis</strong></span> <span class='ocrx_word' id='word_1_20' title='bbox 1566 433 1683 504; x_wconf 86' lang='lat' dir='ltr'><strong>virginis</strong></span> <span class='ocrx_word' id='word_1_21' title='bbox 1700 433 1791 489; x_wconf 83' lang='lat' dir='ltr'><strong>iactus</strong></span> 
     </span>
     <span class='ocr_line' id='line_1_3' title="bbox 156 521 1797 599; baseline 0.001 -23"><span class='ocrx_word' id='word_1_22' title='bbox 156 521 272 584; x_wconf 83' lang='lat' dir='ltr'><strong>Christi,</strong></span> <span class='ocrx_word' id='word_1_23' title='bbox 285 538 347 593; x_wconf 74' lang='lat' dir='ltr'><strong>que</strong></span> <span class='ocrx_word' id='word_1_24' title='bbox 358 522 393 577; x_wconf 88' lang='lat' dir='ltr'><strong>ad</strong></span> <span class='ocrx_word' id='word_1_25' title='bbox 406 524 595 579; x_wconf 86' lang='lat' dir='ltr'><strong>enervandam</strong></span> <span class='ocrx_word' id='word_1_26' title='bbox 623 527 722 581; x_wconf 90' lang='lat' dir='ltr'><strong>mortis</strong></span> <span class='ocrx_word' id='word_1_27' title='bbox 735 527 906 596; x_wconf 86' lang='lat' dir='ltr'><strong>violentiam,</strong></span> <span class='ocrx_word' id='word_1_28' title='bbox 922 529 957 584; x_wconf 90' lang='lat' dir='ltr'><strong>ad</strong></span> <span class='ocrx_word' id='word_1_29' title='bbox 998 527 1027 581; x_wconf 91' lang='lat' dir='ltr'><strong>in</strong></span> <span class='ocrx_word' id='word_1_30' title='bbox 1038 533 1129 589; x_wconf 82' lang='lat' dir='ltr'><strong>utero,</strong></span> <span class='ocrx_word' id='word_1_31' title='bbox 1141 542 1322 599; x_wconf 88' lang='lat' dir='ltr'><strong>processurus</strong></span> <span class='ocrx_word' id='word_1_32' title='bbox 1331 525 1396 580; x_wconf 90' lang='lat' dir='ltr'><strong>inde</strong></span> <span class='ocrx_word' id='word_1_33' title='bbox 1410 529 1548 595; x_wconf 88' lang='lat' dir='ltr'><strong>tanquam</strong></span> <span class='ocrx_word' id='word_1_34' title='bbox 1562 539 1682 594; x_wconf 80' lang='lat' dir='ltr'><strong>sponsus</strong></span> <span class='ocrx_word' id='word_1_35' title='bbox 1691 523 1726 578; x_wconf 89' lang='lat' dir='ltr'><strong>de</strong></span> <span class='ocrx_word' id='word_1_36' title='bbox 1736 523 1797 578; x_wconf 87' lang='lat' dir='ltr'><strong>the·</strong></span> 
     </span>
     <span class='ocr_line' id='line_1_4' title="bbox 155 610 1796 690; baseline 0.001 -25"><span class='ocrx_word' id='word_1_37' title='bbox 155 610 361 666; x_wconf 75' lang='lat' dir='ltr'><strong>restituendam</strong></span> <span class='ocrx_word' id='word_1_38' title='bbox 376 611 456 667; x_wconf 92' lang='lat' dir='ltr'><strong>nobis</strong></span> <span class='ocrx_word' id='word_1_39' title='bbox 466 613 958 690; x_wconf 78' lang='lat' dir='ltr'><strong>reguicoelestisbareditatemvirgo</strong></span> <span class='ocrx_word' id='word_1_40' title='bbox 998 615 1073 671; x_wconf 89' lang='lat' dir='ltr'><strong>lamo</strong></span> <span class='ocrx_word' id='word_1_41' title='bbox 1083 633 1143 672; x_wconf 92' lang='lat' dir='ltr'><strong>suo.</strong></span> <span class='ocrx_word' id='word_1_42' title='bbox 1152 615 1224 682; x_wconf 78' lang='lat' dir='ltr'><strong>Quid</strong></span> <span class='ocrx_word' id='word_1_43' title='bbox 1237 615 1272 670; x_wconf 89' lang='lat' dir='ltr'><strong>ad</strong></span> <span class='ocrx_word' id='word_1_44' title='bbox 1282 615 1341 670; x_wconf 79' lang='lat' dir='ltr'><strong>hec</strong></span> <span class='ocrx_word' id='word_1_45' title='bbox 1354 612 1725 683; x_wconf 83' lang='lat' dir='ltr'><strong>tibi,llaria,cogitasiQuid</strong></span> <span class='ocrx_word' id='word_1_46' title='bbox 1734 627 1796 667; x_wconf 90' lang='lat' dir='ltr'><strong>ma·</strong></span> 
     </span>
     <span class='ocr_line' id='line_1_5' title="bbox 156 699 1797 778; baseline 0.001 -25"><span class='ocrx_word' id='word_1_47' title='bbox 156 699 294 770; x_wconf 80' lang='lat' dir='ltr'><strong>concapit,</strong></span> <span class='ocrx_word' id='word_1_48' title='bbox 307 700 467 770; x_wconf 84' lang='lat' dir='ltr'><strong>virginitate</strong></span> <span class='ocrx_word' id='word_1_49' title='bbox 491 708 622 758; x_wconf 87' lang='lat' dir='ltr'><strong>manente</strong></span> <span class='ocrx_word' id='word_1_50' title='bbox 647 705 765 776; x_wconf 76' lang='lat' dir='ltr'><strong>peperit,</strong></span> <span class='ocrx_word' id='word_1_51' title='bbox 788 706 957 778; x_wconf 89' lang='lat' dir='ltr'><strong>virginitatis</strong></span> <span class='ocrx_word' id='word_1_52' title='bbox 997 709 1042 759; x_wconf 86' lang='lat' dir='ltr'><strong>ter</strong></span> <span class='ocrx_word' id='word_1_53' title='bbox 1055 705 1186 760; x_wconf 87' lang='lat' dir='ltr'><strong>inviolata</strong></span> <span class='ocrx_word' id='word_1_54' title='bbox 1200 710 1293 760; x_wconf 83' lang='lat' dir='ltr'><strong>cecum</strong></span> <span class='ocrx_word' id='word_1_55' title='bbox 1309 702 1461 758; x_wconf 78' lang='lat' dir='ltr'><strong>retractas?</strong></span> <span class='ocrx_word' id='word_1_56' title='bbox 1474 704 1542 771; x_wconf 84' lang='lat' dir='ltr'><strong>Age,</strong></span> <span class='ocrx_word' id='word_1_57' title='bbox 1555 700 1603 772; x_wconf 93' lang='lat' dir='ltr'><strong>qui</strong></span> <span class='ocrx_word' id='word_1_58' title='bbox 1617 700 1797 756; x_wconf 87' lang='lat' dir='ltr'><strong>creduntDo·</strong></span> 
     </span>
     <span class='ocr_line' id='line_1_6' title="bbox 157 787 1797 866; baseline 0.001 -24"><span class='ocrx_word' id='word_1_59' title='bbox 157 787 282 860; x_wconf 87' lang='lat' dir='ltr'><strong>sigillum</strong></span> <span class='ocrx_word' id='word_1_60' title='bbox 297 789 394 844; x_wconf 91' lang='lat' dir='ltr'><strong>nonin</strong></span> <span class='ocrx_word' id='word_1_61' title='bbox 407 796 554 862; x_wconf 88' lang='lat' dir='ltr'><strong>conceptu,</strong></span> <span class='ocrx_word' id='word_1_62' title='bbox 570 809 626 847; x_wconf 91' lang='lat' dir='ltr'><strong>non</strong></span> <span class='ocrx_word' id='word_1_63' title='bbox 639 793 669 847; x_wconf 92' lang='lat' dir='ltr'><strong>in</strong></span> <span class='ocrx_word' id='word_1_64' title='bbox 688 800 780 866; x_wconf 89' lang='lat' dir='ltr'><strong>partu,</strong></span> <span class='ocrx_word' id='word_1_65' title='bbox 797 811 849 850; x_wconf 91' lang='lat' dir='ltr'><strong>nec</strong></span> <span class='ocrx_word' id='word_1_66' title='bbox 871 796 957 850; x_wconf 88' lang='lat' dir='ltr'><strong>etiam</strong></span> <span class='ocrx_word' id='word_1_67' title='bbox 998 794 1107 850; x_wconf 79' lang='lat' dir='ltr'><strong>minicae</strong></span> <span class='ocrx_word' id='word_1_68' title='bbox 1126 792 1343 849; x_wconf 75' lang='lat' dir='ltr'><strong>annuntiationi</strong></span> <span class='ocrx_word' id='word_1_69' title='bbox 1360 791 1557 863; x_wconf 81' lang='lat' dir='ltr'><strong>congaudeant</strong></span> <span class='ocrx_word' id='word_1_70' title='bbox 1579 795 1683 846; x_wconf 79' lang='lat' dir='ltr'><strong>sancte</strong></span> <span class='ocrx_word' id='word_1_71' title='bbox 1712 789 1797 860; x_wconf 83' lang='lat' dir='ltr'><strong>hujus</strong></span> 
     </span>
     <span class='ocr_line' id='line_1_7' title="bbox 156 877 1801 956; baseline 0.001 -25"><span class='ocrx_word' id='word_1_72' title='bbox 156 883 223 949; x_wconf 85' lang='lat' dir='ltr'><strong>post</strong></span> <span class='ocrx_word' id='word_1_73' title='bbox 237 883 349 949; x_wconf 84' lang='lat' dir='ltr'><strong>partum</strong></span> <span class='ocrx_word' id='word_1_74' title='bbox 364 877 467 934; x_wconf 91' lang='lat' dir='ltr'><strong>amisit.</strong></span> <span class='ocrx_word' id='word_1_75' title='bbox 486 880 558 936; x_wconf 87' lang='lat' dir='ltr'><strong>Mira</strong></span> <span class='ocrx_word' id='word_1_76' title='bbox 571 887 600 936; x_wconf 91' lang='lat' dir='ltr'><strong>ct</strong></span> <span class='ocrx_word' id='word_1_77' title='bbox 612 880 804 939; x_wconf 81' lang='lat' dir='ltr'><strong>manabiliuei</strong></span> <span class='ocrx_word' id='word_1_78' title='bbox 815 884 958 956; x_wconf 90' lang='lat' dir='ltr'><strong>dispensa·</strong></span> <span class='ocrx_word' id='word_1_79' title='bbox 998 884 1128 956; x_wconf 80' lang='lat' dir='ltr'><strong>puellula</strong></span> <span class='ocrx_word' id='word_1_80' title='bbox 1142 882 1327 938; x_wconf 72' lang='lat' dir='ltr'><strong>devotissime</strong></span> <span class='ocrx_word' id='word_1_81' title='bbox 1342 880 1544 952; x_wconf 62' lang='lat' dir='ltr'><strong>responsionis</strong></span> <span class='ocrx_word' id='word_1_82' title='bbox 1556 879 1635 943; x_wconf 84' lang='lat' dir='ltr'><strong>Ecce,</strong></span> <span class='ocrx_word' id='word_1_83' title='bbox 1644 879 1801 950; x_wconf 89' lang='lat' dir='ltr'><strong>inquit,an·</strong></span> 
     </span>
     <span class='ocr_line' id='line_1_8' title="bbox 159 965 1799 1046; baseline 0.005 -26"><span class='ocrx_word' id='word_1_84' title='bbox 159 965 318 1026; x_wconf 76' lang='lat' dir='ltr'><strong>tionacaro</strong></span> <span class='ocrx_word' id='word_1_85' title='bbox 330 968 466 1038; x_wconf 86' lang='lat' dir='ltr'><strong>processit</strong></span> <span class='ocrx_word' id='word_1_86' title='bbox 482 985 515 1024; x_wconf 87' lang='lat' dir='ltr'><strong>cx</strong></span> <span class='ocrx_word' id='word_1_87' title='bbox 529 986 613 1026; x_wconf 88' lang='lat' dir='ltr'><strong>carne</strong></span> <span class='ocrx_word' id='word_1_88' title='bbox 628 972 814 1028; x_wconf 89' lang='lat' dir='ltr'><strong>nullacarnali</strong></span> <span class='ocrx_word' id='word_1_89' title='bbox 830 989 959 1045; x_wconf 87' lang='lat' dir='ltr'><strong>procrea·</strong></span> <span class='ocrx_word' id='word_1_90' title='bbox 998 977 1062 1031; x_wconf 89' lang='lat' dir='ltr'><strong>oilla</strong></span> <span class='ocrx_word' id='word_1_91' title='bbox 1072 976 1193 1031; x_wconf 86' lang='lat' dir='ltr'><strong>Domini.</strong></span> <span class='ocrx_word' id='word_1_92' title='bbox 1209 995 1221 1030; x_wconf 83' lang='lat' dir='ltr'><strong>a</strong></span> <span class='ocrx_word' id='word_1_93' title='bbox 1242 976 1330 1046; x_wconf 82' lang='lat' dir='ltr'><strong>Virgo</strong></span> <span class='ocrx_word' id='word_1_94' title='bbox 1349 990 1441 1029; x_wconf 85' lang='lat' dir='ltr'><strong>senec</strong></span> <span class='ocrx_word' id='word_1_95' title='bbox 1456 973 1516 1028; x_wconf 91' lang='lat' dir='ltr'><strong>viro</strong></span> <span class='ocrx_word' id='word_1_96' title='bbox 1538 972 1687 1028; x_wconf 86' lang='lat' dir='ltr'><strong>humiliata</strong></span> <span class='ocrx_word' id='word_1_97' title='bbox 1707 979 1799 1028; x_wconf 89' lang='lat' dir='ltr'><strong>mater</strong></span> 
     </span>
     <span class='ocr_line' id='line_1_9' title="bbox 156 1055 1799 1138; baseline 0.004 -28"><span class='ocrx_word' id='word_1_98' title='bbox 156 1058 189 1110; x_wconf 87' lang='lat' dir='ltr'><strong>ta</strong></span> <span class='ocrx_word' id='word_1_99' title='bbox 198 1055 404 1110; x_wconf 80' lang='lat' dir='ltr'><strong>commistione.</strong></span> <span class='ocrx_word' id='word_1_100' title='bbox 419 1056 490 1122; x_wconf 84' lang='lat' dir='ltr'><strong>Quid</strong></span> <span class='ocrx_word' id='word_1_101' title='bbox 504 1075 581 1130; x_wconf 83' lang='lat' dir='ltr'><strong>ergo.</strong></span> <span class='ocrx_word' id='word_1_102' title='bbox 592 1059 694 1116; x_wconf 83' lang='lat' dir='ltr'><strong>fratres</strong></span> <span class='ocrx_word' id='word_1_103' title='bbox 705 1081 712 1128; x_wconf 88' lang='lat'>;</span> <span class='ocrx_word' id='word_1_104' title='bbox 725 1062 823 1118; x_wconf 88' lang='lat' dir='ltr'><strong>audiat</strong></span> <span class='ocrx_word' id='word_1_105' title='bbox 836 1063 958 1119; x_wconf 87' lang='lat' dir='ltr'><strong>charitas</strong></span> <span class='ocrx_word' id='word_1_106' title='bbox 999 1066 1121 1138; x_wconf 82' lang='lat' dir='ltr'><strong>eligeris,</strong></span> <span class='ocrx_word' id='word_1_107' title='bbox 1137 1065 1273 1120; x_wconf 87' lang='lat' dir='ltr'><strong>matribus</strong></span> <span class='ocrx_word' id='word_1_108' title='bbox 1284 1063 1466 1136; x_wconf 81' lang='lat' dir='ltr'><strong>praeferenda,</strong></span> <span class='ocrx_word' id='word_1_109' title='bbox 1490 1067 1582 1118; x_wconf 87' lang='lat' dir='ltr'><strong>mater</strong></span> <span class='ocrx_word' id='word_1_110' title='bbox 1596 1063 1749 1118; x_wconf 89' lang='lat' dir='ltr'><strong>Salvatoris</strong></span> <span class='ocrx_word' id='word_1_111' title='bbox 1770 1067 1799 1117; x_wconf 91' lang='lat' dir='ltr'><strong>et</strong></span> 
     </span>
     <span class='ocr_line' id='line_1_10' title="bbox 157 1145 1797 1226; baseline 0.006 -29"><span class='ocrx_word' id='word_1_112' title='bbox 157 1150 263 1209; x_wconf 83' lang='lat' dir='ltr'><strong>vestra,</strong></span> <span class='ocrx_word' id='word_1_113' title='bbox 280 1145 354 1215; x_wconf 89' lang='lat' dir='ltr'><strong>qood</strong></span> <span class='ocrx_word' id='word_1_114' title='bbox 379 1145 483 1201; x_wconf 83' lang='lat' dir='ltr'><strong>ratutat</strong></span> <span class='ocrx_word' id='word_1_115' title='bbox 512 1148 634 1219; x_wconf 88' lang='lat' dir='ltr'><strong>pravitas</strong></span> <span class='ocrx_word' id='word_1_116' title='bbox 662 1149 867 1218; x_wconf 74' lang='lat' dir='ltr'><strong>baereticorum,</strong></span> <span class='ocrx_word' id='word_1_117' title='bbox 883 1153 958 1223; x_wconf 90' lang='lat' dir='ltr'><strong>quod</strong></span> <span class='ocrx_word' id='word_1_118' title='bbox 999 1155 1084 1226; x_wconf 88' lang='lat' dir='ltr'><strong>regis,</strong></span> <span class='ocrx_word' id='word_1_119' title='bbox 1099 1161 1126 1210; x_wconf 88' lang='lat' dir='ltr'><strong>et</strong></span> <span class='ocrx_word' id='word_1_120' title='bbox 1140 1161 1169 1210; x_wconf 87' lang='lat' dir='ltr'><strong>te</strong></span> <span class='ocrx_word' id='word_1_121' title='bbox 1188 1154 1319 1210; x_wconf 91' lang='lat' dir='ltr'><strong>ancillam</strong></span> <span class='ocrx_word' id='word_1_122' title='bbox 1328 1152 1478 1226; x_wconf 83' lang='lat' dir='ltr'><strong>profiteris.</strong></span> <span class='ocrx_word' id='word_1_123' title='bbox 1502 1152 1654 1207; x_wconf 86' lang='lat' dir='ltr'><strong>Humilitas</strong></span> <span class='ocrx_word' id='word_1_124' title='bbox 1669 1151 1797 1207; x_wconf 85' lang='lat' dir='ltr'><strong>verebu-</strong></span> 
     </span>
     <span class='ocr_line' id='line_1_11' title="bbox 158 1232 1798 1318; baseline 0.003 -29"><span class='ocrx_word' id='word_1_125' title='bbox 158 1232 335 1318; x_wconf 24' lang='lat' dir='ltr'><strong>contradicit}</strong></span> <span class='ocrx_word' id='word_1_126' title='bbox 347 1234 499 1290; x_wconf 82' lang='lat' dir='ltr'><strong>infidelitas</strong></span> <span class='ocrx_word' id='word_1_127' title='bbox 521 1237 692 1304; x_wconf 76' lang='lat' dir='ltr'><strong>iudeorum,</strong></span> <span class='ocrx_word' id='word_1_128' title='bbox 718 1240 792 1311; x_wconf 90' lang='lat' dir='ltr'><strong>quod</strong></span> <span class='ocrx_word' id='word_1_129' title='bbox 820 1257 852 1296; x_wconf 87' lang='lat' dir='ltr'><strong>ex</strong></span> <span class='ocrx_word' id='word_1_130' title='bbox 875 1242 959 1297; x_wconf 87' lang='lat' dir='ltr'><strong>corde</strong></span> <span class='ocrx_word' id='word_1_131' title='bbox 999 1243 1148 1298; x_wconf 85' lang='lat' dir='ltr'><strong>militatem</strong></span> <span class='ocrx_word' id='word_1_132' title='bbox 1162 1248 1242 1298; x_wconf 92' lang='lat' dir='ltr'><strong>tuam</strong></span> <span class='ocrx_word' id='word_1_133' title='bbox 1252 1242 1385 1314; x_wconf 84' lang='lat' dir='ltr'><strong>respexit,</strong></span> <span class='ocrx_word' id='word_1_134' title='bbox 1406 1257 1439 1296; x_wconf 88' lang='lat' dir='ltr'><strong>ax</strong></span> <span class='ocrx_word' id='word_1_135' title='bbox 1451 1247 1480 1296; x_wconf 90' lang='lat' dir='ltr'><strong>te</strong></span> <span class='ocrx_word' id='word_1_136' title='bbox 1502 1241 1578 1295; x_wconf 88' lang='lat' dir='ltr'><strong>euim</strong></span> <span class='ocrx_word' id='word_1_137' title='bbox 1604 1241 1679 1295; x_wconf 83' lang='lat' dir='ltr'><strong>exiet</strong></span> <span class='ocrx_word' id='word_1_138' title='bbox 1701 1245 1798 1295; x_wconf 89' lang='lat' dir='ltr'><strong>sancta</strong></span> 
     </span>
     <span class='ocr_line' id='line_1_12' title="bbox 157 1323 1798 1402; baseline 0.004 -25"><span class='ocrx_word' id='word_1_139' title='bbox 157 1323 395 1394; x_wconf 86' lang='lat' dir='ltr'><strong>credereoportct</strong></span> <span class='ocrx_word' id='word_1_140' title='bbox 411 1325 576 1382; x_wconf 78' lang='lat' dir='ltr'><strong>catholicam</strong></span> <span class='ocrx_word' id='word_1_141' title='bbox 605 1328 756 1384; x_wconf 81' lang='lat' dir='ltr'><strong>Ecclesiam</strong></span> <span class='ocrx_word' id='word_1_142' title='bbox 783 1330 958 1387; x_wconf 81' lang='lat' dir='ltr'><strong>Christiano·</strong></span> <span class='ocrx_word' id='word_1_143' title='bbox 998 1332 1047 1387; x_wconf 92' lang='lat' dir='ltr'><strong>illa</strong></span> <span class='ocrx_word' id='word_1_144' title='bbox 1060 1333 1206 1388; x_wconf 90' lang='lat' dir='ltr'><strong>humilitas</strong></span> <span class='ocrx_word' id='word_1_145' title='bbox 1220 1332 1255 1386; x_wconf 88' lang='lat' dir='ltr'><strong>ed</strong></span> <span class='ocrx_word' id='word_1_146' title='bbox 1270 1332 1350 1402; x_wconf 83' lang='lat' dir='ltr'><strong>cujus</strong></span> <span class='ocrx_word' id='word_1_147' title='bbox 1360 1330 1511 1401; x_wconf 90' lang='lat' dir='ltr'><strong>imperium</strong></span> <span class='ocrx_word' id='word_1_148' title='bbox 1524 1329 1615 1385; x_wconf 90' lang='lat' dir='ltr'><strong>omnis</strong></span> <span class='ocrx_word' id='word_1_149' title='bbox 1627 1335 1691 1386; x_wconf 86' lang='lat' dir='ltr'><strong>ruet</strong></span> <span class='ocrx_word' id='word_1_150' title='bbox 1701 1344 1798 1400; x_wconf 88' lang='lat' dir='ltr'><strong>super·</strong></span> 
     </span>
     <span class='ocr_line' id='line_1_13' title="bbox 158 1411 1795 1494; baseline 0.004 -28"><span class='ocrx_word' id='word_1_151' title='bbox 158 1427 235 1466; x_wconf 89' lang='lat' dir='ltr'><strong>rum.</strong></span> <span class='ocrx_word' id='word_1_152' title='bbox 252 1411 436 1469; x_wconf 84' lang='lat' dir='ltr'><strong>Sanctissima</strong></span> <span class='ocrx_word' id='word_1_153' title='bbox 446 1414 585 1486; x_wconf 82' lang='lat' dir='ltr'><strong>siquidem</strong></span> <span class='ocrx_word' id='word_1_154' title='bbox 601 1417 679 1489; x_wconf 89' lang='lat' dir='ltr'><strong>virgo</strong></span> <span class='ocrx_word' id='word_1_155' title='bbox 698 1418 797 1482; x_wconf 88' lang='lat' dir='ltr'><strong>Maria,</strong></span> <span class='ocrx_word' id='word_1_156' title='bbox 813 1420 888 1475; x_wconf 88' lang='lat' dir='ltr'><strong>sicut</strong></span> <span class='ocrx_word' id='word_1_157' title='bbox 910 1437 958 1476; x_wconf 91' lang='lat' dir='ltr'><strong>vos</strong></span> <span class='ocrx_word' id='word_1_158' title='bbox 998 1422 1054 1486; x_wconf 90' lang='lat' dir='ltr'><strong>bia,</strong></span> <span class='ocrx_word' id='word_1_159' title='bbox 1070 1427 1249 1494; x_wconf 75' lang='lat' dir='ltr'><strong>ruentportas</strong></span> <span class='ocrx_word' id='word_1_160' title='bbox 1259 1421 1424 1486; x_wconf 81' lang='lat' dir='ltr'><strong>inferorum,</strong></span> <span class='ocrx_word' id='word_1_161' title='bbox 1436 1425 1464 1474; x_wconf 89' lang='lat' dir='ltr'><strong>et</strong></span> <span class='ocrx_word' id='word_1_162' title='bbox 1479 1420 1575 1474; x_wconf 82' lang='lat' dir='ltr'><strong>fideles</strong></span> <span class='ocrx_word' id='word_1_163' title='bbox 1589 1435 1654 1474; x_wconf 90' lang='lat' dir='ltr'><strong>suos</strong></span> <span class='ocrx_word' id='word_1_164' title='bbox 1669 1418 1795 1472; x_wconf 86' lang='lat' dir='ltr'><strong>introdu-</strong></span> 
     </span>
     <span class='ocr_line' id='line_1_14' title="bbox 159 1501 1800 1582; baseline 0.002 -26"><span class='ocrx_word' id='word_1_165' title='bbox 159 1501 276 1558; x_wconf 86' lang='lat' dir='ltr'><strong>credere</strong></span> <span class='ocrx_word' id='word_1_166' title='bbox 286 1518 343 1556; x_wconf 89' lang='lat' dir='ltr'><strong>nou</strong></span> <span class='ocrx_word' id='word_1_167' title='bbox 357 1502 519 1570; x_wconf 82' lang='lat' dir='ltr'><strong>diffidimus,</strong></span> <span class='ocrx_word' id='word_1_168' title='bbox 536 1506 571 1561; x_wconf 88' lang='lat' dir='ltr'><strong>de</strong></span> <span class='ocrx_word' id='word_1_169' title='bbox 585 1507 674 1578; x_wconf 85' lang='lat' dir='ltr'><strong>regali</strong></span> <span class='ocrx_word' id='word_1_170' title='bbox 689 1507 764 1564; x_wconf 90' lang='lat' dir='ltr'><strong>tribu</strong></span> <span class='ocrx_word' id='word_1_171' title='bbox 787 1515 858 1574; x_wconf 89' lang='lat' dir='ltr'><strong>orta,</strong></span> <span class='ocrx_word' id='word_1_172' title='bbox 875 1510 958 1565; x_wconf 90' lang='lat' dir='ltr'><strong>bodie</strong></span> <span class='ocrx_word' id='word_1_173' title='bbox 997 1517 1041 1566; x_wconf 88' lang='lat' dir='ltr'><strong>cet</strong></span> <span class='ocrx_word' id='word_1_174' title='bbox 1055 1511 1090 1566; x_wconf 89' lang='lat' dir='ltr'><strong>ad</strong></span> <span class='ocrx_word' id='word_1_175' title='bbox 1111 1527 1198 1582; x_wconf 86' lang='lat' dir='ltr'><strong>regna</strong></span> <span class='ocrx_word' id='word_1_176' title='bbox 1212 1510 1356 1574; x_wconf 88' lang='lat' dir='ltr'><strong>coelorum,</strong></span> <span class='ocrx_word' id='word_1_177' title='bbox 1371 1509 1475 1574; x_wconf 80' lang='lat' dir='ltr'><strong>vlicce,</strong></span> <span class='ocrx_word' id='word_1_178' title='bbox 1490 1507 1584 1579; x_wconf 90' lang='lat' dir='ltr'><strong>inquit</strong></span> <span class='ocrx_word' id='word_1_179' title='bbox 1596 1505 1800 1574; x_wconf 82' lang='lat' dir='ltr'><strong>Maria,anciila</strong></span> 
     </span>
     <span class='ocr_line' id='line_1_15' title="bbox 159 1590 1796 1672; baseline 0.002 -27"><span class='ocrx_word' id='word_1_180' title='bbox 159 1590 285 1646; x_wconf 69' lang='lat' dir='ltr'><strong>saloma</strong></span> <span class='ocrx_word' id='word_1_181' title='bbox 299 1598 342 1647; x_wconf 89' lang='lat' dir='ltr'><strong>est</strong></span> <span class='ocrx_word' id='word_1_182' title='bbox 357 1593 393 1648; x_wconf 90' lang='lat' dir='ltr'><strong>ab</strong></span> <span class='ocrx_word' id='word_1_183' title='bbox 416 1596 525 1666; x_wconf 87' lang='lat' dir='ltr'><strong>angelo,</strong></span> <span class='ocrx_word' id='word_1_184' title='bbox 551 1597 634 1652; x_wconf 93' lang='lat' dir='ltr'><strong>bodie</strong></span> <span class='ocrx_word' id='word_1_185' title='bbox 663 1599 791 1672; x_wconf 84' lang='lat' dir='ltr'><strong>concepit</strong></span> <span class='ocrx_word' id='word_1_186' title='bbox 817 1600 846 1655; x_wconf 93' lang='lat' dir='ltr'><strong>in</strong></span> <span class='ocrx_word' id='word_1_187' title='bbox 869 1605 959 1669; x_wconf 90' lang='lat' dir='ltr'><strong>utero,</strong></span> <span class='ocrx_word' id='word_1_188' title='bbox 1002 1600 1123 1655; x_wconf 86' lang='lat' dir='ltr'><strong>Domini.</strong></span> <span class='ocrx_word' id='word_1_189' title='bbox 1148 1600 1247 1655; x_wconf 75' lang='lat' dir='ltr'><strong>»Cum</strong></span> <span class='ocrx_word' id='word_1_190' title='bbox 1263 1615 1293 1654; x_wconf 90' lang='lat' dir='ltr'><strong>se</strong></span> <span class='ocrx_word' id='word_1_191' title='bbox 1306 1599 1390 1669; x_wconf 87' lang='lat' dir='ltr'><strong>hujus</strong></span> <span class='ocrx_word' id='word_1_192' title='bbox 1406 1602 1506 1670; x_wconf 86' lang='lat' dir='ltr'><strong>sponte</strong></span> <span class='ocrx_word' id='word_1_193' title='bbox 1525 1597 1676 1652; x_wconf 86' lang='lat' dir='ltr'><strong>confitetur</strong></span> <span class='ocrx_word' id='word_1_194' title='bbox 1698 1593 1796 1650; x_wconf 91' lang='lat' dir='ltr'><strong>condi-</strong></span> 
     </span>
     <span class='ocr_line' id='line_1_16' title="bbox 160 1679 1798 1760; baseline 0.002 -26"><span class='ocrx_word' id='word_1_195' title='bbox 160 1679 331 1738; x_wconf 91' lang='lat' dir='ltr'><strong>obumbrata</strong></span> <span class='ocrx_word' id='word_1_196' title='bbox 341 1688 386 1738; x_wconf 89' lang='lat' dir='ltr'><strong>est</strong></span> <span class='ocrx_word' id='word_1_197' title='bbox 398 1683 482 1740; x_wconf 89' lang='lat' dir='ltr'><strong>bodie</strong></span> <span class='ocrx_word' id='word_1_198' title='bbox 496 1701 513 1740; x_wconf 98' lang='lat' dir='ltr'><strong>a</strong></span> <span class='ocrx_word' id='word_1_199' title='bbox 526 1685 632 1758; x_wconf 77' lang='lat' dir='ltr'><strong>Spiritu</strong></span> <span class='ocrx_word' id='word_1_200' title='bbox 646 1695 743 1744; x_wconf 87' lang='lat' dir='ltr'><strong>sancto</strong></span> <span class='ocrx_word' id='word_1_201' title='bbox 753 1708 760 1756; x_wconf 88' lang='lat'>;</span> <span class='ocrx_word' id='word_1_202' title='bbox 770 1689 811 1745; x_wconf 87' lang='lat' dir='ltr'><strong>ait</strong></span> <span class='ocrx_word' id='word_1_203' title='bbox 825 1690 899 1744; x_wconf 87' lang='lat' dir='ltr'><strong>enim</strong></span> <span class='ocrx_word' id='word_1_204' title='bbox 914 1707 962 1746; x_wconf 87' lang='lat' dir='ltr'><strong>su·</strong></span> <span class='ocrx_word' id='word_1_205' title='bbox 1001 1689 1096 1755; x_wconf 89' lang='lat' dir='ltr'><strong>tionis,</strong></span> <span class='ocrx_word' id='word_1_206' title='bbox 1111 1705 1167 1744; x_wconf 90' lang='lat' dir='ltr'><strong>non</strong></span> <span class='ocrx_word' id='word_1_207' title='bbox 1176 1687 1299 1760; x_wconf 79' lang='lat' dir='ltr'><strong>abneget</strong></span> <span class='ocrx_word' id='word_1_208' title='bbox 1312 1703 1342 1742; x_wconf 89' lang='lat' dir='ltr'><strong>se</strong></span> <span class='ocrx_word' id='word_1_209' title='bbox 1352 1685 1504 1742; x_wconf 82' lang='lat' dir='ltr'><strong>Dominicae</strong></span> <span class='ocrx_word' id='word_1_210' title='bbox 1511 1683 1695 1757; x_wconf 88' lang='lat' dir='ltr'><strong>jurasubcsse</strong></span> <span class='ocrx_word' id='word_1_211' title='bbox 1705 1683 1798 1739; x_wconf 91' lang='lat' dir='ltr'><strong>domi-</strong></span> 
     </span>
     <span class='ocr_line' id='line_1_17' title="bbox 161 1758 1801 1848; baseline 0.002 -26"><span class='ocrx_word' id='word_1_212' title='bbox 161 1768 244 1838; x_wconf 87' lang='lat' dir='ltr'><strong>gelus</strong></span> <span class='ocrx_word' id='word_1_213' title='bbox 257 1769 294 1824; x_wconf 91' lang='lat' dir='ltr'><strong>ad</strong></span> <span class='ocrx_word' id='word_1_214' title='bbox 309 1787 371 1825; x_wconf 91' lang='lat' dir='ltr'><strong>cam</strong></span> <span class='ocrx_word' id='word_1_215' title='bbox 384 1790 389 1826; x_wconf 94' lang='lat'><strong>:</strong></span> <span class='ocrx_word' id='word_1_216' title='bbox 408 1758 1125 1848; x_wconf 77' lang='lat' dir='ltr'><strong>aAve,Mana,gratiapleua31iominuanationi·</strong></span> <span class='ocrx_word' id='word_1_217' title='bbox 1141 1797 1153 1829; x_wconf 79' lang='grc' dir='ltr'>ι</span> <span class='ocrx_word' id='word_1_218' title='bbox 1166 1778 1244 1842; x_wconf 83' lang='lat' dir='ltr'><strong>Ecca,</strong></span> <span class='ocrx_word' id='word_1_219' title='bbox 1257 1776 1357 1847; x_wconf 85' lang='lat' dir='ltr'><strong>inquit,</strong></span> <span class='ocrx_word' id='word_1_220' title='bbox 1374 1775 1476 1830; x_wconf 88' lang='lat' dir='ltr'><strong>ancilla</strong></span> <span class='ocrx_word' id='word_1_221' title='bbox 1487 1773 1610 1841; x_wconf 89' lang='lat' dir='ltr'><strong>Domini,</strong></span> <span class='ocrx_word' id='word_1_222' title='bbox 1621 1774 1671 1828; x_wconf 89' lang='lat' dir='ltr'><strong>flat</strong></span> <span class='ocrx_word' id='word_1_223' title='bbox 1682 1772 1801 1827; x_wconf 89' lang='lat' dir='ltr'><strong>mihise·</strong></span> 
     </span>
     <span class='ocr_line' id='line_1_18' title="bbox 160 1859 1799 1934; baseline -0.007 -7"><span class='ocrx_word' id='word_1_224' title='bbox 160 1859 267 1926; x_wconf 55' lang='lat' dir='ltr'><strong>imum,</strong></span> <span class='ocrx_word' id='word_1_225' title='bbox 281 1859 429 1920; x_wconf 83' lang='lat' dir='ltr'><strong>beneoicta</strong></span> <span class='ocrx_word' id='word_1_226' title='bbox 442 1867 472 1918; x_wconf 90' lang='lat' dir='ltr'><strong>tu</strong></span> <span class='ocrx_word' id='word_1_227' title='bbox 487 1863 517 1918; x_wconf 89' lang='lat' dir='ltr'><strong>in</strong></span> <span class='ocrx_word' id='word_1_228' title='bbox 529 1864 729 1922; x_wconf 78' lang='lat' dir='ltr'><strong>mulieribus.»</strong></span> <span class='ocrx_word' id='word_1_229' title='bbox 1001 1868 1124 1922; x_wconf 88' lang='lat' dir='ltr'><strong>cundum</strong></span> <span class='ocrx_word' id='word_1_230' title='bbox 1139 1865 1252 1922; x_wconf 90' lang='lat' dir='ltr'><strong>verbum</strong></span> <span class='ocrx_word' id='word_1_231' title='bbox 1268 1871 1359 1921; x_wconf 90' lang='lat' dir='ltr'><strong>tuum.</strong></span> <span class='ocrx_word' id='word_1_232' title='bbox 1377 1864 1462 1920; x_wconf 84' lang='lat' dir='ltr'><strong>·Fiat</strong></span> <span class='ocrx_word' id='word_1_233' title='bbox 1475 1864 1557 1924; x_wconf 81' lang='lat' dir='ltr'><strong>illud.</strong></span> <span class='ocrx_word' id='word_1_234' title='bbox 1572 1861 1694 1934; x_wconf 87' lang='lat' dir='ltr'><strong>optantis</strong></span> <span class='ocrx_word' id='word_1_235' title='bbox 1708 1866 1752 1916; x_wconf 89' lang='lat' dir='ltr'><strong>est</strong></span> <span class='ocrx_word' id='word_1_236' title='bbox 1769 1865 1799 1916; x_wconf 85' lang='lat' dir='ltr'><strong>ct</strong></span> 
     </span>
     <span class='ocr_line' id='line_1_19' title="bbox 454 1951 1799 2028; baseline -0.003 -20"><span class='ocrx_word' id='word_1_237' title='bbox 454 1969 547 2008; x_wconf 81' lang='lat' dir='ltr'><strong>uacuo</strong></span> <span class='ocrx_word' id='word_1_238' title='bbox 565 1969 671 2010; x_wconf 80' lang='lat' dir='ltr'><strong>ranrrn.</strong></span> <span class='ocrx_word' id='word_1_239' title='bbox 1002 1973 1059 2011; x_wconf 92' lang='lat' dir='ltr'><strong>nou</strong></span> <span class='ocrx_word' id='word_1_240' title='bbox 1072 1955 1317 2028; x_wconf 79' lang='lat' dir='ltr'><strong>imperantisFiat</strong></span> <span class='ocrx_word' id='word_1_241' title='bbox 1328 1953 1565 2025; x_wconf 87' lang='lat' dir='ltr'><strong>utRademptoris</strong></span> <span class='ocrx_word' id='word_1_242' title='bbox 1579 1951 1668 2007; x_wconf 82' lang='lat' dir='ltr'><strong>nostri</strong></span> <span class='ocrx_word' id='word_1_243' title='bbox 1678 1965 1799 2023; x_wconf 77' lang='lat' dir='ltr'><strong>praesen-</strong></span> 
     </span>
     <span class='ocr_line' id='line_1_20' title="bbox 200 2037 1799 2119; baseline 0.002 -28"><span class='ocrx_word' id='word_1_244' title='bbox 200 2037 380 2095; x_wconf 81' lang='lat' dir='ltr'><strong>Baucdictam</strong></span> <span class='ocrx_word' id='word_1_245' title='bbox 398 2041 535 2113; x_wconf 74' lang='lat' dir='ltr'><strong>virginem</strong></span> <span class='ocrx_word' id='word_1_246' title='bbox 549 2043 579 2098; x_wconf 92' lang='lat' dir='ltr'><strong>in</strong></span> <span class='ocrx_word' id='word_1_247' title='bbox 594 2044 767 2108; x_wconf 83' lang='lat' dir='ltr'><strong>mulieribus,</strong></span> <span class='ocrx_word' id='word_1_248' title='bbox 787 2046 816 2101; x_wconf 91' lang='lat' dir='ltr'><strong>id</strong></span> <span class='ocrx_word' id='word_1_249' title='bbox 831 2051 874 2102; x_wconf 88' lang='lat' dir='ltr'><strong>est</strong></span> <span class='ocrx_word' id='word_1_250' title='bbox 887 2046 962 2104; x_wconf 86' lang='lat' dir='ltr'><strong>inter</strong></span> <span class='ocrx_word' id='word_1_251' title='bbox 1003 2047 1044 2102; x_wconf 89' lang='lat' dir='ltr'><strong>tia</strong></span> <span class='ocrx_word' id='word_1_252' title='bbox 1062 2063 1112 2119; x_wconf 89' lang='lat' dir='ltr'><strong>per</strong></span> <span class='ocrx_word' id='word_1_253' title='bbox 1137 2063 1182 2100; x_wconf 88' lang='lat' dir='ltr'><strong>me</strong></span> <span class='ocrx_word' id='word_1_254' title='bbox 1197 2045 1359 2100; x_wconf 87' lang='lat' dir='ltr'><strong>ancillulam</strong></span> <span class='ocrx_word' id='word_1_255' title='bbox 1375 2059 1454 2098; x_wconf 89' lang='lat' dir='ltr'><strong>suam</strong></span> <span class='ocrx_word' id='word_1_256' title='bbox 1470 2041 1528 2098; x_wconf 89' lang='lat' dir='ltr'><strong>suis</strong></span> <span class='ocrx_word' id='word_1_257' title='bbox 1549 2041 1696 2096; x_wconf 89' lang='lat' dir='ltr'><strong>subveniat</strong></span> <span class='ocrx_word' id='word_1_258' title='bbox 1712 2039 1799 2094; x_wconf 82' lang='lat' dir='ltr'><strong>udeli-</strong></span> 
     </span>
     <span class='ocr_line' id='line_1_21' title="bbox 162 2125 1800 2206; baseline 0.002 -27"><span class='ocrx_word' id='word_1_259' title='bbox 162 2125 308 2196; x_wconf 86' lang='lat' dir='ltr'><strong>mulieres,</strong></span> <span class='ocrx_word' id='word_1_260' title='bbox 324 2130 491 2188; x_wconf 83' lang='lat' dir='ltr'><strong>confltetur:</strong></span> <span class='ocrx_word' id='word_1_261' title='bbox 506 2149 568 2204; x_wconf 75' lang='lat' dir='ltr'><strong>quae</strong></span> <span class='ocrx_word' id='word_1_262' title='bbox 584 2150 614 2188; x_wconf 90' lang='lat' dir='ltr'><strong>se</strong></span> <span class='ocrx_word' id='word_1_263' title='bbox 636 2140 698 2205; x_wconf 92' lang='lat' dir='ltr'><strong>post</strong></span> <span class='ocrx_word' id='word_1_264' title='bbox 715 2136 961 2191; x_wconf 78' lang='lat' dir='ltr'><strong>annuntiationem</strong></span> <span class='ocrx_word' id='word_1_265' title='bbox 1002 2135 1056 2191; x_wconf 93' lang='lat' dir='ltr'><strong>bus</strong></span> <span class='ocrx_word' id='word_1_266' title='bbox 1071 2151 1140 2206; x_wconf 91' lang='lat' dir='ltr'><strong>quos</strong></span> <span class='ocrx_word' id='word_1_267' title='bbox 1154 2135 1289 2188; x_wconf 88' lang='lat' dir='ltr'><strong>hactenus</strong></span> <span class='ocrx_word' id='word_1_268' title='bbox 1302 2132 1445 2187; x_wconf 86' lang='lat' dir='ltr'><strong>diabolicae</strong></span> <span class='ocrx_word' id='word_1_269' title='bbox 1455 2130 1539 2186; x_wconf 87' lang='lat' dir='ltr'><strong>sortis</strong></span> <span class='ocrx_word' id='word_1_270' title='bbox 1550 2127 1800 2184; x_wconf 89' lang='lat' dir='ltr'><strong>absorbuitinteri·</strong></span> 
     </span>
     <span class='ocr_line' id='line_1_22' title="bbox 161 2216 1800 2291; baseline -0.001 -20"><span class='ocrx_word' id='word_1_271' title='bbox 161 2221 249 2285; x_wconf 83' lang='lat' dir='ltr'><strong>partu</strong></span> <span class='ocrx_word' id='word_1_272' title='bbox 262 2216 348 2272; x_wconf 88' lang='lat' dir='ltr'><strong>divini</strong></span> <span class='ocrx_word' id='word_1_273' title='bbox 360 2223 496 2290; x_wconf 88' lang='lat' dir='ltr'><strong>tauquam</strong></span> <span class='ocrx_word' id='word_1_274' title='bbox 510 2220 610 2276; x_wconf 90' lang='lat' dir='ltr'><strong>devota</strong></span> <span class='ocrx_word' id='word_1_275' title='bbox 638 2228 667 2277; x_wconf 89' lang='lat' dir='ltr'><strong>et</strong></span> <span class='ocrx_word' id='word_1_276' title='bbox 689 2224 803 2279; x_wconf 86' lang='lat' dir='ltr'><strong>humilis</strong></span> <span class='ocrx_word' id='word_1_277' title='bbox 828 2225 961 2280; x_wconf 82' lang='lat' dir='ltr'><strong>ancillam</strong></span> <span class='ocrx_word' id='word_1_278' title='bbox 1003 2228 1059 2291; x_wconf 92' lang='lat' dir='ltr'><strong>tus,</strong></span> <span class='ocrx_word' id='word_1_279' title='bbox 1074 2223 1212 2278; x_wconf 89' lang='lat' dir='ltr'><strong>diabolica</strong></span> <span class='ocrx_word' id='word_1_280' title='bbox 1230 2221 1383 2278; x_wconf 88' lang='lat' dir='ltr'><strong>trucidavit</strong></span> <span class='ocrx_word' id='word_1_281' title='bbox 1395 2221 1535 2283; x_wconf 84' lang='lat' dir='ltr'><strong>ferocitas,</strong></span> <span class='ocrx_word' id='word_1_282' title='bbox 1550 2225 1579 2274; x_wconf 90' lang='lat' dir='ltr'><strong>et</strong></span> <span class='ocrx_word' id='word_1_283' title='bbox 1588 2216 1800 2273; x_wconf 89' lang='lat' dir='ltr'><strong>adultimumin</strong></span> 
     </span>
     <span class='ocr_line' id='line_1_23' title="bbox 162 2303 1801 2385; baseline 0.001 -28"><span class='ocrx_word' id='word_1_284' title='bbox 162 2317 195 2357; x_wconf 88' lang='lat' dir='ltr'><strong>sc</strong></span> <span class='ocrx_word' id='word_1_285' title='bbox 207 2305 333 2374; x_wconf 88' lang='lat' dir='ltr'><strong>profiteri</strong></span> <span class='ocrx_word' id='word_1_286' title='bbox 349 2324 404 2363; x_wconf 91' lang='lat' dir='ltr'><strong>non</strong></span> <span class='ocrx_word' id='word_1_287' title='bbox 425 2317 547 2369; x_wconf 89' lang='lat' dir='ltr'><strong>veretur.</strong></span> <span class='ocrx_word' id='word_1_288' title='bbox 570 2329 583 2363; x_wconf 77' lang='lat' dir='ltr'><strong>a</strong></span> <span class='ocrx_word' id='word_1_289' title='bbox 602 2311 636 2366; x_wconf 84' lang='lat' dir='ltr'><strong>Et</strong></span> <span class='ocrx_word' id='word_1_290' title='bbox 658 2311 833 2380; x_wconf 88' lang='lat' dir='ltr'><strong>benedictus,</strong></span> <span class='ocrx_word' id='word_1_291' title='bbox 856 2314 959 2385; x_wconf 86' lang='lat' dir='ltr'><strong>iuquit,</strong></span> <span class='ocrx_word' id='word_1_292' title='bbox 1001 2313 1111 2369; x_wconf 81' lang='lat' dir='ltr'><strong>inferno</strong></span> <span class='ocrx_word' id='word_1_293' title='bbox 1125 2312 1251 2367; x_wconf 81' lang='lat' dir='ltr'><strong>infcriori</strong></span> <span class='ocrx_word' id='word_1_294' title='bbox 1266 2311 1454 2382; x_wconf 85' lang='lat' dir='ltr'><strong>malignorum</strong></span> <span class='ocrx_word' id='word_1_295' title='bbox 1467 2308 1618 2380; x_wconf 88' lang='lat' dir='ltr'><strong>spirituum</strong></span> <span class='ocrx_word' id='word_1_296' title='bbox 1632 2303 1801 2361; x_wconf 85' lang='lat' dir='ltr'><strong>insatiabilis</strong></span> 
     </span>
     <span class='ocr_line' id='line_1_24' title="bbox 160 2389 1800 2473; baseline 0.002 -30"><span class='ocrx_word' id='word_1_297' title='bbox 160 2389 271 2447; x_wconf 82' lang='lat' dir='ltr'><strong>fructus</strong></span> <span class='ocrx_word' id='word_1_298' title='bbox 285 2394 389 2450; x_wconf 89' lang='lat' dir='ltr'><strong>ventris</strong></span> <span class='ocrx_word' id='word_1_299' title='bbox 402 2397 454 2451; x_wconf 91' lang='lat' dir='ltr'><strong>tui.</strong></span> <span class='ocrx_word' id='word_1_300' title='bbox 472 2416 485 2451; x_wconf 77' lang='lat' dir='ltr'><strong>a</strong></span> <span class='ocrx_word' id='word_1_301' title='bbox 503 2399 684 2455; x_wconf 80' lang='lat' dir='ltr'><strong>Benedictum</strong></span> <span class='ocrx_word' id='word_1_302' title='bbox 707 2401 830 2457; x_wconf 82' lang='lat' dir='ltr'><strong>fructum</strong></span> <span class='ocrx_word' id='word_1_303' title='bbox 857 2403 961 2457; x_wconf 89' lang='lat' dir='ltr'><strong>ventris</strong></span> <span class='ocrx_word' id='word_1_304' title='bbox 1001 2399 1306 2473; x_wconf 83' lang='lat' dir='ltr'><strong>deglutivitvoracitas.</strong></span> <span class='ocrx_word' id='word_1_305' title='bbox 1321 2398 1366 2454; x_wconf 87' lang='lat' dir='ltr'><strong>Sic</strong></span> <span class='ocrx_word' id='word_1_306' title='bbox 1378 2399 1475 2469; x_wconf 89' lang='lat' dir='ltr'><strong>itaque</strong></span> <span class='ocrx_word' id='word_1_307' title='bbox 1492 2412 1572 2451; x_wconf 89' lang='lat' dir='ltr'><strong>verus</strong></span> <span class='ocrx_word' id='word_1_308' title='bbox 1586 2394 1644 2450; x_wconf 89' lang='lat' dir='ltr'><strong>veri</strong></span> <span class='ocrx_word' id='word_1_309' title='bbox 1656 2392 1704 2449; x_wconf 86' lang='lat' dir='ltr'><strong>Dei</strong></span> <span class='ocrx_word' id='word_1_310' title='bbox 1713 2392 1800 2448; x_wconf 84' lang='lat' dir='ltr'><strong>Filius</strong></span> 
     </span>
     <span class='ocr_line' id='line_1_25' title="bbox 162 2481 1802 2562; baseline 0 -28"><span class='ocrx_word' id='word_1_311' title='bbox 162 2481 226 2550; x_wconf 87' lang='lat' dir='ltr'><strong>ejus</strong></span> <span class='ocrx_word' id='word_1_312' title='bbox 241 2483 385 2553; x_wconf 80' lang='lat' dir='ltr'><strong>praedicit:</strong></span> <span class='ocrx_word' id='word_1_313' title='bbox 400 2503 451 2556; x_wconf 87' lang='lat' dir='ltr'><strong>per</strong></span> <span class='ocrx_word' id='word_1_314' title='bbox 461 2503 525 2542; x_wconf 88' lang='lat' dir='ltr'><strong>eum</strong></span> <span class='ocrx_word' id='word_1_315' title='bbox 541 2488 616 2542; x_wconf 89' lang='lat' dir='ltr'><strong>enim</strong></span> <span class='ocrx_word' id='word_1_316' title='bbox 627 2489 712 2561; x_wconf 87' lang='lat' dir='ltr'><strong>primi</strong></span> <span class='ocrx_word' id='word_1_317' title='bbox 732 2492 857 2562; x_wconf 85' lang='lat' dir='ltr'><strong>parcatis</strong></span> <span class='ocrx_word' id='word_1_318' title='bbox 876 2493 962 2547; x_wconf 89' lang='lat' dir='ltr'><strong>male·</strong></span> <span class='ocrx_word' id='word_1_319' title='bbox 1002 2490 1187 2545; x_wconf 89' lang='lat' dir='ltr'><strong>annuntiatus</strong></span> <span class='ocrx_word' id='word_1_320' title='bbox 1197 2489 1232 2542; x_wconf 90' lang='lat' dir='ltr'><strong>ab</strong></span> <span class='ocrx_word' id='word_1_321' title='bbox 1247 2487 1357 2558; x_wconf 90' lang='lat' dir='ltr'><strong>angelo,</strong></span> <span class='ocrx_word' id='word_1_322' title='bbox 1372 2485 1488 2556; x_wconf 89' lang='lat' dir='ltr'><strong>virginis</strong></span> <span class='ocrx_word' id='word_1_323' title='bbox 1500 2483 1583 2538; x_wconf 89' lang='lat' dir='ltr'><strong>bodie</strong></span> <span class='ocrx_word' id='word_1_324' title='bbox 1597 2485 1748 2552; x_wconf 88' lang='lat' dir='ltr'><strong>conceptus</strong></span> <span class='ocrx_word' id='word_1_325' title='bbox 1758 2483 1802 2534; x_wconf 79' lang='lat' dir='ltr'><strong>ast</strong></span> 
     </span>
     <span class='ocr_line' id='line_1_26' title="bbox 161 2567 1802 2649; baseline -0.001 -25"><span class='ocrx_word' id='word_1_326' title='bbox 161 2567 286 2628; x_wconf 84' lang='lat' dir='ltr'><strong>dictione</strong></span> <span class='ocrx_word' id='word_1_327' title='bbox 302 2573 404 2642; x_wconf 78' lang='lat' dir='ltr'><strong>dalem,</strong></span> <span class='ocrx_word' id='word_1_328' title='bbox 421 2576 450 2630; x_wconf 90' lang='lat' dir='ltr'><strong>in</strong></span> <span class='ocrx_word' id='word_1_329' title='bbox 465 2593 546 2632; x_wconf 89' lang='lat' dir='ltr'><strong>omne</strong></span> <span class='ocrx_word' id='word_1_330' title='bbox 558 2595 648 2649; x_wconf 87' lang='lat' dir='ltr'><strong>genus</strong></span> <span class='ocrx_word' id='word_1_331' title='bbox 662 2581 835 2636; x_wconf 87' lang='lat' dir='ltr'><strong>credentium</strong></span> <span class='ocrx_word' id='word_1_332' title='bbox 846 2581 961 2638; x_wconf 88' lang='lat' dir='ltr'><strong>benedi·</strong></span> <span class='ocrx_word' id='word_1_333' title='bbox 1002 2579 1031 2633; x_wconf 93' lang='lat' dir='ltr'><strong>in</strong></span> <span class='ocrx_word' id='word_1_334' title='bbox 1046 2585 1137 2638; x_wconf 86' lang='lat' dir='ltr'><strong>utero.</strong></span> <span class='ocrx_word' id='word_1_335' title='bbox 1154 2578 1268 2632; x_wconf 88' lang='lat' dir='ltr'><strong>undeet</strong></span> <span class='ocrx_word' id='word_1_336' title='bbox 1281 2575 1416 2631; x_wconf 78' lang='lat' dir='ltr'><strong>festivitas</strong></span> <span class='ocrx_word' id='word_1_337' title='bbox 1430 2574 1488 2628; x_wconf 81' lang='lat' dir='ltr'><strong>hec</strong></span> <span class='ocrx_word' id='word_1_338' title='bbox 1500 2568 1802 2627; x_wconf 78' lang='lat' dir='ltr'><strong>hodiernannnuntia·</strong></span> 
     </span>
     <span class='ocr_line' id='line_1_27' title="bbox 163 2659 1391 2726; baseline 0.003 -13"><span class='ocrx_word' id='word_1_339' title='bbox 163 2659 219 2714; x_wconf 93' lang='lat' dir='ltr'><strong>ctio</strong></span> <span class='ocrx_word' id='word_1_340' title='bbox 239 2660 430 2719; x_wconf 88' lang='lat' dir='ltr'><strong>benedicenda</strong></span> <span class='ocrx_word' id='word_1_341' title='bbox 455 2666 608 2722; x_wconf 88' lang='lat' dir='ltr'><strong>descendit.</strong></span> <span class='ocrx_word' id='word_1_342' title='bbox 625 2669 660 2723; x_wconf 79' lang='lat' dir='ltr'><strong>iit</strong></span> <span class='ocrx_word' id='word_1_343' title='bbox 686 2686 749 2724; x_wconf 88' lang='lat' dir='ltr'><strong>vere</strong></span> <span class='ocrx_word' id='word_1_344' title='bbox 772 2669 962 2726; x_wconf 86' lang='lat' dir='ltr'><strong>benedicenda</strong></span> <span class='ocrx_word' id='word_1_345' title='bbox 1001 2669 1042 2722; x_wconf 94' lang='lat' dir='ltr'><strong>tio</strong></span> <span class='ocrx_word' id='word_1_346' title='bbox 1057 2666 1169 2722; x_wconf 87' lang='lat' dir='ltr'><strong>Domini</strong></span> <span class='ocrx_word' id='word_1_347' title='bbox 1180 2674 1224 2721; x_wconf 90' lang='lat' dir='ltr'><strong>ast</strong></span> <span class='ocrx_word' id='word_1_348' title='bbox 1237 2665 1391 2720; x_wconf 88' lang='lat' dir='ltr'><strong>nominata.</strong></span> 
     </span>
     <span class='ocr_line' id='line_1_28' title="bbox 164 2748 1515 2832; baseline 0 -27"><span class='ocrx_word' id='word_1_349' title='bbox 164 2763 227 2820; x_wconf 75' lang='lat' dir='ltr'><strong>qua</strong></span> <span class='ocrx_word' id='word_1_350' title='bbox 237 2748 365 2822; x_wconf 90' lang='lat' dir='ltr'><strong>dispersa</strong></span> <span class='ocrx_word' id='word_1_351' title='bbox 374 2761 536 2826; x_wconf 87' lang='lat' dir='ltr'><strong>congregat,</strong></span> <span class='ocrx_word' id='word_1_352' title='bbox 549 2756 639 2812; x_wconf 83' lang='lat' dir='ltr'><strong>fracta</strong></span> <span class='ocrx_word' id='word_1_353' title='bbox 647 2759 802 2814; x_wconf 86' lang='lat' dir='ltr'><strong>consolidat</strong></span> <span class='ocrx_word' id='word_1_354' title='bbox 811 2766 840 2815; x_wconf 89' lang='lat' dir='ltr'><strong>et</strong></span> <span class='ocrx_word' id='word_1_355' title='bbox 852 2760 962 2832; x_wconf 87' lang='lat' dir='ltr'><strong>perdita</strong></span> <span class='ocrx_word' id='word_1_356' title='bbox 1286 2748 1382 2808; x_wconf 82' lang='lat' dir='ltr'><strong>naono</strong></span> <span class='ocrx_word' id='word_1_357' title='bbox 1406 2767 1515 2814; x_wconf 82' lang='lat' dir='ltr'><strong>oumra.</strong></span> 
     </span>
     <span class='ocr_line' id='line_1_29' title="bbox 163 2838 1801 2916; baseline -0.001 -23"><span class='ocrx_word' id='word_1_358' title='bbox 163 2844 307 2895; x_wconf 78' lang='lat' dir='ltr'><strong>restaurat</strong></span> <span class='ocrx_word' id='word_1_359' title='bbox 318 2840 468 2899; x_wconf 69' lang='lat' dir='ltr'><strong>{indicibili</strong></span> <span class='ocrx_word' id='word_1_360' title='bbox 487 2851 581 2900; x_wconf 88' lang='lat' dir='ltr'><strong>autem</strong></span> <span class='ocrx_word' id='word_1_361' title='bbox 596 2847 784 2903; x_wconf 79' lang='lat' dir='ltr'><strong>admiratione</strong></span> <span class='ocrx_word' id='word_1_362' title='bbox 803 2849 916 2906; x_wconf 81' lang='lat' dir='ltr'><strong>visionis</strong></span> <span class='ocrx_word' id='word_1_363' title='bbox 934 2855 963 2905; x_wconf 96' lang='lat' dir='ltr'><strong>et</strong></span> <span class='ocrx_word' id='word_1_364' title='bbox 1038 2846 1070 2901; x_wconf 92' lang='lat' dir='ltr'><strong>ln</strong></span> <span class='ocrx_word' id='word_1_365' title='bbox 1085 2845 1139 2900; x_wconf 87' lang='lat' dir='ltr'><strong>bac</strong></span> <span class='ocrx_word' id='word_1_366' title='bbox 1149 2843 1238 2916; x_wconf 86' lang='lat' dir='ltr'><strong>igitur</strong></span> <span class='ocrx_word' id='word_1_367' title='bbox 1251 2849 1348 2898; x_wconf 91' lang='lat' dir='ltr'><strong>sancta</strong></span> <span class='ocrx_word' id='word_1_368' title='bbox 1362 2840 1534 2898; x_wconf 87' lang='lat' dir='ltr'><strong>celebritate.</strong></span> <span class='ocrx_word' id='word_1_369' title='bbox 1547 2839 1650 2894; x_wconf 85' lang='lat' dir='ltr'><strong>fratres</strong></span> <span class='ocrx_word' id='word_1_370' title='bbox 1667 2838 1801 2893; x_wconf 89' lang='lat' dir='ltr'><strong>cbarissi-</strong></span> 
     </span>
     <span class='ocr_line' id='line_1_30' title="bbox 116 2927 1802 3012; baseline 0 -30"><span class='ocrx_word' id='word_1_371' title='bbox 116 3003 123 3012; x_wconf 37' lang='lat'><strong>·</strong></span> <span class='ocrx_word' id='word_1_372' title='bbox 164 2928 344 2985; x_wconf 80' lang='lat' dir='ltr'><strong>salutationis</strong></span> <span class='ocrx_word' id='word_1_373' title='bbox 357 2934 491 3004; x_wconf 74' lang='lat' dir='ltr'><strong>angelice</strong></span> <span class='ocrx_word' id='word_1_374' title='bbox 501 2935 579 3007; x_wconf 88' lang='lat' dir='ltr'><strong>virgo</strong></span> <span class='ocrx_word' id='word_1_375' title='bbox 593 2935 716 3007; x_wconf 87' lang='lat' dir='ltr'><strong>turbata,</strong></span> <span class='ocrx_word' id='word_1_376' title='bbox 731 2937 862 2993; x_wconf 73' lang='lat' dir='ltr'><strong>humanae</strong></span> <span class='ocrx_word' id='word_1_377' title='bbox 879 2939 962 3011; x_wconf 82' lang='lat' dir='ltr'><strong>frugi·</strong></span> <span class='ocrx_word' id='word_1_378' title='bbox 1003 2933 1258 3006; x_wconf 89' lang='lat' dir='ltr'><strong>mi‚redemptiouis</strong></span> <span class='ocrx_word' id='word_1_379' title='bbox 1270 2937 1374 2988; x_wconf 86' lang='lat' dir='ltr'><strong>uostrae</strong></span> <span class='ocrx_word' id='word_1_380' title='bbox 1390 2929 1527 3004; x_wconf 90' lang='lat' dir='ltr'><strong>principia</strong></span> <span class='ocrx_word' id='word_1_381' title='bbox 1537 2927 1802 2992; x_wconf 87' lang='lat' dir='ltr'><strong>veneremur,devc-</strong></span> 
     </span>
     <span class='ocr_line' id='line_1_31' title="bbox 165 3017 1802 3102; baseline -0.001 -30"><span class='ocrx_word' id='word_1_382' title='bbox 165 3017 256 3073; x_wconf 82' lang='lat' dir='ltr'><strong>litatis</strong></span> <span class='ocrx_word' id='word_1_383' title='bbox 270 3019 450 3094; x_wconf 87' lang='lat' dir='ltr'><strong>subreptione</strong></span> <span class='ocrx_word' id='word_1_384' title='bbox 474 3025 682 3096; x_wconf 88' lang='lat' dir='ltr'><strong>aliquantulum</strong></span> <span class='ocrx_word' id='word_1_385' title='bbox 704 3027 878 3089; x_wconf 83' lang='lat' dir='ltr'><strong>tremefacta.</strong></span> <span class='ocrx_word' id='word_1_386' title='bbox 895 3030 962 3102; x_wconf 90' lang='lat' dir='ltr'><strong>quid</strong></span> <span class='ocrx_word' id='word_1_387' title='bbox 1002 3023 1294 3080; x_wconf 87' lang='lat' dir='ltr'><strong>tissimasanimarum</strong></span> <span class='ocrx_word' id='word_1_388' title='bbox 1310 3029 1471 3076; x_wconf 87' lang='lat' dir='ltr'><strong>nostrarum</strong></span> <span class='ocrx_word' id='word_1_389' title='bbox 1487 3018 1595 3074; x_wconf 87' lang='lat' dir='ltr'><strong>hostias</strong></span> <span class='ocrx_word' id='word_1_390' title='bbox 1608 3019 1665 3074; x_wconf 85' lang='lat' dir='ltr'><strong>[iao</strong></span> <span class='ocrx_word' id='word_1_391' title='bbox 1679 3017 1802 3072; x_wconf 89' lang='lat' dir='ltr'><strong>devotis·</strong></span> 
     </span>
     <span class='ocr_line' id='line_1_32' title="bbox 164 3095 1803 3187; baseline -0.001 -23"><span class='ocrx_word' id='word_1_392' title='bbox 164 3108 243 3164; x_wconf 81' lang='lat' dir='ltr'><strong>intra</strong></span> <span class='ocrx_word' id='word_1_393' title='bbox 253 3127 284 3166; x_wconf 91' lang='lat' dir='ltr'><strong>se</strong></span> <span class='ocrx_word' id='word_1_394' title='bbox 293 3112 466 3181; x_wconf 76' lang='lat' dir='ltr'><strong>cogitaverit,</strong></span> <span class='ocrx_word' id='word_1_395' title='bbox 483 3115 584 3187; x_wconf 89' lang='lat' dir='ltr'><strong>quidve</strong></span> <span class='ocrx_word' id='word_1_396' title='bbox 600 3117 630 3171; x_wconf 92' lang='lat' dir='ltr'><strong>in</strong></span> <span class='ocrx_word' id='word_1_397' title='bbox 642 3117 726 3172; x_wconf 89' lang='lat' dir='ltr'><strong>corde</strong></span> <span class='ocrx_word' id='word_1_398' title='bbox 745 3133 796 3172; x_wconf 87' lang='lat' dir='ltr'><strong>suo</strong></span> <span class='ocrx_word' id='word_1_399' title='bbox 818 3118 964 3173; x_wconf 88' lang='lat' dir='ltr'><strong>revolverit</strong></span> <span class='ocrx_word' id='word_1_400' title='bbox 1004 3113 1075 3169; x_wconf 82' lang='lat' dir='ltr'><strong>sime</strong></span> <span class='ocrx_word' id='word_1_401' title='bbox 1089 3113 1286 3176; x_wconf 68' lang='lat' dir='ltr'><strong>oiiemmusnt</strong></span> <span class='ocrx_word' id='word_1_402' title='bbox 1299 3095 1333 3165; x_wconf 77' lang='lat' dir='ltr'><strong>ad</strong></span> <span class='ocrx_word' id='word_1_403' title='bbox 1349 3109 1493 3182; x_wconf 77' lang='lat' dir='ltr'><strong>proruisse</strong></span> <span class='ocrx_word' id='word_1_404' title='bbox 1508 3107 1803 3180; x_wconf 78' lang='lat' dir='ltr'><strong>reparationissancte</strong></span> 
     </span>
     <span class='ocr_line' id='line_1_33' title="bbox 163 3195 1804 3280; baseline -0.002 -27"><span class='ocrx_word' id='word_1_405' title='bbox 163 3197 291 3254; x_wconf 89' lang='lat' dir='ltr'><strong>divinum</strong></span> <span class='ocrx_word' id='word_1_406' title='bbox 302 3200 382 3257; x_wconf 91' lang='lat' dir='ltr'><strong>illum</strong></span> <span class='ocrx_word' id='word_1_407' title='bbox 396 3210 581 3276; x_wconf 84' lang='lat' dir='ltr'><strong>symmystam</strong></span> <span class='ocrx_word' id='word_1_408' title='bbox 600 3222 657 3261; x_wconf 91' lang='lat' dir='ltr'><strong>non</strong></span> <span class='ocrx_word' id='word_1_409' title='bbox 683 3206 790 3272; x_wconf 83' lang='lat' dir='ltr'><strong>feiellit,</strong></span> <span class='ocrx_word' id='word_1_410' title='bbox 810 3223 963 3280; x_wconf 88' lang='lat' dir='ltr'><strong>paranym-</strong></span> <span class='ocrx_word' id='word_1_411' title='bbox 1004 3202 1183 3260; x_wconf 88' lang='lat' dir='ltr'><strong>sanctissima</strong></span> <span class='ocrx_word' id='word_1_412' title='bbox 1196 3201 1300 3272; x_wconf 91' lang='lat' dir='ltr'><strong>gaudia</strong></span> <span class='ocrx_word' id='word_1_413' title='bbox 1315 3216 1366 3272; x_wconf 88' lang='lat' dir='ltr'><strong>per</strong></span> <span class='ocrx_word' id='word_1_414' title='bbox 1392 3198 1522 3254; x_wconf 87' lang='lat' dir='ltr'><strong>eumdem</strong></span> <span class='ocrx_word' id='word_1_415' title='bbox 1551 3195 1693 3252; x_wconf 83' lang='lat' dir='ltr'><strong>Christum</strong></span> <span class='ocrx_word' id='word_1_416' title='bbox 1712 3195 1804 3251; x_wconf 88' lang='lat' dir='ltr'><strong>securi</strong></span> 
     </span>
     <span class='ocr_line' id='line_1_34' title="bbox 162 3285 1804 3368; baseline -0.001 -27"><span class='ocrx_word' id='word_1_417' title='bbox 162 3286 253 3359; x_wconf 90' lang='lat' dir='ltr'><strong>phum</strong></span> <span class='ocrx_word' id='word_1_418' title='bbox 267 3291 425 3360; x_wconf 87' lang='lat' dir='ltr'><strong>angelicum</strong></span> <span class='ocrx_word' id='word_1_419' title='bbox 438 3293 526 3349; x_wconf 84' lang='lat' dir='ltr'><strong>latere</strong></span> <span class='ocrx_word' id='word_1_420' title='bbox 536 3310 592 3349; x_wconf 93' lang='lat' dir='ltr'><strong>non</strong></span> <span class='ocrx_word' id='word_1_421' title='bbox 598 3295 714 3366; x_wconf 78' lang='lat' dir='ltr'><strong>potuit.)</strong></span> <span class='ocrx_word' id='word_1_422' title='bbox 726 3296 830 3351; x_wconf 87' lang='lat' dir='ltr'><strong>lmoad</strong></span> <span class='ocrx_word' id='word_1_423' title='bbox 842 3297 965 3368; x_wconf 87' lang='lat' dir='ltr'><strong>cogitata</strong></span> <span class='ocrx_word' id='word_1_424' title='bbox 1004 3291 1150 3366; x_wconf 88' lang='lat' dir='ltr'><strong>pervenire</strong></span> <span class='ocrx_word' id='word_1_425' title='bbox 1159 3290 1413 3360; x_wconf 88' lang='lat' dir='ltr'><strong>valeamus.Hujus</strong></span> <span class='ocrx_word' id='word_1_426' title='bbox 1426 3289 1523 3360; x_wconf 87' lang='lat' dir='ltr'><strong>itaque</strong></span> <span class='ocrx_word' id='word_1_427' title='bbox 1535 3285 1695 3342; x_wconf 76' lang='lat' dir='ltr'><strong>festivitatis</strong></span> <span class='ocrx_word' id='word_1_428' title='bbox 1703 3285 1804 3341; x_wconf 87' lang='lat' dir='ltr'><strong>solem·</strong></span> 
     </span>
     <span class='ocr_line' id='line_1_35' title="bbox 162 3375 1803 3455; baseline -0.001 -24"><span class='ocrx_word' id='word_1_429' title='bbox 162 3380 301 3449; x_wconf 90' lang='lat' dir='ltr'><strong>tanquam</strong></span> <span class='ocrx_word' id='word_1_430' title='bbox 315 3380 350 3434; x_wconf 88' lang='lat' dir='ltr'><strong>ad</strong></span> <span class='ocrx_word' id='word_1_431' title='bbox 365 3381 545 3438; x_wconf 85' lang='lat' dir='ltr'><strong>manifestata</strong></span> <span class='ocrx_word' id='word_1_432' title='bbox 558 3383 766 3455; x_wconf 82' lang='lat' dir='ltr'><strong>respouditllit</strong></span> <span class='ocrx_word' id='word_1_433' title='bbox 775 3385 861 3451; x_wconf 88' lang='lat' dir='ltr'><strong>enim,</strong></span> <span class='ocrx_word' id='word_1_434' title='bbox 870 3385 965 3441; x_wconf 73' lang='lat' dir='ltr'><strong>&#39;limes</strong></span> <span class='ocrx_word' id='word_1_435' title='bbox 1006 3381 1053 3436; x_wconf 90' lang='lat' dir='ltr'><strong>nia</strong></span> <span class='ocrx_word' id='word_1_436' title='bbox 1064 3387 1140 3436; x_wconf 85' lang='lat' dir='ltr'><strong>certe</strong></span> <span class='ocrx_word' id='word_1_437' title='bbox 1153 3380 1183 3435; x_wconf 91' lang='lat' dir='ltr'><strong>in</strong></span> <span class='ocrx_word' id='word_1_438' title='bbox 1193 3379 1323 3445; x_wconf 88' lang='lat' dir='ltr'><strong>termino,</strong></span> <span class='ocrx_word' id='word_1_439' title='bbox 1339 3383 1436 3433; x_wconf 89' lang='lat' dir='ltr'><strong>octavo</strong></span> <span class='ocrx_word' id='word_1_440' title='bbox 1458 3375 1587 3432; x_wconf 89' lang='lat' dir='ltr'><strong>videlicet</strong></span> <span class='ocrx_word' id='word_1_441' title='bbox 1612 3375 1803 3431; x_wconf 85' lang='lat' dir='ltr'><strong>Kalendarum</strong></span> 
     </span>
     <span class='ocr_line' id='line_1_36' title="bbox 162 3464 1804 3541; baseline -0.001 -21"><span class='ocrx_word' id='word_1_442' title='bbox 162 3466 265 3538; x_wconf 76' lang='lat' dir='ltr'><strong>virgo?</strong></span> <span class='ocrx_word' id='word_1_443' title='bbox 276 3469 420 3525; x_wconf 86' lang='lat' dir='ltr'><strong>netimeas</strong></span> <span class='ocrx_word' id='word_1_444' title='bbox 431 3491 439 3541; x_wconf 93' lang='lat'>;</span> <span class='ocrx_word' id='word_1_445' title='bbox 455 3472 629 3528; x_wconf 83' lang='lat' dir='ltr'><strong>turbataesl</strong></span> <span class='ocrx_word' id='word_1_446' title='bbox 643 3490 678 3528; x_wconf 85' lang='lat' dir='ltr'><strong>ne</strong></span> <span class='ocrx_word' id='word_1_447' title='bbox 693 3473 824 3528; x_wconf 87' lang='lat' dir='ltr'><strong>turberis.</strong></span> <span class='ocrx_word' id='word_1_448' title='bbox 836 3475 963 3529; x_wconf 86' lang='lat' dir='ltr'><strong>Gratiam</strong></span> <span class='ocrx_word' id='word_1_449' title='bbox 1005 3470 1123 3541; x_wconf 84' lang='lat' dir='ltr'><strong>Aprilis,</strong></span> <span class='ocrx_word' id='word_1_450' title='bbox 1140 3469 1214 3524; x_wconf 90' lang='lat' dir='ltr'><strong>sicut</strong></span> <span class='ocrx_word' id='word_1_451' title='bbox 1224 3468 1411 3540; x_wconf 73' lang='lat' dir='ltr'><strong>prediximus,</strong></span> <span class='ocrx_word' id='word_1_452' title='bbox 1422 3466 1543 3522; x_wconf 83' lang='lat' dir='ltr'><strong>visitatio</strong></span> <span class='ocrx_word' id='word_1_453' title='bbox 1557 3465 1683 3536; x_wconf 87' lang='lat' dir='ltr'><strong>angelica</strong></span> <span class='ocrx_word' id='word_1_454' title='bbox 1694 3464 1804 3520; x_wconf 88' lang='lat' dir='ltr'><strong>dedica-</strong></span> 
     </span>
     <span class='ocr_line' id='line_1_37' title="bbox 163 3555 1803 3635; baseline 0 -26"><span class='ocrx_word' id='word_1_455' title='bbox 163 3556 240 3627; x_wconf 90' lang='lat' dir='ltr'><strong>apud</strong></span> <span class='ocrx_word' id='word_1_456' title='bbox 250 3557 401 3614; x_wconf 90' lang='lat' dir='ltr'><strong>Dominum</strong></span> <span class='ocrx_word' id='word_1_457' title='bbox 411 3559 550 3626; x_wconf 87' lang='lat' dir='ltr'><strong>invenisti,</strong></span> <span class='ocrx_word' id='word_1_458' title='bbox 567 3579 619 3635; x_wconf 87' lang='lat' dir='ltr'><strong>per</strong></span> <span class='ocrx_word' id='word_1_459' title='bbox 646 3578 730 3634; x_wconf 85' lang='lat' dir='ltr'><strong>quam</strong></span> <span class='ocrx_word' id='word_1_460' title='bbox 755 3568 785 3618; x_wconf 85' lang='lat' dir='ltr'><strong>et</strong></span> <span class='ocrx_word' id='word_1_461' title='bbox 799 3561 963 3620; x_wconf 76' lang='lat' dir='ltr'><strong>benedictus</strong></span> <span class='ocrx_word' id='word_1_462' title='bbox 1004 3558 1054 3625; x_wconf 91' lang='lat' dir='ltr'><strong>vit,</strong></span> <span class='ocrx_word' id='word_1_463' title='bbox 1066 3557 1187 3630; x_wconf 87' lang='lat' dir='ltr'><strong>Spiritus</strong></span> <span class='ocrx_word' id='word_1_464' title='bbox 1199 3557 1287 3613; x_wconf 90' lang='lat' dir='ltr'><strong>sancti</strong></span> <span class='ocrx_word' id='word_1_465' title='bbox 1300 3556 1478 3612; x_wconf 86' lang='lat' dir='ltr'><strong>obumbratio</strong></span> <span class='ocrx_word' id='word_1_466' title='bbox 1493 3555 1675 3616; x_wconf 82' lang='lat' dir='ltr'><strong>consecravit,</strong></span> <span class='ocrx_word' id='word_1_467' title='bbox 1689 3560 1803 3609; x_wconf 90' lang='lat' dir='ltr'><strong>sancto·</strong></span> 
     </span>
     <span class='ocr_line' id='line_1_38' title="bbox 163 3642 1801 3725; baseline -0.002 -25"><span class='ocrx_word' id='word_1_468' title='bbox 163 3653 208 3700; x_wconf 81' lang='lat' dir='ltr'><strong>est</strong></span> <span class='ocrx_word' id='word_1_469' title='bbox 220 3645 328 3702; x_wconf 72' lang='lat' dir='ltr'><strong>noctus</strong></span> <span class='ocrx_word' id='word_1_470' title='bbox 342 3649 446 3704; x_wconf 89' lang='lat' dir='ltr'><strong>ventris</strong></span> <span class='ocrx_word' id='word_1_471' title='bbox 457 3650 526 3706; x_wconf 66' lang='lat' dir='ltr'><strong>tuin</strong></span> <span class='ocrx_word' id='word_1_472' title='bbox 540 3649 612 3706; x_wconf 78' lang='lat' dir='ltr'><strong>Ecce</strong></span> <span class='ocrx_word' id='word_1_473' title='bbox 623 3652 698 3707; x_wconf 87' lang='lat' dir='ltr'><strong>enim</strong></span> <span class='ocrx_word' id='word_1_474' title='bbox 713 3652 861 3724; x_wconf 88' lang='lat' dir='ltr'><strong>concipies,</strong></span> <span class='ocrx_word' id='word_1_475' title='bbox 875 3658 903 3708; x_wconf 90' lang='lat' dir='ltr'><strong>et</strong></span> <span class='ocrx_word' id='word_1_476' title='bbox 915 3670 964 3725; x_wconf 84' lang='lat' dir='ltr'><strong>pa·</strong></span> <span class='ocrx_word' id='word_1_477' title='bbox 1004 3663 1067 3702; x_wconf 89' lang='lat' dir='ltr'><strong>rum</strong></span> <span class='ocrx_word' id='word_1_478' title='bbox 1076 3648 1193 3703; x_wconf 84' lang='lat' dir='ltr'><strong>Petrum</strong></span> <span class='ocrx_word' id='word_1_479' title='bbox 1208 3646 1398 3702; x_wconf 89' lang='lat' dir='ltr'><strong>auctoritasiu</strong></span> <span class='ocrx_word' id='word_1_480' title='bbox 1414 3645 1513 3700; x_wconf 90' lang='lat' dir='ltr'><strong>eodem</strong></span> <span class='ocrx_word' id='word_1_481' title='bbox 1528 3649 1625 3700; x_wconf 89' lang='lat' dir='ltr'><strong>sancto</strong></span> <span class='ocrx_word' id='word_1_482' title='bbox 1640 3642 1750 3715; x_wconf 90' lang='lat' dir='ltr'><strong>Spiritu</strong></span> <span class='ocrx_word' id='word_1_483' title='bbox 1758 3657 1801 3697; x_wconf 90' lang='lat' dir='ltr'><strong>ce-</strong></span> 
     </span>
     <span class='ocr_line' id='line_1_39' title="bbox 162 3729 1805 3812; baseline -0.002 -24"><span class='ocrx_word' id='word_1_484' title='bbox 162 3733 221 3788; x_wconf 87' lang='lat' dir='ltr'><strong>ries</strong></span> <span class='ocrx_word' id='word_1_485' title='bbox 232 3735 334 3803; x_wconf 84' lang='lat' dir='ltr'><strong>tilium,</strong></span> <span class='ocrx_word' id='word_1_486' title='bbox 350 3739 498 3794; x_wconf 89' lang='lat' dir='ltr'><strong>etvooabis</strong></span> <span class='ocrx_word' id='word_1_487' title='bbox 510 3755 614 3796; x_wconf 89' lang='lat' dir='ltr'><strong>nomen</strong></span> <span class='ocrx_word' id='word_1_488' title='bbox 628 3743 690 3812; x_wconf 81' lang='lat' dir='ltr'><strong>ejus</strong></span> <span class='ocrx_word' id='word_1_489' title='bbox 702 3742 808 3809; x_wconf 83' lang='lat' dir='ltr'><strong>lesum,</strong></span> <span class='ocrx_word' id='word_1_490' title='bbox 826 3759 839 3796; x_wconf 79' lang='lat' dir='ltr'><strong>a</strong></span> <span class='ocrx_word' id='word_1_491' title='bbox 865 3743 894 3798; x_wconf 93' lang='lat' dir='ltr'><strong>id</strong></span> <span class='ocrx_word' id='word_1_492' title='bbox 919 3748 964 3799; x_wconf 86' lang='lat' dir='ltr'><strong>est</strong></span> <span class='ocrx_word' id='word_1_493' title='bbox 1003 3735 1168 3792; x_wconf 86' lang='lat' dir='ltr'><strong>lebrandam</strong></span> <span class='ocrx_word' id='word_1_494' title='bbox 1181 3735 1367 3792; x_wconf 90' lang='lat' dir='ltr'><strong>coniirmavit.</strong></span> <span class='ocrx_word' id='word_1_495' title='bbox 1380 3735 1433 3791; x_wconf 89' lang='lat' dir='ltr'><strong>Sed</strong></span> <span class='ocrx_word' id='word_1_496' title='bbox 1449 3735 1516 3806; x_wconf 90' lang='lat' dir='ltr'><strong>quia</strong></span> <span class='ocrx_word' id='word_1_497' title='bbox 1529 3729 1805 3806; x_wconf 86' lang='lat' dir='ltr'><strong>plerumquediebus</strong></span> 
     </span>
     <span class='ocr_line' id='line_1_40' title="bbox 164 3818 1803 3894; baseline -0.001 -16"><span class='ocrx_word' id='word_1_498' title='bbox 164 3821 350 3892; x_wconf 85' lang='lat' dir='ltr'><strong>Salvatorem,</strong></span> <span class='ocrx_word' id='word_1_499' title='bbox 366 3827 539 3884; x_wconf 84' lang='lat' dir='ltr'><strong>Salvatoram</strong></span> <span class='ocrx_word' id='word_1_500' title='bbox 555 3829 685 3886; x_wconf 86' lang='lat' dir='ltr'><strong>videlicet</strong></span> <span class='ocrx_word' id='word_1_501' title='bbox 697 3831 823 3886; x_wconf 90' lang='lat' dir='ltr'><strong>omnium</strong></span> <span class='ocrx_word' id='word_1_502' title='bbox 833 3848 961 3887; x_wconf 89' lang='lat' dir='ltr'><strong>suorum.</strong></span> <span class='ocrx_word' id='word_1_503' title='bbox 1002 3825 1154 3882; x_wconf 78' lang='lat' dir='ltr'><strong>Dominicae</strong></span> <span class='ocrx_word' id='word_1_504' title='bbox 1169 3825 1311 3880; x_wconf 88' lang='lat' dir='ltr'><strong>Passionis</strong></span> <span class='ocrx_word' id='word_1_505' title='bbox 1326 3825 1384 3880; x_wconf 87' lang='lat' dir='ltr'><strong>sive</strong></span> <span class='ocrx_word' id='word_1_506' title='bbox 1402 3823 1636 3886; x_wconf 81' lang='lat' dir='ltr'><strong>Resurrectiouis,</strong></span> <span class='ocrx_word' id='word_1_507' title='bbox 1652 3822 1683 3877; x_wconf 93' lang='lat' dir='ltr'><strong>iu</strong></span> <span class='ocrx_word' id='word_1_508' title='bbox 1701 3818 1803 3894; x_wconf 90' lang='lat' dir='ltr'><strong>quibus</strong></span> 
     </span>
     <span class='ocr_line' id='line_1_41' title="bbox 163 3909 1806 3992; baseline -0.001 -26"><span class='ocrx_word' id='word_1_509' title='bbox 163 3912 209 3966; x_wconf 80' lang='lat' dir='ltr'><strong>Ad</strong></span> <span class='ocrx_word' id='word_1_510' title='bbox 223 3913 296 3968; x_wconf 87' lang='lat' dir='ltr'><strong>banc</strong></span> <span class='ocrx_word' id='word_1_511' title='bbox 314 3917 531 3974; x_wconf 85' lang='lat' dir='ltr'><strong>consolationem</strong></span> <span class='ocrx_word' id='word_1_512' title='bbox 552 3920 707 3990; x_wconf 89' lang='lat' dir='ltr'><strong>angelicam</strong></span> <span class='ocrx_word' id='word_1_513' title='bbox 732 3921 810 3992; x_wconf 83' lang='lat' dir='ltr'><strong>virgo</strong></span> <span class='ocrx_word' id='word_1_514' title='bbox 838 3921 963 3992; x_wconf 80' lang='lat' dir='ltr'><strong>puellula</strong></span> <span class='ocrx_word' id='word_1_515' title='bbox 1003 3916 1140 3970; x_wconf 86' lang='lat' dir='ltr'><strong>memoria</strong></span> <span class='ocrx_word' id='word_1_516' title='bbox 1154 3920 1315 3970; x_wconf 91' lang='lat' dir='ltr'><strong>sanctorum</strong></span> <span class='ocrx_word' id='word_1_517' title='bbox 1330 3913 1391 3968; x_wconf 82' lang='lat' dir='ltr'><strong>lieri</strong></span> <span class='ocrx_word' id='word_1_518' title='bbox 1413 3912 1663 3985; x_wconf 89' lang='lat' dir='ltr'><strong>prohibetur,eam</strong></span> <span class='ocrx_word' id='word_1_519' title='bbox 1687 3909 1806 3981; x_wconf 89' lang='lat' dir='ltr'><strong>contigit</strong></span> 
     </span>
     <span class='ocr_line' id='line_1_42' title="bbox 163 3998 1805 4077; baseline -0.002 -21"><span class='ocrx_word' id='word_1_520' title='bbox 163 4002 312 4074; x_wconf 86' lang='lat' dir='ltr'><strong>paululum</strong></span> <span class='ocrx_word' id='word_1_521' title='bbox 324 4005 476 4077; x_wconf 86' lang='lat' dir='ltr'><strong>respirans,</strong></span> <span class='ocrx_word' id='word_1_522' title='bbox 493 4007 630 4064; x_wconf 88' lang='lat' dir='ltr'><strong>submisso</strong></span> <span class='ocrx_word' id='word_1_523' title='bbox 645 4009 962 4075; x_wconf 84' lang='lat' dir='ltr'><strong>vultu:Quomodo,in-</strong></span> <span class='ocrx_word' id='word_1_524' title='bbox 1003 4003 1137 4068; x_wconf 88' lang='lat' dir='ltr'><strong>evenisse,</strong></span> <span class='ocrx_word' id='word_1_525' title='bbox 1159 4019 1177 4057; x_wconf 88' lang='lat' dir='ltr'><strong>a</strong></span> <span class='ocrx_word' id='word_1_526' title='bbox 1199 4002 1305 4057; x_wconf 90' lang='lat' dir='ltr'><strong>sanctis</strong></span> <span class='ocrx_word' id='word_1_527' title='bbox 1327 4001 1509 4061; x_wconf 76' lang='lat' dir='ltr'><strong>Patribusin</strong></span> <span class='ocrx_word' id='word_1_528' title='bbox 1530 4000 1650 4073; x_wconf 88' lang='lat' dir='ltr'><strong>quodam</strong></span> <span class='ocrx_word' id='word_1_529' title='bbox 1675 3998 1805 4054; x_wconf 76' lang='lat' dir='ltr'><strong>Ecclesia</strong></span> 
     </span>
     <span class='ocr_line' id='line_1_43' title="bbox 166 4085 1804 4171; baseline -0.002 -25"><span class='ocrx_word' id='word_1_530' title='bbox 166 4091 239 4162; x_wconf 87' lang='lat' dir='ltr'><strong>quit,</strong></span> <span class='ocrx_word' id='word_1_531' title='bbox 253 4092 302 4147; x_wconf 86' lang='lat' dir='ltr'><strong>flet</strong></span> <span class='ocrx_word' id='word_1_532' title='bbox 316 4098 348 4148; x_wconf 92' lang='lat' dir='ltr'><strong>ut</strong></span> <span class='ocrx_word' id='word_1_533' title='bbox 358 4095 478 4166; x_wconf 87' lang='lat' dir='ltr'><strong>pariam.</strong></span> <span class='ocrx_word' id='word_1_534' title='bbox 491 4113 552 4169; x_wconf 82' lang='lat' dir='ltr'><strong>quae</strong></span> <span class='ocrx_word' id='word_1_535' title='bbox 559 4099 686 4169; x_wconf 88' lang='lat' dir='ltr'><strong>pariendi</strong></span> <span class='ocrx_word' id='word_1_536' title='bbox 695 4115 840 4171; x_wconf 88' lang='lat' dir='ltr'><strong>nunquam</strong></span> <span class='ocrx_word' id='word_1_537' title='bbox 849 4105 965 4170; x_wconf 83' lang='lat' dir='ltr'><strong>experta</strong></span> <span class='ocrx_word' id='word_1_538' title='bbox 1004 4093 1145 4148; x_wconf 79' lang='lat' dir='ltr'><strong>Toletanae</strong></span> <span class='ocrx_word' id='word_1_539' title='bbox 1161 4091 1278 4147; x_wconf 91' lang='lat' dir='ltr'><strong>concilio</strong></span> <span class='ocrx_word' id='word_1_540' title='bbox 1292 4090 1451 4154; x_wconf 87' lang='lat' dir='ltr'><strong>didicimus,</strong></span> <span class='ocrx_word' id='word_1_541' title='bbox 1467 4094 1605 4144; x_wconf 88' lang='lat' dir='ltr'><strong>statutum</strong></span> <span class='ocrx_word' id='word_1_542' title='bbox 1615 4104 1677 4143; x_wconf 88' lang='lat' dir='ltr'><strong>esse</strong></span> <span class='ocrx_word' id='word_1_543' title='bbox 1691 4103 1725 4143; x_wconf 88' lang='lat' dir='ltr'><strong>xv</strong></span> <span class='ocrx_word' id='word_1_544' title='bbox 1739 4085 1804 4143; x_wconf 85' lang='lat' dir='ltr'><strong>Kal.</strong></span> 
     </span>
     <span class='ocr_line' id='line_1_44' title="bbox 165 4177 1805 4261; baseline -0.004 -26"><span class='ocrx_word' id='word_1_545' title='bbox 165 4197 230 4236; x_wconf 88' lang='lat' dir='ltr'><strong>sum</strong></span> <span class='ocrx_word' id='word_1_546' title='bbox 245 4183 403 4239; x_wconf 85' lang='lat' dir='ltr'><strong>materiam.</strong></span> <span class='ocrx_word' id='word_1_547' title='bbox 420 4186 565 4258; x_wconf 88' lang='lat' dir='ltr'><strong>Puorperii</strong></span> <span class='ocrx_word' id='word_1_548' title='bbox 571 4187 774 4244; x_wconf 83' lang='lat' dir='ltr'><strong>delectamenta</strong></span> <span class='ocrx_word' id='word_1_549' title='bbox 782 4205 838 4243; x_wconf 92' lang='lat' dir='ltr'><strong>non</strong></span> <span class='ocrx_word' id='word_1_550' title='bbox 850 4189 964 4261; x_wconf 90' lang='lat' dir='ltr'><strong>pertuli,</strong></span> <span class='ocrx_word' id='word_1_551' title='bbox 1004 4181 1133 4237; x_wconf 70' lang='lat' dir='ltr'><strong>«Ianuarii</strong></span> <span class='ocrx_word' id='word_1_552' title='bbox 1148 4181 1258 4253; x_wconf 88' lang='lat' dir='ltr'><strong>quoties</strong></span> <span class='ocrx_word' id='word_1_553' title='bbox 1271 4181 1312 4235; x_wconf 89' lang='lat' dir='ltr'><strong>sic</strong></span> <span class='ocrx_word' id='word_1_554' title='bbox 1326 4179 1451 4235; x_wconf 87' lang='lat' dir='ltr'><strong>evenerit</strong></span> <span class='ocrx_word' id='word_1_555' title='bbox 1463 4177 1627 4234; x_wconf 85' lang='lat' dir='ltr'><strong>solemniter</strong></span> <span class='ocrx_word' id='word_1_556' title='bbox 1651 4177 1805 4231; x_wconf 83' lang='lat' dir='ltr'><strong>reforman-</strong></span> 
     </span>
     <span class='ocr_line' id='line_1_45' title="bbox 165 4263 1806 4350; baseline -0.011 -15"><span class='ocrx_word' id='word_1_557' title='bbox 165 4271 318 4328; x_wconf 74' lang='lat' dir='ltr'><strong>muliebria</strong></span> <span class='ocrx_word' id='word_1_558' title='bbox 332 4274 410 4330; x_wconf 90' lang='lat' dir='ltr'><strong>nullo</strong></span> <span class='ocrx_word' id='word_1_559' title='bbox 424 4276 507 4330; x_wconf 90' lang='lat' dir='ltr'><strong>modo</strong></span> <span class='ocrx_word' id='word_1_560' title='bbox 521 4293 737 4348; x_wconf 84' lang='lat' dir='ltr'><strong>perpessasum,</strong></span> <span class='ocrx_word' id='word_1_561' title='bbox 747 4278 838 4332; x_wconf 85' lang='lat' dir='ltr'><strong>virum</strong></span> <span class='ocrx_word' id='word_1_562' title='bbox 849 4277 966 4350; x_wconf 78' lang='lat' dir='ltr'><strong>insuper</strong></span> <span class='ocrx_word' id='word_1_563' title='bbox 1006 4272 1081 4326; x_wconf 89' lang='lat' dir='ltr'><strong>dam.</strong></span> <span class='ocrx_word' id='word_1_564' title='bbox 1098 4270 1242 4336; x_wconf 83' lang='lat' dir='ltr'><strong>Quatenus</strong></span> <span class='ocrx_word' id='word_1_565' title='bbox 1251 4269 1348 4325; x_wconf 88' lang='lat' dir='ltr'><strong>etdies</strong></span> <span class='ocrx_word' id='word_1_566' title='bbox 1358 4268 1496 4324; x_wconf 89' lang='lat' dir='ltr'><strong>Dominici</strong></span> <span class='ocrx_word' id='word_1_567' title='bbox 1510 4283 1543 4323; x_wconf 87' lang='lat' dir='ltr'><strong>ex</strong></span> <span class='ocrx_word' id='word_1_568' title='bbox 1557 4266 1652 4322; x_wconf 87' lang='lat' dir='ltr'><strong>debito</strong></span> <span class='ocrx_word' id='word_1_569' title='bbox 1664 4263 1806 4319; x_wconf 87' lang='lat' dir='ltr'><strong>celebrau-</strong></span> 
     </span>
     <span class='ocr_line' id='line_1_46' title="bbox 164 4353 1806 4439; baseline -0.004 -25"><span class='ocrx_word' id='word_1_570' title='bbox 164 4375 223 4415; x_wconf 89' lang='lat' dir='ltr'><strong>non</strong></span> <span class='ocrx_word' id='word_1_571' title='bbox 238 4363 366 4432; x_wconf 80' lang='lat' dir='ltr'><strong>cognovi?</strong></span> <span class='ocrx_word' id='word_1_572' title='bbox 375 4362 559 4436; x_wconf 89' lang='lat' dir='ltr'><strong>Quid,inquit</strong></span> <span class='ocrx_word' id='word_1_573' title='bbox 572 4367 699 4437; x_wconf 86' lang='lat' dir='ltr'><strong>angelus,</strong></span> <span class='ocrx_word' id='word_1_574' title='bbox 712 4367 817 4422; x_wconf 79' lang='lat' dir='ltr'><strong>frustra</strong></span> <span class='ocrx_word' id='word_1_575' title='bbox 831 4367 966 4439; x_wconf 84' lang='lat' dir='ltr'><strong>expaves?</strong></span> <span class='ocrx_word' id='word_1_576' title='bbox 1007 4366 1063 4427; x_wconf 91' lang='lat' dir='ltr'><strong>tur,</strong></span> <span class='ocrx_word' id='word_1_577' title='bbox 1080 4365 1108 4415; x_wconf 91' lang='lat' dir='ltr'><strong>et</strong></span> <span class='ocrx_word' id='word_1_578' title='bbox 1121 4365 1224 4415; x_wconf 75' lang='lat' dir='ltr'><strong>sanctae</strong></span> <span class='ocrx_word' id='word_1_579' title='bbox 1238 4357 1470 4414; x_wconf 68' lang='lat' dir='ltr'><strong>annuntiationis</strong></span> <span class='ocrx_word' id='word_1_580' title='bbox 1485 4353 1806 4412; x_wconf 87' lang='lat' dir='ltr'><strong>devotissimasolcmni·</strong></span> 
     </span>
     <span class='ocr_line' id='line_1_47' title="bbox 163 4444 1804 4526; baseline -0.004 -22"><span class='ocrx_word' id='word_1_581' title='bbox 163 4449 324 4505; x_wconf 86' lang='lat' dir='ltr'><strong>mirabilem</strong></span> <span class='ocrx_word' id='word_1_582' title='bbox 339 4451 659 4526; x_wconf 82' lang='lat' dir='ltr'><strong>mirabiliterconcipies,</strong></span> <span class='ocrx_word' id='word_1_583' title='bbox 671 4455 738 4526; x_wconf 90' lang='lat' dir='ltr'><strong>quia</strong></span> <span class='ocrx_word' id='word_1_584' title='bbox 749 4473 762 4507; x_wconf 81' lang='lat' dir='ltr'><strong>v</strong></span> <span class='ocrx_word' id='word_1_585' title='bbox 775 4446 1049 4526; x_wconf 84' lang='lat' dir='ltr'><strong>Spiritussan-Dtas</strong></span> <span class='ocrx_word' id='word_1_586' title='bbox 1063 4466 1119 4505; x_wconf 93' lang='lat' dir='ltr'><strong>non</strong></span> <span class='ocrx_word' id='word_1_587' title='bbox 1133 4450 1303 4521; x_wconf 83' lang='lat' dir='ltr'><strong>negligatur.</strong></span> <span class='ocrx_word' id='word_1_588' title='bbox 1316 4448 1354 4503; x_wconf 84' lang='lat' dir='ltr'><strong>Ex</strong></span> <span class='ocrx_word' id='word_1_589' title='bbox 1363 4447 1513 4518; x_wconf 88' lang='lat' dir='ltr'><strong>bacigitur</strong></span> <span class='ocrx_word' id='word_1_590' title='bbox 1522 4444 1804 4502; x_wconf 89' lang='lat' dir='ltr'><strong>constitutioneanno</strong></span> 
     </span>
     <span class='ocr_line' id='line_1_48' title="bbox 162 4533 1803 4612; baseline -0.005 -18"><span class='ocrx_word' id='word_1_591' title='bbox 162 4544 228 4594; x_wconf 84' lang='lat' dir='ltr'><strong>ctus</strong></span> <span class='ocrx_word' id='word_1_592' title='bbox 242 4541 460 4612; x_wconf 88' lang='lat' dir='ltr'><strong>supervenietin</strong></span> <span class='ocrx_word' id='word_1_593' title='bbox 474 4549 512 4609; x_wconf 84' lang='lat' dir='ltr'><strong>te,</strong></span> <span class='ocrx_word' id='word_1_594' title='bbox 530 4547 559 4598; x_wconf 89' lang='lat' dir='ltr'><strong>et</strong></span> <span class='ocrx_word' id='word_1_595' title='bbox 572 4542 963 4600; x_wconf 79' lang='lat' dir='ltr'><strong>virtusaltissimiobumbra-</strong></span> <span class='ocrx_word' id='word_1_596' title='bbox 1005 4540 1158 4595; x_wconf 80' lang='lat' dir='ltr'><strong>Dominice</strong></span> <span class='ocrx_word' id='word_1_597' title='bbox 1181 4540 1320 4594; x_wconf 83' lang='lat' dir='ltr'><strong>incarnat.</strong></span> <span class='ocrx_word' id='word_1_598' title='bbox 1344 4535 1406 4594; x_wconf 80' lang='lat'>1081</span> <span class='ocrx_word' id='word_1_599' title='bbox 1438 4543 1504 4592; x_wconf 88' lang='lat' dir='ltr'><strong>ante</strong></span> <span class='ocrx_word' id='word_1_600' title='bbox 1527 4535 1689 4590; x_wconf 89' lang='lat' dir='ltr'><strong>Palmarum</strong></span> <span class='ocrx_word' id='word_1_601' title='bbox 1716 4533 1803 4600; x_wconf 86' lang='lat' dir='ltr'><strong>diem,</strong></span> 
     </span>
     <span class='ocr_line' id='line_1_49' title="bbox 161 4621 1806 4703; baseline -0.004 -20"><span class='ocrx_word' id='word_1_602' title='bbox 161 4627 207 4683; x_wconf 93' lang='lat' dir='ltr'><strong>bit</strong></span> <span class='ocrx_word' id='word_1_603' title='bbox 217 4629 284 4684; x_wconf 90' lang='lat' dir='ltr'><strong>tibi:</strong></span> <span class='ocrx_word' id='word_1_604' title='bbox 299 4631 373 4702; x_wconf 90' lang='lat' dir='ltr'><strong>quod</strong></span> <span class='ocrx_word' id='word_1_605' title='bbox 388 4631 462 4686; x_wconf 87' lang='lat' dir='ltr'><strong>anim</strong></span> <span class='ocrx_word' id='word_1_606' title='bbox 478 4647 510 4686; x_wconf 88' lang='lat' dir='ltr'><strong>ex</strong></span> <span class='ocrx_word' id='word_1_607' title='bbox 524 4637 553 4686; x_wconf 87' lang='lat' dir='ltr'><strong>te</strong></span> <span class='ocrx_word' id='word_1_608' title='bbox 566 4637 699 4687; x_wconf 87' lang='lat' dir='ltr'><strong>nascetur</strong></span> <span class='ocrx_word' id='word_1_609' title='bbox 720 4639 859 4703; x_wconf 86' lang='lat' dir='ltr'><strong>sanctum,</strong></span> <span class='ocrx_word' id='word_1_610' title='bbox 882 4649 965 4689; x_wconf 84' lang='lat' dir='ltr'><strong>voca-</strong></span> <span class='ocrx_word' id='word_1_611' title='bbox 1007 4629 1105 4700; x_wconf 90' lang='lat' dir='ltr'><strong>quinta</strong></span> <span class='ocrx_word' id='word_1_612' title='bbox 1119 4627 1197 4691; x_wconf 80' lang='lat' dir='ltr'><strong>feria,</strong></span> <span class='ocrx_word' id='word_1_613' title='bbox 1210 4626 1370 4682; x_wconf 80' lang='lat' dir='ltr'><strong>festivitatis</strong></span> <span class='ocrx_word' id='word_1_614' title='bbox 1384 4625 1535 4680; x_wconf 87' lang='lat' dir='ltr'><strong>terminum</strong></span> <span class='ocrx_word' id='word_1_615' title='bbox 1544 4623 1662 4694; x_wconf 89' lang='lat' dir='ltr'><strong>contigit</strong></span> <span class='ocrx_word' id='word_1_616' title='bbox 1671 4621 1806 4677; x_wconf 89' lang='lat' dir='ltr'><strong>accidisse</strong></span> 
     </span>
     <span class='ocr_line' id='line_1_50' title="bbox 161 4709 1807 4794; baseline -0.004 -22"><span class='ocrx_word' id='word_1_617' title='bbox 161 4718 241 4773; x_wconf 90' lang='lat' dir='ltr'><strong>bitur</strong></span> <span class='ocrx_word' id='word_1_618' title='bbox 253 4719 341 4775; x_wconf 85' lang='lat' dir='ltr'><strong>Filius</strong></span> <span class='ocrx_word' id='word_1_619' title='bbox 355 4720 415 4776; x_wconf 90' lang='lat' dir='ltr'><strong>Dei.</strong></span> <span class='ocrx_word' id='word_1_620' title='bbox 431 4741 444 4774; x_wconf 82' lang='lat' dir='ltr'><strong>c</strong></span> <span class='ocrx_word' id='word_1_621' title='bbox 461 4721 608 4787; x_wconf 83' lang='lat' dir='ltr'><strong>Nascetur,</strong></span> <span class='ocrx_word' id='word_1_622' title='bbox 627 4721 728 4794; x_wconf 82' lang='lat' dir='ltr'><strong>inquit,</strong></span> <span class='ocrx_word' id='word_1_623' title='bbox 744 4722 965 4787; x_wconf 84' lang='lat' dir='ltr'><strong>Sanctquuid</strong></span> <span class='ocrx_word' id='word_1_624' title='bbox 1007 4735 1103 4791; x_wconf 89' lang='lat' dir='ltr'><strong>quam,</strong></span> <span class='ocrx_word' id='word_1_625' title='bbox 1119 4717 1154 4772; x_wconf 94' lang='lat' dir='ltr'><strong>ob</strong></span> <span class='ocrx_word' id='word_1_626' title='bbox 1164 4718 1307 4772; x_wconf 88' lang='lat' dir='ltr'><strong>decretum</strong></span> <span class='ocrx_word' id='word_1_627' title='bbox 1318 4714 1437 4781; x_wconf 89' lang='lat' dir='ltr'><strong>concilii,</strong></span> <span class='ocrx_word' id='word_1_628' title='bbox 1448 4729 1539 4785; x_wconf 89' lang='lat' dir='ltr'><strong>neque</strong></span> <span class='ocrx_word' id='word_1_629' title='bbox 1549 4711 1669 4785; x_wconf 91' lang='lat' dir='ltr'><strong>populus</strong></span> <span class='ocrx_word' id='word_1_630' title='bbox 1684 4709 1807 4767; x_wconf 91' lang='lat' dir='ltr'><strong>celebra·</strong></span> 
     </span>
     <span class='ocr_line' id='line_1_51' title="bbox 161 4801 1807 4882; baseline -0.005 -19"><span class='ocrx_word' id='word_1_631' title='bbox 161 4809 314 4864; x_wconf 78' lang='lat' dir='ltr'><strong>sanctum?</strong></span> <span class='ocrx_word' id='word_1_632' title='bbox 335 4810 468 4866; x_wconf 86' lang='lat' dir='ltr'><strong>Sanctum</strong></span> <span class='ocrx_word' id='word_1_633' title='bbox 492 4815 664 4879; x_wconf 87' lang='lat' dir='ltr'><strong>sauctorum,</strong></span> <span class='ocrx_word' id='word_1_634' title='bbox 680 4812 747 4882; x_wconf 89' lang='lat' dir='ltr'><strong>quid</strong></span> <span class='ocrx_word' id='word_1_635' title='bbox 770 4817 814 4867; x_wconf 89' lang='lat' dir='ltr'><strong>cst</strong></span> <span class='ocrx_word' id='word_1_636' title='bbox 835 4817 964 4868; x_wconf 91' lang='lat' dir='ltr'><strong>sanctum</strong></span> <span class='ocrx_word' id='word_1_637' title='bbox 1006 4809 1158 4879; x_wconf 75' lang='lat' dir='ltr'><strong>ritusque</strong></span> <span class='ocrx_word' id='word_1_638' title='bbox 1172 4805 1354 4861; x_wconf 86' lang='lat' dir='ltr'><strong>sacerdotalis</strong></span> <span class='ocrx_word' id='word_1_639' title='bbox 1373 4803 1507 4876; x_wconf 84' lang='lat' dir='ltr'><strong>dignitas,</strong></span> <span class='ocrx_word' id='word_1_640' title='bbox 1520 4807 1605 4875; x_wconf 91' lang='lat' dir='ltr'><strong>prout</strong></span> <span class='ocrx_word' id='word_1_641' title='bbox 1621 4801 1666 4856; x_wconf 90' lang='lat' dir='ltr'><strong>sui</strong></span> <span class='ocrx_word' id='word_1_642' title='bbox 1690 4807 1734 4856; x_wconf 90' lang='lat' dir='ltr'><strong>est</strong></span> <span class='ocrx_word' id='word_1_643' title='bbox 1746 4801 1807 4857; x_wconf 83' lang='lat' dir='ltr'><strong>offl-</strong></span> 
     </span>
     <span class='ocr_line' id='line_1_52' title="bbox 163 4889 1805 4973; baseline -0.005 -20"><span class='ocrx_word' id='word_1_644' title='bbox 163 4899 347 4954; x_wconf 83' lang='lat' dir='ltr'><strong>sanctorumi</strong></span> <span class='ocrx_word' id='word_1_645' title='bbox 369 4899 469 4966; x_wconf 76' lang='lat' dir='ltr'><strong>Silius,</strong></span> <span class='ocrx_word' id='word_1_646' title='bbox 486 4900 586 4971; x_wconf 88' lang='lat' dir='ltr'><strong>iuquit,</strong></span> <span class='ocrx_word' id='word_1_647' title='bbox 604 4901 664 4956; x_wconf 89' lang='lat' dir='ltr'><strong>Dei.</strong></span> <span class='ocrx_word' id='word_1_648' title='bbox 681 4901 704 4957; x_wconf 95' lang='lat'>0</span> <span class='ocrx_word' id='word_1_649' title='bbox 720 4901 869 4973; x_wconf 88' lang='lat' dir='ltr'><strong>promissio</strong></span> <span class='ocrx_word' id='word_1_650' title='bbox 889 4900 963 4956; x_wconf 87' lang='lat' dir='ltr'><strong>desi·</strong></span> <span class='ocrx_word' id='word_1_651' title='bbox 1005 4897 1049 4964; x_wconf 89' lang='lat' dir='ltr'><strong>cii,</strong></span> <span class='ocrx_word' id='word_1_652' title='bbox 1061 4895 1258 4952; x_wconf 85' lang='lat' dir='ltr'><strong>celebrandam</strong></span> <span class='ocrx_word' id='word_1_653' title='bbox 1270 4893 1454 4949; x_wconf 89' lang='lat' dir='ltr'><strong>denuntiavit.</strong></span> <span class='ocrx_word' id='word_1_654' title='bbox 1467 4891 1545 4947; x_wconf 84' lang='lat' dir='ltr'><strong>Exiit</strong></span> <span class='ocrx_word' id='word_1_655' title='bbox 1557 4907 1624 4962; x_wconf 87' lang='lat' dir='ltr'><strong>ergo</strong></span> <span class='ocrx_word' id='word_1_656' title='bbox 1638 4889 1758 4963; x_wconf 89' lang='lat' dir='ltr'><strong>populus</strong></span> <span class='ocrx_word' id='word_1_657' title='bbox 1769 4890 1805 4944; x_wconf 89' lang='lat' dir='ltr'><strong>ad</strong></span> 
     </span>
    </p>
   </div>
   <div class='ocr_carea' id='block_1_3' title="bbox 162 4980 1806 5141">
    <p class='ocr_par' dir='ltr' id='par_1_3' title="bbox 162 4980 1806 5141">
     <span class='ocr_line' id='line_1_53' title="bbox 163 4980 1806 5062; baseline -0.005 -21"><span class='ocrx_word' id='word_1_658' title='bbox 163 4987 274 5052; x_wconf 79' lang='lat' dir='ltr'><strong>demta,</strong></span> <span class='ocrx_word' id='word_1_659' title='bbox 284 4989 428 5061; x_wconf 91' lang='lat' dir='ltr'><strong>conceptio</strong></span> <span class='ocrx_word' id='word_1_660' title='bbox 438 4988 628 5056; x_wconf 86' lang='lat' dir='ltr'><strong>immaculata,</strong></span> <span class='ocrx_word' id='word_1_661' title='bbox 640 4993 738 5062; x_wconf 84' lang='lat' dir='ltr'><strong>partus</strong></span> <span class='ocrx_word' id='word_1_662' title='bbox 750 4989 925 5046; x_wconf 90' lang='lat' dir='ltr'><strong>admirabilis</strong></span> <span class='ocrx_word' id='word_1_663' title='bbox 936 4997 965 5046; x_wconf 89' lang='lat' dir='ltr'><strong>et</strong></span> <span class='ocrx_word' id='word_1_664' title='bbox 1005 5003 1075 5059; x_wconf 91' lang='lat' dir='ltr'><strong>opus</strong></span> <span class='ocrx_word' id='word_1_665' title='bbox 1082 4985 1191 5050; x_wconf 90' lang='lat' dir='ltr'><strong>servile,</strong></span> <span class='ocrx_word' id='word_1_666' title='bbox 1205 4984 1235 5039; x_wconf 90' lang='lat' dir='ltr'><strong>hi</strong></span> <span class='ocrx_word' id='word_1_667' title='bbox 1249 4984 1432 5056; x_wconf 83' lang='lat' dir='ltr'><strong>agricultura,</strong></span> <span class='ocrx_word' id='word_1_668' title='bbox 1445 4982 1558 5037; x_wconf 89' lang='lat' dir='ltr'><strong>bicultu</strong></span> <span class='ocrx_word' id='word_1_669' title='bbox 1568 4980 1723 5044; x_wconf 73' lang='lat' dir='ltr'><strong>musarum,</strong></span> <span class='ocrx_word' id='word_1_670' title='bbox 1733 4992 1806 5032; x_wconf 92' lang='lat' dir='ltr'><strong>ncn-</strong></span> 
     </span>
     <span class='ocr_line' id='line_1_54' title="bbox 162 5065 1806 5141; baseline -0.006 -9"><span class='ocrx_word' id='word_1_671' title='bbox 162 5076 312 5132; x_wconf 87' lang='lat' dir='ltr'><strong>salutarisi</strong></span> <span class='ocrx_word' id='word_1_672' title='bbox 1005 5075 1075 5130; x_wconf 92' lang='lat' dir='ltr'><strong>nulli</strong></span> <span class='ocrx_word' id='word_1_673' title='bbox 1090 5075 1218 5141; x_wconf 89' lang='lat' dir='ltr'><strong>artiiicio,</strong></span> <span class='ocrx_word' id='word_1_674' title='bbox 1234 5073 1283 5128; x_wconf 90' lang='lat' dir='ltr'><strong>alii</strong></span> <span class='ocrx_word' id='word_1_675' title='bbox 1292 5072 1446 5128; x_wconf 75' lang='lat' dir='ltr'><strong>fabricandi</strong></span> <span class='ocrx_word' id='word_1_676' title='bbox 1459 5087 1510 5126; x_wconf 88' lang='lat' dir='ltr'><strong>seu</strong></span> <span class='ocrx_word' id='word_1_677' title='bbox 1521 5067 1692 5125; x_wconf 86' lang='lat' dir='ltr'><strong>resarciendi</strong></span> <span class='ocrx_word' id='word_1_678' title='bbox 1715 5065 1806 5122; x_wconf 84' lang='lat' dir='ltr'><strong>cincio</strong></span> 
     </span>
    </p>
   </div>
   <div class='ocr_carea' id='block_1_4' title="bbox 162 5154 1807 5688">
    <p class='ocr_par' dir='ltr' id='par_1_4' title="bbox 447 5154 1807 5236">
     <span class='ocr_line' id='line_1_55' title="bbox 447 5154 1807 5236; baseline -0.01 -14"><span class='ocrx_word' id='word_1_679' title='bbox 447 5180 545 5222; x_wconf 77' lang='lat' dir='ltr'><strong>anemo</strong></span> <span class='ocrx_word' id='word_1_680' title='bbox 565 5181 687 5229; x_wconf 71' lang='lat' dir='ltr'><strong>ausura.</strong></span> <span class='ocrx_word' id='word_1_681' title='bbox 1005 5165 1180 5224; x_wconf 87' lang='lat' dir='ltr'><strong>insudantes.</strong></span> <span class='ocrx_word' id='word_1_682' title='bbox 1194 5169 1314 5236; x_wconf 88' lang='lat' dir='ltr'><strong>uterque</strong></span> <span class='ocrx_word' id='word_1_683' title='bbox 1329 5179 1411 5219; x_wconf 85' lang='lat' dir='ltr'><strong>sexus</strong></span> <span class='ocrx_word' id='word_1_684' title='bbox 1422 5160 1539 5217; x_wconf 89' lang='lat' dir='ltr'><strong>diversis</strong></span> <span class='ocrx_word' id='word_1_685' title='bbox 1551 5156 1693 5212; x_wconf 89' lang='lat' dir='ltr'><strong>laboribus</strong></span> <span class='ocrx_word' id='word_1_686' title='bbox 1712 5154 1807 5210; x_wconf 91' lang='lat' dir='ltr'><strong>stude-</strong></span> 
     </span>
    </p>

    <p class='ocr_par' dir='ltr' id='par_1_5' title="bbox 162 5244 1806 5688">
     <span class='ocr_line' id='line_1_56' title="bbox 205 5244 1806 5328; baseline -0.007 -18"><span class='ocrx_word' id='word_1_687' title='bbox 205 5255 306 5310; x_wconf 79' lang='lat' dir='ltr'><strong>Primae</strong></span> <span class='ocrx_word' id='word_1_688' title='bbox 320 5255 430 5328; x_wconf 88' lang='lat' dir='ltr'><strong>parenti</strong></span> <span class='ocrx_word' id='word_1_689' title='bbox 444 5262 547 5312; x_wconf 76' lang='lat' dir='ltr'><strong>nostra</strong></span> <span class='ocrx_word' id='word_1_690' title='bbox 569 5257 675 5312; x_wconf 90' lang='lat' dir='ltr'><strong>dictum</strong></span> <span class='ocrx_word' id='word_1_691' title='bbox 700 5263 759 5313; x_wconf 91' lang='lat' dir='ltr'><strong>est:</strong></span> <span class='ocrx_word' id='word_1_692' title='bbox 778 5277 790 5310; x_wconf 81' lang='lat' dir='ltr'><strong>r</strong></span> <span class='ocrx_word' id='word_1_693' title='bbox 807 5257 841 5313; x_wconf 90' lang='lat' dir='ltr'><strong>In</strong></span> <span class='ocrx_word' id='word_1_694' title='bbox 869 5259 967 5315; x_wconf 90' lang='lat' dir='ltr'><strong>doloro</strong></span> <span class='ocrx_word' id='word_1_695' title='bbox 1006 5253 1076 5310; x_wconf 86' lang='lat' dir='ltr'><strong>bant</strong></span> <span class='ocrx_word' id='word_1_696' title='bbox 1087 5253 1245 5309; x_wconf 84' lang='lat' dir='ltr'><strong>intendere.</strong></span> <span class='ocrx_word' id='word_1_697' title='bbox 1261 5253 1366 5308; x_wconf 87' lang='lat' dir='ltr'><strong>Verum</strong></span> <span class='ocrx_word' id='word_1_698' title='bbox 1386 5251 1452 5323; x_wconf 88' lang='lat' dir='ltr'><strong>quia</strong></span> <span class='ocrx_word' id='word_1_699' title='bbox 1466 5250 1524 5304; x_wconf 78' lang='lat' dir='ltr'><strong>hec</strong></span> <span class='ocrx_word' id='word_1_700' title='bbox 1537 5248 1614 5317; x_wconf 90' lang='lat' dir='ltr'><strong>virgo</strong></span> <span class='ocrx_word' id='word_1_701' title='bbox 1629 5244 1806 5300; x_wconf 89' lang='lat' dir='ltr'><strong>sanctissima</strong></span> 
     </span>
     <span class='ocr_line' id='line_1_57' title="bbox 164 5332 1806 5417; baseline -0.009 -15"><span class='ocrx_word' id='word_1_702' title='bbox 164 5345 316 5416; x_wconf 77' lang='lat' dir='ltr'><strong>conmpies.</strong></span> <span class='ocrx_word' id='word_1_703' title='bbox 329 5345 477 5417; x_wconf 79' lang='lat' dir='ltr'><strong>atparies3</strong></span> <span class='ocrx_word' id='word_1_704' title='bbox 496 5363 508 5396; x_wconf 73' lang='lat' dir='ltr'><strong>a</strong></span> <span class='ocrx_word' id='word_1_705' title='bbox 525 5346 708 5402; x_wconf 77' lang='lat' dir='ltr'><strong>sanctissima</strong></span> <span class='ocrx_word' id='word_1_706' title='bbox 738 5352 833 5402; x_wconf 88' lang='lat' dir='ltr'><strong>autem</strong></span> <span class='ocrx_word' id='word_1_707' title='bbox 859 5347 965 5402; x_wconf 87' lang='lat' dir='ltr'><strong>dictum</strong></span> <span class='ocrx_word' id='word_1_708' title='bbox 1007 5345 1185 5416; x_wconf 85' lang='lat' dir='ltr'><strong>indignanter</strong></span> <span class='ocrx_word' id='word_1_709' title='bbox 1195 5342 1414 5414; x_wconf 86' lang='lat' dir='ltr'><strong>pertulitcadcm</strong></span> <span class='ocrx_word' id='word_1_710' title='bbox 1426 5339 1487 5409; x_wconf 91' lang='lat' dir='ltr'><strong>ipsa</strong></span> <span class='ocrx_word' id='word_1_711' title='bbox 1495 5337 1541 5391; x_wconf 87' lang='lat' dir='ltr'><strong>die</strong></span> <span class='ocrx_word' id='word_1_712' title='bbox 1551 5334 1667 5388; x_wconf 84' lang='lat' dir='ltr'><strong>mirifice</strong></span> <span class='ocrx_word' id='word_1_713' title='bbox 1678 5332 1806 5388; x_wconf 88' lang='lat' dir='ltr'><strong>deelara-</strong></span> 
     </span>
     <span class='ocr_line' id='line_1_58' title="bbox 163 5422 1805 5506; baseline -0.01 -14"><span class='ocrx_word' id='word_1_714' title='bbox 163 5441 211 5491; x_wconf 80' lang='lat' dir='ltr'><strong>est-</strong></span> <span class='ocrx_word' id='word_1_715' title='bbox 222 5435 347 5506; x_wconf 83' lang='lat' dir='ltr'><strong>Virgini:</strong></span> <span class='ocrx_word' id='word_1_716' title='bbox 366 5435 493 5490; x_wconf 82' lang='lat' dir='ltr'><strong>‹Virtus</strong></span> <span class='ocrx_word' id='word_1_717' title='bbox 511 5435 646 5490; x_wconf 79' lang='lat' dir='ltr'><strong>altissimi</strong></span> <span class='ocrx_word' id='word_1_718' title='bbox 662 5434 841 5491; x_wconf 90' lang='lat' dir='ltr'><strong>obumbrabit</strong></span> <span class='ocrx_word' id='word_1_719' title='bbox 867 5436 932 5505; x_wconf 91' lang='lat' dir='ltr'><strong>tibi;</strong></span> <span class='ocrx_word' id='word_1_720' title='bbox 953 5461 963 5485; x_wconf 72' lang='lat' dir='ltr'><strong>a</strong></span> <span class='ocrx_word' id='word_1_721' title='bbox 1006 5441 1068 5492; x_wconf 90' lang='lat' dir='ltr'><strong>tum</strong></span> <span class='ocrx_word' id='word_1_722' title='bbox 1080 5451 1141 5489; x_wconf 82' lang='lat' dir='ltr'><strong>esse</strong></span> <span class='ocrx_word' id='word_1_723' title='bbox 1153 5433 1249 5488; x_wconf 87' lang='lat' dir='ltr'><strong>voluit.</strong></span> <span class='ocrx_word' id='word_1_724' title='bbox 1270 5431 1382 5486; x_wconf 84' lang='lat' dir='ltr'><strong>Poterat</strong></span> <span class='ocrx_word' id='word_1_725' title='bbox 1396 5425 1533 5498; x_wconf 90' lang='lat' dir='ltr'><strong>siquidem</strong></span> <span class='ocrx_word' id='word_1_726' title='bbox 1548 5423 1648 5494; x_wconf 83' lang='lat' dir='ltr'><strong>regina</strong></span> <span class='ocrx_word' id='word_1_727' title='bbox 1671 5422 1805 5476; x_wconf 88' lang='lat' dir='ltr'><strong>coelorum</strong></span> 
     </span>
     <span class='ocr_line' id='line_1_59' title="bbox 163 5510 1806 5596; baseline -0.009 -16"><span class='ocrx_word' id='word_1_728' title='bbox 163 5525 323 5580; x_wconf 87' lang='lat' dir='ltr'><strong>sicutenim</strong></span> <span class='ocrx_word' id='word_1_729' title='bbox 339 5525 434 5596; x_wconf 89' lang='lat' dir='ltr'><strong>pluvia</strong></span> <span class='ocrx_word' id='word_1_730' title='bbox 447 5525 477 5580; x_wconf 92' lang='lat' dir='ltr'><strong>in</strong></span> <span class='ocrx_word' id='word_1_731' title='bbox 493 5525 589 5589; x_wconf 84' lang='lat' dir='ltr'><strong>vellus,</strong></span> <span class='ocrx_word' id='word_1_732' title='bbox 605 5525 646 5580; x_wconf 92' lang='lat' dir='ltr'><strong>sic</strong></span> <span class='ocrx_word' id='word_1_733' title='bbox 670 5525 699 5580; x_wconf 94' lang='lat' dir='ltr'><strong>in</strong></span> <span class='ocrx_word' id='word_1_734' title='bbox 719 5531 831 5581; x_wconf 85' lang='lat' dir='ltr'><strong>uterum</strong></span> <span class='ocrx_word' id='word_1_735' title='bbox 851 5526 967 5596; x_wconf 89' lang='lat' dir='ltr'><strong>virginis</strong></span> <span class='ocrx_word' id='word_1_736' title='bbox 1007 5525 1186 5580; x_wconf 88' lang='lat' dir='ltr'><strong>violationem</strong></span> <span class='ocrx_word' id='word_1_737' title='bbox 1202 5521 1259 5577; x_wconf 89' lang='lat' dir='ltr'><strong>diei</strong></span> <span class='ocrx_word' id='word_1_738' title='bbox 1272 5535 1337 5578; x_wconf 78' lang='lat' dir='ltr'><strong>sure,</strong></span> <span class='ocrx_word' id='word_1_739' title='bbox 1350 5514 1532 5588; x_wconf 81' lang='lat' dir='ltr'><strong>ignominiam</strong></span> <span class='ocrx_word' id='word_1_740' title='bbox 1546 5510 1732 5568; x_wconf 87' lang='lat' dir='ltr'><strong>solemnitatis</strong></span> <span class='ocrx_word' id='word_1_741' title='bbox 1747 5526 1806 5566; x_wconf 77' lang='lat' dir='ltr'><strong>sue</strong></span> 
     </span>
     <span class='ocr_line' id='line_1_60' title="bbox 162 5603 1805 5688; baseline -0.007 -18"><span class='ocrx_word' id='word_1_742' title='bbox 162 5615 307 5688; x_wconf 78' lang='lat' dir='ltr'><strong>premissa</strong></span> <span class='ocrx_word' id='word_1_743' title='bbox 319 5613 372 5672; x_wconf 77' lang='lat' dir='ltr'><strong>liei</strong></span> <span class='ocrx_word' id='word_1_744' title='bbox 385 5613 638 5672; x_wconf 87' lang='lat' dir='ltr'><strong>descenditvirtus.</strong></span> <span class='ocrx_word' id='word_1_745' title='bbox 652 5615 818 5675; x_wconf 84' lang='lat' dir='ltr'><strong>incarnatus</strong></span> <span class='ocrx_word' id='word_1_746' title='bbox 833 5615 968 5673; x_wconf 83' lang='lat' dir='ltr'><strong>estFilius</strong></span> <span class='ocrx_word' id='word_1_747' title='bbox 1008 5611 1201 5670; x_wconf 83' lang='lat' dir='ltr'><strong>vehementius</strong></span> <span class='ocrx_word' id='word_1_748' title='bbox 1214 5615 1244 5667; x_wconf 90' lang='lat' dir='ltr'><strong>et</strong></span> <span class='ocrx_word' id='word_1_749' title='bbox 1257 5609 1288 5666; x_wconf 91' lang='lat' dir='ltr'><strong>iu</strong></span> <span class='ocrx_word' id='word_1_750' title='bbox 1301 5605 1430 5663; x_wconf 90' lang='lat' dir='ltr'><strong>validiori</strong></span> <span class='ocrx_word' id='word_1_751' title='bbox 1448 5603 1639 5661; x_wconf 83' lang='lat' dir='ltr'><strong>masculorum</strong></span> <span class='ocrx_word' id='word_1_752' title='bbox 1657 5617 1726 5658; x_wconf 78' lang='lat' dir='ltr'><strong>sexu</strong></span> <span class='ocrx_word' id='word_1_753' title='bbox 1747 5615 1805 5658; x_wconf 89' lang='lat' dir='ltr'><strong>oon</strong></span> 
     </span>
    </p>
   </div>
   <div class='ocr_carea' id='block_1_5' title="bbox 0 0 2036 6180">
    <p class='ocr_par' dir='ltr' id='par_1_6' title="bbox 0 0 2036 6180">
     <span class='ocr_line' id='line_1_61' title="bbox 0 0 2036 6180; baseline 0 0"><span class='ocrx_word' id='word_1_754' title='bbox 0 0 2036 6180; x_wconf 95' lang='lat' dir='ltr'><strong> </strong></span> 
     </span>
    </p>
   </div>
  </div>
 </body>
</html>
