3882 6172
515 293 605 352 VITA
624 297 653 356 S.
674 293 849 356 uunuUlNl
868 287 1020 352 ABBATIS
1039 284 1237 346 REOOENSIS
1255 283 1368 344 emur.

1373 529 1729 548 —-·—·—-—

377 652 582 784 Vtra
631 650 948 784 SANCTI
1002 645 1446 780 HERLUlNl

307 858 415 920 PRlllll
459 861 650 923 PASTORlS
692 861 742 922 El*
785 858 1038 924 FUNDATORIS
1082 855 1290 918 BllCGENSlS
1334 851 1523 916 COENOBll.

466 993 592 1054 Auctore
608 990 743 1055 Gr'lterto
758 991 899 1072 Crispino
913 991 1019 1053 obbote
1039 989 1354 1056 westmonasteriensi.

126 1224 270 1290 Quoniam
286 1228 318 1282 in
332 1244 362 1282 re
377 1229 494 1285 militari
513 1247 575 1304 quae
594 1231 657 1304 quis
677 1237 834 1288 memoratu
850 1233 927 1295 di-rt
937 1232 1092 1300 animosus,
1108 1247 1193 1304 quem
1214 1231 1393 1288 scribendum
1408 1229 1576 1301 accepimus,
1591 1228 1640 1282 ubi
1658 1242 1734 1282 oom-

91 1329 145 1383 gna
163 1314 245 1386 legit,
260 1316 365 1389 scripto
380 1319 503 1376 eduntur
521 1321 557 1376 ad
576 1321 751 1393 posteritatis
769 1323 897 1378 exhorta·
937 1328 1048 1396 parturn
1060 1320 1167 1386 babuit,
1181 1320 1255 1375 illico
1267 1319 1435 1391 injuriarum
1449 1318 1563 1384 oblitus,
1577 1317 1676 1388 viginti
1691 1333 1735 1372 se-

91 1403 195 1458 tionem
205 1410 236 1458 et
246 1405 380 1461 laudibus
392 1409 571 1476 attolluntur,
581 1416 665 1482 prout
676 1411 820 1484 ingenium
831 1413 897 1468 sori-
939 1429 1002 1467 eum
1022 1411 1143 1467 delectos
1161 1410 1265 1464 milites
1277 1425 1424 1464 assumens
1435 1407 1526 1481 pergit
1538 1407 1575 1462 ad
1589 1406 1664 1462 diem
1675 1422 1735 1462 cer·

92 1492 177 1561 pteris
192 1499 222 1548 et
236 1493 370 1550 facundia
383 1503 508 1568 praestat.
527 1499 640 1554 silentio
650 1501 827 1572 supersederi
839 1518 895 1556 non
937 1499 1061 1564 laminis,
1093 1499 1209 1555 minime
1236 1514 1301 1554 cum
1328 1498 1458 1561 Domino,
1486 1512 1583 1552 verum
1610 1511 1737 1552 seorsum

91 1579 182 1648 debet,
191 1582 230 1638 ad
244 1583 349 1640 divinar
359 1585 472 1642 virtutis
480 1587 599 1658 gloriam
610 1595 639 1644 et
648 1607 757 1661 magna
766 1590 796 1646 in
806 1590 896 1646 Deum
936 1589 1033 1659 procul
1050 1587 1085 1642 ab
1097 1587 1210 1660 agmine
1230 1586 1296 1652 illo;
1314 1584 1417 1640 etenim
1433 1602 1491 1640 sum
1505 1601 1677 1655 suorumque
1691 1600 1736 1640 sa-

93 1669 155 1724 tidei
170 1671 305 1737 formam,
323 1689 385 1746 quae
400 1675 431 1730 in
447 1676 580 1732 satellitio
602 1677 707 1734 Christi
725 1685 823 1735 nostra
836 1697 895 1734 me·
936 1676 1004 1730 lutis
1018 1675 1128 1747 objectu
1143 1674 1209 1730 fidei
1219 1690 1286 1740 suae,
1303 1673 1481 1746 sponsionem
1500 1671 1652 1739 asserebat,
1664 1688 1736 1728 mor·

92 1759 178 1814 moria
196 1762 334 1831 praeclare
354 1763 411 1834 egit
440 1764 526 1821 abbas
558 1766 723 1823 venerabilis
743 1768 896 1826 llerluinus
937 1764 974 1820 tis
995 1764 1119 1836 periculo
1138 1761 1297 1835 appelabat,
1314 1761 1419 1818 nullius
1432 1760 1615 1817 emolumenti
1634 1759 1669 1814 ab
1688 1759 1736 1814 illo

93 1847 248 1916 Becceasis,
266 1851 348 1921 cujus
362 1851 475 1908 virtutis
492 1855 542 1910 boc
557 1855 591 1910 ad
612 1858 762 1927 quemdam
780 1857 895 1914 titulum
937 1854 1024 1908 vicem
1048 1851 1206 1924 exquirens.
1228 1851 1339 1906 Dictum
1363 1850 1432 1906 satis
1453 1856 1507 1915 est,
1532 1855 1561 1904 et
1579 1848 1625 1904 hio
1644 1847 1736 1904 lucide

92 1937 292 2007 perscribatur,
306 1941 372 2011 quia
382 1942 519 1998 mundum
531 1945 738 2014 jucundissime
749 1944 812 2008 sibi,
822 1953 851 2002 et
859 1948 895 2002 ad
936 1940 1048 2014 agnosci
1062 1946 1154 2012 potest
1169 1940 1231 2012 quis
1254 1939 1354 2008 fuerit;
1376 1956 1433 1994 non
1447 1939 1604 1994 desertores
1623 1952 1736 2010 pugnae,

92 2031 181 2081 sotum
200 2027 388 2094 arridentem,
406 2047 439 2084 ea
454 2036 537 2084 aetate
552 2032 664 2102 penitus
683 2035 822 2094 recusavit
840 2051 896 2108 qua
936 2048 1006 2104 quos
1025 2032 1053 2085 in
1074 2031 1192 2085 aliorum
1209 2027 1358 2102 pernicicm
1374 2033 1466 2082 metus
1484 2026 1612 2092 absolvit,
1627 2026 1650 2080 si
1666 2041 1736 2098 quos

93 2114 287 2170 vehementius
312 2117 360 2172 alii
375 2134 405 2172 se
426 2118 559 2190 ingerunt
578 2122 728 2188 recusanti,
748 2127 777 2178 ot
795 2122 824 2178 in
840 2139 896 2195 qua
935 2118 964 2174 in
979 2119 1157 2174 dominorum
1170 2133 1266 2172 necem
1281 2121 1310 2172 et
1322 2117 1419 2188 patriae
1434 2115 1581 2182 excidium,
1598 2113 1737 2186 cupiditas

93 2203 178 2272 patria
200 2209 271 2260 tunc
297 2205 466 2262 incolumem
490 2209 577 2264 armis
605 2210 724 2266 militem
742 2210 894 2284 abrogatis,
937 2207 1054 2273 inducit,
1065 2209 1117 2262 hoc
1130 2205 1257 2278 exemplo
1274 2205 1454 2276 alloquimur,
1471 2221 1522 2260 nec
1533 2209 1592 2259 tam
1607 2202 1738 2259 militaris

91 2291 258 2348 monachum
270 2295 333 2350 fieri
347 2304 508 2367 portentum
524 2297 689 2356 habebatur.
935 2295 1031 2366 glon'ae
1050 2295 1166 2352 obtentu
1180 2310 1265 2368 quam
1278 2294 1421 2348 servandae
1436 2310 1520 2348 cansa
1534 2291 1599 2348 ssdei
1618 2291 1736 2366 proferi-

123 2381 242 2437 ADanis
253 2384 304 2453 qui
313 2385 551 2442 Northmanuiam
564 2388 648 2460 primi
659 2388 806 2443 obtinuere
816 2393 896 2460 pater
937 2402 1010 2441 mus.
1027 2386 1089 2442 Dux
1103 2403 1153 2457 per
1170 2383 1271 2440 excelsi
1285 2385 1389 2440 montis
1402 2385 1476 2456 latus
1490 2399 1594 2456 agmen
1607 2398 1672 2438 oum
1686 2382 1738 2439 da-

91 2469 147 2540 eJ'us
158 2471 301 2542 originem
312 2473 409 2544 duxit;
428 2479 519 2531 mater
528 2477 684 2548 proximam
696 2478 799 2533 ducum
813 2479 835 2533 F
836 2479 896 2534 lan-
935 2473 1060 2541 duceret,
1081 2473 1192 2530 videta
1211 2478 1290 2543 tergo
1313 2473 1412 2544 viginti
1431 2477 1556 2528 armatos
1578 2470 1688 2528 eminus
1706 2470 1737 2526 in

91 2557 155 2614 dria
177 2562 453 2633 consanguinitatem
478 2563 582 2636 attigit.
605 2567 747 2638 ansgotus
761 2567 818 2634 ine,
839 2553 1021 2634 istaliplano
1036 2562 1179 2633 subsequi,
1196 2578 1229 2618 ac
1249 2561 1352 2618 hostile
1374 2561 1482 2632 aliquid
1496 2577 1595 2616 verens
1616 2560 1739 2634 imperat

92 2647 193 2720 Helops
207 2666 313 2706 nomen
336 2651 465 2708 habebat.
482 2653 656 2710 Gislebertus
671 2656 831 2711 Brionensis
847 2673 894 2712 oo·
935 2651 1081 2706 confestim
1097 2651 1145 2724 qui
1161 2654 1256 2706 essent
1276 2649 1379 2706 scitum
1400 2650 1452 2705 ire.
1462 2650 1617 2718 Accedunt,
1629 2665 1695 2706 suos
1709 2655 1738 2706 et

92 2751 148 2792 mas
172 2738 259 2810 primi
282 2739 414 2795 Richardi
435 2741 634 2798 Nothmanniae
657 2743 736 2800 ducis
755 2761 843 2816 nepos
862 2762 896 2802 ex
936 2757 1050 2795 causam
1064 2747 1230 2814 agnoscunt,
1247 2739 1406 2812 approbant
1423 2739 1577 2812 plurimum
1590 2737 1737 2810 magrraui·

93 2822 147 2877 lilio
167 2825 283 2880 consule
302 2825 464 2895 Godefrido‚
482 2829 563 2885 illum
587 2832 741 2888 enutritum
761 2848 847 2904 penes
865 2851 895 2888 se
936 2830 1075 2897 mitatem,
1095 2847 1128 2884 ac
1149 2829 1212 2884 duci
1228 2828 1402 2887 renuntiant.
1418 2828 1581 2883 Admiratus
1595 2843 1646 2900 pro
1660 2826 1736 2896 itqu-

92 2911 164 2968 iuter
177 2930 277 2971 omnes
296 2916 382 2971 curia
407 2933 465 2973 suae
483 2919 618 2990 primates
638 2920 737 2977 habuit
759 2922 895 2995 acceptis·
937 2919 987 2974 riis
1001 2919 1074 2975 tanti
1092 2917 1146 2974 sibi
1164 2917 1272 2973 servitii
1287 2917 1375 2972 ricem
1394 2915 1514 2983 restitui,
1530 2915 1604 2971 illico
1618 2914 1739 2972 remittit

93 3001 178 3058 sime:
191 3003 297 3060 habilis
317 3005 363 3060 bie
377 3005 413 3062 ad
428 3023 508 3062 arma
522 3009 675 3080 plurimum
691 3015 760 3079 erat,
776 3027 828 3066 nec
842 3011 896 3068 mi·
937 3024 1090 3074 accessum,
1116 3023 1180 3063 cum
1207 3006 1337 3079 ampliori
1365 3004 1457 3077 matie
1482 3004 1602 3060 reddens
1631 3003 1736 3076 omnia,

94 3093 198 3148 noriea
212 3094 396 3151 animositate
403 3096 543 3168 gestabat.
556 3098 662 3156 Omnes
670 3100 796 3155 omniurn
809 3101 896 3158 totius
935 3114 999 3170 quae
1017 3113 1070 3152 sua
1093 3096 1217 3152 fuerunt.
1237 3095 1346 3152 Bellum
1372 3095 1447 3168 quod
1464 3093 1589 3150 instabat
1610 3092 1740 3156 crastiua

93 3179 304 3240 Northmaunise
318 3185 458 3256 majorum
471 3186 585 3244 familiae
599 3187 628 3244 in
639 3188 735 3246 electis
750 3189 830 3246 illum
843 3191 896 3246 h'a-
937 3186 1006 3242 lucis
1020 3185 1072 3242 sub
1098 3191 1205 3251 exortu,
1225 3184 1318 3240 nuntii
1343 3183 1470 3258 predicti
1494 3182 1642 3254 provincie
1660 3182 1739 3242 nucu

93 3268 201 3338 habant,
221 3272 253 3330 in
283 3273 372 3328 armis
395 3274 529 3346 omnique
556 3277 598 3332 rei
627 3277 758 3334 militaris
784 3297 848 3348 usu,
869 3285 898 3336 et
937 3275 1063 3343 Roberti,
1076 3281 1161 3331 noctu
1172 3278 1238 3330 ante
1250 3273 1403 3341 venientes,
1415 3271 1567 3340 dirimunt;
1580 3273 1629 3344 jus
1641 3272 1737 3330 fidam·

93 3359 164 3416 cultu
179 3361 309 3436 corporis
319 3362 364 3416 sui
379 3362 556 3421 attollebant.
565 3364 607 3420 Ab
618 3365 776 3424 inhonestis
789 3375 896 3426 averte·
938 3381 992 3438 que
1005 3381 1114 3420 sacram
1127 3363 1259 3420 obtestati
1273 3368 1305 3418 ul
1326 3363 1361 3420 ab
1379 3360 1467 3418 ttrffl'ffl
1482 3361 1636 3428 ¹1ssoede
1653 3367 1682 3418 02
1691 3362 1739 3434 ju-

94 3446 138 3502 bat
155 3449 297 3518 animum,
317 3449 442 3508 honestis
470 3468 533 3524 quae
561 3454 645 3510 curiae
670 3456 767 3528 magni
790 3457 898 3514 faciunt
937 3453 1041 3509 dicium
1055 3453 1132 3520 belli,
1148 3453 1233 3508 ouriae
1248 3469 1305 3508 sua
1324 3455 1487 3524 exspectent
1499 3450 1666 3508 definitioni.
1682 3451 1740 3506 lta·

95 3535 273 3608 impendebat
295 3555 379 3594 omne
400 3539 536 3608 studium,
554 3541 630 3598 domi
645 3560 677 3598 ac
696 3544 803 3601 militia
818 3562 895 3602 com·
937 3559 991 3614 que
1001 3548 1202 3614 parsutraque,
1213 3546 1355 3596 acueutra
1369 3540 1497 3613 superior
1507 3541 1597 3595 altera
1612 3539 1742 3597 discessit

95 3625 249 3682 militonum
266 3642 382 3682 suorum
399 3629 649 3699 praestantissimus
659 3637 735 3700 erat;
751 3633 852 3704 qulbus
861 3634 896 3689 de
936 3631 972 3688 ab
1002 3647 1146 3694 armorum
1173 3630 1328 3698 excisione,
1359 3629 1453 3686 divina
1482 3628 1536 3684 sibi
1563 3628 1742 3705 providentia⁴

96 3713 172 3770 rebus
194 3730 255 3772 non
277 3714 370 3772 solum
386 3716 560 3790 singularem
575 3719 682 3776 domini
704 3721 748 3778 sui
771 3722 898 3780 obtinue-
937 3719 1046 3792 lignum
1061 3719 1132 3775 illud
1147 3719 1183 3774 ad
1197 3734 1281 3774 omne
1293 3734 1364 3791 opus
1375 3717 1480 3775 bonum
1501 3717 1571 3774 utile
1593 3733 1741 3782 conserua-

96 3809 137 3857 rat
149 3804 285 3872 favorem,
297 3821 392 3860 verum
406 3813 433 3862 et
448 3807 523 3879 apud
534 3807 688 3866 liebertum
702 3811 790 3866 totius
798 3813 896 3885 patriae
905 3833 929 3896 Ο
938 3808 996 3864 bat.
1019 3807 1138 3864 Nolebat
1160 3825 1288 3865 summus
1308 3806 1416 3864 Artifex
1441 3807 1575 3864 violentia
1599 3807 1742 3880 subruatis

97 3895 154 3960 28
167 3893 281 3958 ducem,
298 3899 328 3948 et
342 3894 417 3966 apud
432 3900 592 3951 exterarum
607 3897 735 3956 dominos
749 3901 898 3972 regionum
938 3914 1015 3953 aurae
1022 3899 1084 3970 jam
1095 3897 1158 3968 plus
1168 3897 1238 3953 illud
1253 3895 1433 3970 distorqueri,
1444 3902 1495 3954 aut
1506 3895 1688 3968 mucwosis
1702 3896 1742 3954 af·

96 3987 240 4052 pepererat
260 3981 314 4038 sibi
329 3999 432 4038 nomen
447 3983 612 4057 plurimum,
634 4004 833 4061 accessumque
855 3990 898 4044 fa·
939 3985 1136 4054 sectationibus
1151 3985 1352 4042 exhumectari.

98 4069 245 4128 miliarem.
263 4071 336 4138 Alia,
353 4088 415 4144 quae
438 4072 475 4127 ad
488 4076 659 4146 captandum
672 4071 786 4132 'namen
799 4078 829 4134 in
845 4095 898 4134 see·
973 4075 1044 4132 Vitae
1058 4075 1144 4146 hujus
1155 4074 1359 4146 jocundissimo
1372 4079 1449 4132 statu
1460 4091 1549 4132 anuos
1562 4075 1611 4131 ille
1620 4077 1682 4148 jam
1696 4093 1741 4135 ax·

97 4159 155 4214 culo
165 4159 289 4232 plurima
300 4160 375 4224 fecit,
390 4163 575 4232 omittamus;
593 4165 644 4220 hoo
655 4166 691 4221 ad
703 4166 897 4225 fortitudinem
939 4169 1061 4220 cesserat
1075 4164 1193 4236 triginta
1207 4169 1325 4237 septem,
1344 4180 1409 4220 cum
1423 4165 1538 4222 medem
1552 4164 1646 4224 divino
1662 4169 1742 4224 metu

98 4245 170 4304 illius
183 4250 273 4304 animi
286 4266 320 4306 ac
333 4250 399 4306 fidei
413 4253 602 4308 constantiam
617 4259 645 4310 et
658 4255 688 4310 in
705 4257 792 4312 armis
808 4258 898 4313 conli-
938 4253 1070 4310 succendi
1101 4269 1197 4308 amore
1225 4269 1304 4309 mens
1330 4253 1405 4308 illius
1433 4253 1517 4326 coepit
1540 4259 1569 4310 ct
1590 4252 1626 4308 ab
1643 4269 1742 4312 amora

99 4334 217 4394 tentam
239 4356 299 4395 non
322 4340 466 4396 sileamus.
492 4341 610 4414 lndigne
629 4360 729 4416 passus
747 4346 898 4420 aliquando
940 4345 1038 4402 mundi
1055 4351 1206 4418 tepescere,
1226 4345 1387 4418 sanamque
1404 4345 1434 4402 in
1451 4344 1511 4402 dies
1525 4345 1684 4418 frigescere,
1704 4347 1741 4411 ab

97 4423 195 4482 tactam
211 4427 266 4484 sibi
286 4445 303 4482 a
317 4428 439 4486 Domino
454 4430 588 4502 injuriam
603 4432 755 4492 famulatus
769 4435 813 4491 sui
826 4453 898 4494 com.
938 4434 1121 4492 exterioribus
1149 4435 1262 4492 oculum
1288 4435 1381 4492 cordis
1398 4439 1562 4492 convertens
1585 4435 1621 4492 ad
1645 4453 1676 4494 se
1693 4436 1739 4510 ip·

96 4515 207 4570 modum
241 4516 268 4570 ei
298 4516 498 4585 subtrahendo,
526 4521 646 4577 contulit
671 4539 711 4589 se,
736 4541 769 4580 eo
796 4525 895 4594 inviso,
938 4541 1015 4593 sum3
1033 4524 1092 4580 ibat
1104 4524 1278 4598 frequentius
1292 4525 1329 4582 ad
1343 4524 1500 4592 ecclesiam,
1517 4525 1617 4584 orabat
1629 4526 1740 4595 demta,

95 4601 174 4676 longe
187 4605 335 4662 aliorsum.
351 4608 390 4664 Eo
409 4608 505 4682 itaque
519 4610 572 4666 sub
585 4615 712 4684 tempore
730 4629 824 4670 comes
836 4616 896 4688 ipse
938 4631 970 4669 ac
981 4631 1054 4686 saepe
1068 4614 1270 4687 prorumpebat
1289 4615 1319 4670 in
1333 4615 1483 4686 lacrymas,
1497 4615 1606 4674 ludicra
1621 4632 1653 4672 re
1663 4617 1742 4690 omni

95 4692 269 4750 Gislebertus
278 4697 467 4767 quorumdam
478 4699 740 4770 potentissimorum
746 4704 897 4762 Northma·
937 4704 1055 4770 omissa,
1064 4705 1125 4776 jum
1136 4704 1230 4760 minus
1245 4704 1378 4776 frequens
1388 4708 1451 4761 erat
1465 4703 1494 4760 in
1512 4704 1600 4770 cuna,
1610 4705 1678 4778 quia
1687 4707 1742 4764 hoc

94 4782 143 4838 nia
164 4783 314 4840 lacessitus
339 4784 461 4858 injuriis,
486 4787 606 4844 multam
632 4790 754 4849 militum
779 4810 896 4850 manum
936 4793 995 4848 solo
1016 4793 1201 4860 retinebatur,
1222 4793 1297 4866 quod
1316 4793 1422 4865 praedia
1442 4809 1494 4850 sua
1512 4794 1570 4850 Deo
1584 4796 1740 4863 sepum-lu·

95 4873 242 4940 contraxit,
270 4875 390 4946 injurias
418 4892 483 4932 suae
511 4878 595 4934 elfere
623 4880 719 4936 volens
737 4883 829 4938 ultum
848 4883 893 4953 iri,
937 4881 1009 4937 cruri
1030 4871 1197 4956 satagebat;
1223 4882 1298 4955 quod
1317 4887 1346 4938 et
1371 4883 1494 4940 obtinuit
1512 4889 1691 4957 ,extorqueas
1707 4903 1742 4944 ca

95 4959 176 5017 homo
188 4962 290 5018 fmoois
305 4963 401 5032 animi,
416 4967 512 5040 magni
531 4972 703 5038 potentatus,
718 4972 896 5045 nominisque
936 4970 990 5026 sibi
1009 4988 1025 5028 a
1045 4971 1160 5027 domino
1178 4987 1229 5028 suo
1246 4971 1338 5028 multa
1359 4972 1496 5030 instantia
1517 4973 1635 5034 seruitii.
1661 4975 1741 5049 Saepe

94 5053 217 5124 supremi
240 5053 348 5121 aridus,
369 5058 467 5126 utpote
490 5056 593 5112 ducum
613 5063 759 5116 tantorum
780 5064 895 5136 propin·
936 5059 988 5116 sub
1011 5060 1086 5116 diem
1101 5060 1284 5133 pernoctabat
1298 5077 1382 5120 orans
1405 5061 1435 5118 in
1458 5063 1592 5131 ecclesiis,
1607 5069 1637 5120 at
1656 5081 1742 5130 mana

95 5153 174 5210 quus,
190 5141 226 5197 ad
245 5143 379 5214 potentia
401 5161 459 5200 suae
474 5151 645 5204 ostentatum
659 5165 710 5221 per
729 5151 844 5208 nuntios
856 5152 896 5210 eis
938 5150 1045 5222 primus
1057 5151 1088 5206 in
1102 5151 1182 5206 curia
1197 5167 1293 5207 coram
1302 5151 1458 5220 adenstad
1472 5169 1598 5210 mensam
1616 5152 1738 5220 Domini,

96 5241 147 5284 non
163 5245 252 5302 prope
275 5230 350 5286 diem
372 5230 448 5298 belli,
467 5235 517 5289 sed
537 5237 696 5309 perplures
710 5243 777 5296 ante
791 5239 851 5296 diae
867 5239 896 5295 id
938 5239 1005 5312 quia
1025 5240 1100 5296 inter
1120 5241 1229 5296 sodales
1253 5241 1457 5313 parcimoniam
1471 5257 1600 5299 exercere
1618 5241 1738 5309 volebat,

95 5329 121 5371 se
142 5317 296 5386 isaurum,
321 5325 350 5376 et
374 5323 486 5394 quando
509 5325 675 5382 transmisit.
698 5328 742 5384 lta
767 5329 895 5385 condicto
937 5330 1088 5403 multisque
1101 5330 1298 5386 adinveniebat
1308 5331 1518 5404 impedimentis
1531 5330 1642 5389 absens·
1660 5331 1740 5402 δῦρο

94 5408 220 5480 tempore
234 5409 339 5466 bellum
355 5411 487 5484 utrinque
511 5427 674 5486 apparatur,
691 5417 766 5489 quod
781 5419 895 5492 exsequi
935 5423 1027 5475 totum
1038 5419 1156 5491 iejuniis
1170 5419 1345 5494 transigebat
1358 5419 1443 5486 diem,
1458 5419 1488 5474 in
1500 5417 1641 5486 arminia
1660 5419 1739 5481 cultu

5 5491 6 5552 ἶ
95 5509 146 5552 uon
163 5504 260 5570 posset
277 5498 338 5556 sine
350 5500 440 5558 multa
454 5502 578 5574 partium
589 5509 775 5579 utrarumque
786 5513 891 5581 strage,
934 5509 1069 5581 corporis,
1091 5509 1243 5568 nunidem
1267 5507 1736 5580 studiumquodpriussatisiu·

94 5599 141 5640 uec
154 5588 277 5660 amplius
289 5589 388 5646 evitari
400 5592 476 5648 salva
486 5609 584 5652 eorum
599 5595 746 5667 dignitate.
759 5597 839 5664 Quod
851 5597 893 5654 vir
934 5598 1044 5656 dicabat
1059 5600 1271 5658 altercationem
1286 5598 1374 5658 ammi
1388 5597 1474 5666 illius,
1486 5613 1571 5670 quam
1586 5598 1678 5661 adhuc
1692 5615 1735 5658 so·
