3896 6170
83 249 137 310 lltt
586 245 796 303 GONS'I'ITUT.
817 245 988 302 illusura.
1008 275 1044 290 -
1062 249 1131 306 Llli.
1151 249 1188 306 11.
1635 254 1707 314 1122

83 371 180 428 modica
194 387 260 443 pars
282 371 372 426 noctis
390 370 483 426 adhuc
503 369 647 442 supersit:
663 375 692 424 et
711 369 776 441 quit
794 371 975 430 nuru-Asunt
993 372 1122 439 canendi,
1146 373 1231 428 horas
1254 391 1310 428 non
1337 381 1453 430 cantant
1475 376 1590 445 infirmi,
1617 396 1708 452 neque

81 477 154 534 quam
165 471 230 533 post
243 461 415 516 matutinum
436 461 472 516 ad
487 461 590 514 lectum
611 475 696 515 causa
709 457 870 529 quiescendi
910 459 1074 528 psalterium
1100 461 1128 514 in
1150 478 1308 533 parasceve.
1333 461 1473 519 Praeterea
1488 453 1709 540 quotiescunque

82 551 175 621 absque
200 549 313 604 licentia
327 549 411 613 redit,
427 549 482 606 nisi
496 553 649 604 conventus
662 547 783 618 idipsum
796 547 869 601 sece-
910 548 1040 617 regulare
1052 549 1190 620 jejunium
1211 551 1314 622 agitur,
1331 557 1359 606 et
1374 553 1408 606 ab
1425 554 1521 609 Idibus
1536 556 1709 627 Septembris

83 642 119 704 rit,
130 639 158 692 in
171 638 270 694 eadem
290 639 408 693 ecclesia
419 643 546 693 moratur
569 652 714 708 quousque
729 635 869 707 processio
910 651 999 707 usque
1013 637 1049 692 ad
1063 637 1410 708 KalendasNovembris,a
1420 642 1631 715 septuagesima
1642 664 1710 717 quo-

82 733 136 788 illuc
157 743 268 801 agatur.
292 731 371 785 'runc
392 729 506 802 quidem
528 728 622 783 exiens
645 734 711 783 ante
733 727 870 798 capellam
911 741 965 795 que
980 742 1068 796 usque
1083 726 1112 781 in
1123 727 1385 798 Quadragesimam,
1401 731 1488 786 finitis
1498 734 1619 805 vesperis
1632 735 1710 792 infir-

83 837 166 874 versus
180 821 336 874 claustrum
345 819 534 884 infirmorum,
547 818 590 872 vel
600 817 629 871 in
644 816 734 889 ipsam
746 816 872 870 infirma·
911 810 1032 878 morum,
1048 820 1199 886 antequam
1213 817 1248 870 ad
1259 818 1424 872 coenandum
1445 822 1634 890 egrediantur,
1649 826 1709 882 ulli·

83 910 152 971 n'aru‚
166 908 267 962 tandiu
286 907 327 962 ibi
341 911 493 979 exspectat,
516 922 604 977 usque
627 904 693 960 dum
717 909 871 959 conventus
911 902 985 956 cium
1001 903 1195 960 detunctorum
1206 922 1291 976 agere
1306 922 1361 960 non
1372 914 1508 964 moratur.
1526 911 1614 967 Debet
1624 913 1710 970 etiam

83 997 268 1052 dormitorium
278 997 423 1052 ascendat.
437 995 547 1061 Quodsi
557 1000 669 1066 tempus
684 1011 742 1050 non
753 999 804 1060 est,
815 1011 870 1066 quo
911 997 1036 1057 cantare,
1052 995 1161 1048 Placete
1181 995 1306 1060 Domino,
1328 995 1357 1049 in
1377 998 1500 1054 secunda
1513 1015 1628 1072 vespera
1643 1003 1711 1058 duo·

83 1091 225 1140 conventus
241 1085 364 1140 dormire
385 1089 449 1158 post
474 1083 627 1140 matutinos
642 1083 751 1149 debeat,
767 1082 870 1154 ipsein
911 1078 1001 1134 decim
1012 1080 1173 1149 lectionum,
1185 1083 1296 1154 quando
1306 1083 1336 1137 in
1346 1085 1468 1139 crastino
1481 1092 1711 1148 commemoratio

84 1176 170 1231 eadem
182 1174 300 1246 capella,
312 1174 436 1246 quandiu
450 1179 479 1228 et
492 1173 595 1236 caeteri,
611 1177 762 1244 exspectat.
911 1167 1030 1239 alicujus
1039 1169 1163 1225 defuncti
1175 1171 1299 1226 maxima
1313 1173 1369 1227 ritu
1383 1175 1494 1244 agenda
1507 1182 1558 1231 est.
1571 1178 1599 1233 si
1614 1196 1711 1236 versus

111 1265 150 1318 Ad
162 1264 285 1318 eundem
300 1278 412 1335 quoque
426 1262 559 1334 pertinet,
571 1268 602 1316 ut
615 1261 735 1316 intirmia
748 1261 872 1332 quotidie
911 1258 955 1311 vel
966 1258 1090 1329 psalmus
1101 1260 1203 1331 aliquis
1213 1260 1241 1316 in
1256 1263 1432 1332 regularibus
1447 1265 1524 1320 boris
1544 1266 1580 1321 ad
1598 1267 1627 1322 S.
1651 1267 1710 1324 Ma-

84 1353 188 1408 nissam
202 1369 314 1408 summo
328 1368 412 1407 mane
424 1356 535 1419 cantet3
547 1350 576 1406 in
586 1350 732 1405 duodecim
747 1349 872 1405 lectioni·
913 1346 983 1402 riam
1004 1349 1264 1420 praetermittentur,
1283 1353 1464 1426 propterpboc
1477 1354 1536 1426 ipse
1551 1358 1712 1428 capellanus

84 1442 126 1496 bus
134 1447 162 1496 et
175 1441 206 1495 in
220 1441 325 1512 vigilia,
345 1445 374 1495 et
392 1440 422 1494 in
438 1445 560 1511 quatuor
574 1445 734 1510 temporum
744 1438 870 1510 iejuniis,
913 1441 942 1489 et
955 1435 1013 1498 alii,
1025 1436 1073 1506 qui
1089 1437 1124 1490 ad
1142 1436 1296 1507 capitulum
1314 1439 1439 1505 veniunt,
1457 1442 1480 1495 si
1495 1459 1524 1498 se
1535 1444 1564 1499 in
1580 1445 1632 1499 hoc
1645 1446 1712 1500 deli·

84 1531 138 1585 etin
149 1530 384 1601 Quadragesima,
400 1545 512 1601 semper
525 1529 561 1583 de
582 1528 643 1597 die3
657 1528 720 1583 aliis
731 1545 797 1583 vero
812 1527 872 1582 die·
913 1524 1007 1595 quisse
1021 1531 1200 1596 cognoscunt,
1215 1526 1326 1581 veniam
1343 1533 1450 1599 petunt.

83 1619 125 1674 bus
137 1636 188 1691 pro
201 1618 350 1685 defunctis,
368 1619 410 1672 vel
421 1635 507 1689 quam
523 1617 651 1672 voluerit.
661 1618 727 1674 Etsi
738 1617 767 1672 in
776 1618 871 1688 aliquo
1215 1614 1333 1671 CAPUT
1352 1617 1408 1672 Lv.

81 1707 170 1778 jejunii
182 1707 229 1762 die
243 1706 391 1762 duodecim
404 1707 539 1762 lectiones
553 1706 904 1778 aguntur,tnncdeips013
1088 1703 1125 1756 Dc
1139 1705 1318 1772 infirmariis,
1334 1707 1388 1760 sire
1399 1709 1531 1774 infirmis.

82 1796 178 1866 jeJunio
189 1796 305 1851 missam
319 1795 804 1867 thimnatmlquamlibetmissam
815 1809 871 1850 non
946 1791 1006 1862 (uo.
1026 1791 1102 1860 rar.)
1123 1793 1309 1860 lufirmarius,
1328 1795 1375 1864 qui
1390 1797 1519 1851 sacerdos
1537 1797 1621 1854 debet
1639 1817 1710 1869 osse,

82 1883 140 1954 legit
156 1889 283 1948 cantuum
299 1883 372 1939 sicut
388 1883 424 1938 ad
448 1883 519 1938 alias
542 1884 665 1955 privatas
691 1883 801 1946 missas,
822 1883 871 1937 sed
912 1879 948 1933 ad
958 1879 1123 1951 obsequium
1140 1880 1316 1937 intirmorum
1331 1885 1483 1955 separatim
1495 1886 1579 1942 babet
1591 1904 1711 1961 coquum

84 1979 177 2029 cantat.
199 1974 322 2043 Quaeque
344 1972 380 2026 ad
399 1971 516 2026 missam
530 1971 584 2026 sibi
599 1971 758 2026 necessaria
776 1972 872 2026 omnia
913 1973 941 2022 et
956 1969 1115 2040 coquinam.
1137 1969 1170 2024 Et
1191 1970 1251 2041 ipsc
1265 1987 1376 2042 quoquc
1388 1973 1513 2044 quotidie
1527 1991 1545 2029 a
1557 1979 1713 2034 camerario
1749 2037 1754 2046 ,

83 2061 132 2116 illic
144 2061 231 2116 habet
238 2061 347 2132 jugiter
360 2061 482 2132 reposita
493 2077 501 2124 ς
512 2059 608 2114 vinum
621 2065 650 2114 et
658 2077 732 2132 aqua
747 2060 831 2116 etiem
842 2061 870 2116 in
912 2058 1022 2128 quaerit,
1038 2058 1112 2128 quod
1136 2074 1207 2130 opus
1229 2058 1369 2128 habuerit,
1399 2067 1431 2117 ut
1450 2063 1525 2134 quod
1538 2065 1666 2121 infirmis,
1677 2067 1714 2123 ad

84 2157 153 2204 nocte
168 2150 207 2204 ibi
222 2165 367 2221 nunquam
382 2148 481 2213 deerit,
493 2153 525 2203 ut
538 2148 562 2203 si
578 2147 641 2220 quis
654 2147 741 2202 suerit
751 2148 785 2203 ad
795 2165 872 2203 com-
913 2145 1091 2202 relectionem
1103 2153 1146 2202 est
1156 2150 1382 2219 preparandum,
1394 2152 1560 2222 tempestive
1573 2171 1714 2227 praepare·

83 2238 276 2294 medicandum
286 2238 465 2293 infirmum...
481 2237 657 2308 inpromptu
671 2236 817 2292 habeatur.
913 2239 970 2292 tur.
986 2236 997 2260 ·
1013 2235 1714 2314 Infirmiautem,quamvisquotidiemissamquam

113 2329 139 2383 si
161 2327 314 2399 aliquando
330 2325 488 2397 contigerit,
513 2332 545 2380 ut
568 2325 658 2397 prima
686 2325 768 2381 solito
790 2326 873 2381 citius
914 2322 1063 2394 predictus
1078 2323 1238 2394 capellanus
1253 2325 1294 2379 eis
1308 2332 1412 2393 cantat,
1429 2327 1557 2395 audiunt,
1569 2330 1604 2385 ad
1619 2333 1713 2388 matd·

84 2416 211 2487 pulsanda
220 2416 267 2481 sit,
281 2416 338 2470 imo
352 2415 461 2486 quoties
474 2414 602 2480 voluerit,
618 2419 685 2469 ante
703 2415 826 2470 sonitum
842 2431 873 2470 se
913 2412 1004 2466 tinum
1019 2417 1115 2467 tannen
1129 2429 1241 2485 semper
1254 2419 1465 2470 commorantur
1474 2419 1637 2489 usquedum
1653 2438 1715 2478 ora·

82 2505 155 2569 levat,
167 2505 329 2576 ubicunque
341 2504 473 2568 dormiat,
486 2508 588 2558 etmox
610 2503 675 2558 lotis
688 2503 818 2558 manibus
837 2504 872 2558 ad
914 2501 954 2556 tio
970 2501 1060 2572 prima
1086 2507 1150 2573 post
1173 2502 1399 2558 communionem
1422 2505 1546 2560 finiatur.
1571 2509 1614 2563 Ad
1629 2527 1715 2582 quam

82 2593 241 2649 lavatorium
262 2594 382 2648 fratrum
407 2593 536 2664 factaque
555 2591 691 2660 oratione,
709 2593 872 2664 priusquam
916 2590 1040 2649 missam,
1056 2607 1118 2644 cum
1130 2590 1505 2659 intraverintecclesiam,ab
1519 2612 1562 2660 eo,
1582 2599 1715 2668 quiinter

82 2680 164 2750 prima
176 2680 314 2750 pulsetur,
327 2679 390 2734 alba
401 2680 529 2751 stolaque
542 2679 678 2735 induitur.
694 2681 765 2735 Nam
779 2680 802 2735 si
819 2686 874 2735 sto·
915 2693 963 2732 eoa
975 2677 1051 2749 prior
1065 2683 1107 2732 est
1123 2678 1154 2741 lsi
1170 2683 1264 2732 tamum
1277 2679 1559 2754 estlittcratuslaqua
1569 2684 1715 2744 benedicta

82 2768 131 2822 lum
152 2775 219 2823 ante
244 2768 432 2840 pulsationem
450 2767 547 2839 primae
572 2785 628 2823 non
653 2768 788 2830 induerit.
806 2774 874 2824 tunc
915 2773 1112 2838 asperguntur,
1128 2766 1291 2821 licetetiam
1306 2766 1429 2822 diluculo
1449 2769 1483 2824 ad
1501 2773 1635 2844 capellam
1656 2776 1715 2831 sint

81 2855 180 2928 absque
199 2856 313 2912 licentia
336 2873 392 2912 non
415 2856 550 2924 cantabit,
574 2857 623 2912 sed
646 2859 731 2912 misso
745 2858 874 2928 adjutore
914 2855 1030 2926 aspersi.
1047 2856 1198 2927 Postquam
1212 2871 1309 2910 omnes
1319 2857 1505 2926 consederint,
1521 2860 1550 2914 in
1565 2877 1662 2918 eorum
1672 2881 1716 2920 ar·

82 2959 126 2998 suo
137 2944 281 3000 licentiam
292 2944 375 3015 petit.
396 2944 439 3000 ad
459 2945 667 2999 caeterasetiam
682 2945 767 2999 horas
782 2960 833 3000 suo
845 2945 874 3000 in
881 2989 904 3052 c
916 2943 999 2998 bitrio
1009 2949 1051 2998 est
1065 2949 1162 2998 utrum
1177 2943 1234 2998 illic
1248 2950 1379 3016 cooperto
1394 2962 1430 3000 an
1446 2947 1551 3003 nudato
1566 2952 1657 3023 capito
1669 2971 1715 3009 se-

81 3037 202 3103 tempore
217 3031 409 3086 decantandas
422 3048 478 3086 non
495 3032 595 3097 deerit,
605 3037 729 3102 excepto,
740 3049 803 3087 cum
813 3049 876 3105 pro·
916 3032 1012 3102 deant,
1032 3033 1162 3087 similiter
1179 3039 1209 3087 et
1231 3033 1266 3088 ad
1288 3033 1315 3088 S.
1340 3033 1470 3090 Mariam.
1496 3035 1539 3091 Ibi
1559 3056 1670 3112 quoque
1693 3043 1717 3098 si

82 3129 137 3194 pter
145 3126 249 3181 testum
257 3124 372 3196 aliquod
380 3124 444 3179 alba
452 3124 494 3180 vel
505 3141 594 3197 cappa
601 3124 875 3181 indutusconventui
917 3121 979 3194 quis
995 3122 1064 3176 adeo
1079 3120 1178 3175 debilis
1198 3127 1250 3186 est,
1267 3138 1352 3194 super
1363 3123 1490 3194 juncum.
1507 3127 1555 3197 qui
1570 3129 1673 3184 talibus
1687 3132 1717 3189 in

81 3211 387 3284 interfuerit3tuncipsi
396 3229 480 3285 perse
489 3213 602 3268 tertiam
613 3219 642 3268 et
651 3219 876 3286 sextamquoque
917 3211 1032 3266 modum
1045 3211 1210 3265 lectisternii
1221 3211 1329 3281 iugiter
1344 3211 1401 3267 illic
1414 3213 1450 3268 ab
1464 3217 1587 3271 arnmrio
1600 3220 1643 3272 vel
1655 3222 1678 3292 ej
1684 3238 1716 3276 us

82 3301 245 3370 mutabuutq
261 3301 334 3357 sicut
345 3302 431 3357 etiam
446 3309 514 3357 tunc
529 3302 646 3369 faciunt,
657 3302 680 3356 si
696 3304 807 3374 quando
817 3304 874 3370 ille,
917 3299 1046 3371 adiutore
1056 3305 1229 3372 preparatus
1234 3301 1319 3370 jacet,
1328 3300 1438 3373 pellicio
1450 3303 1716 3380 capitisuperposito

81 3405 142 3446 casu
155 3391 253 3463 aliquo
262 3389 427 3463 impeditus,
436 3391 465 3446 in
474 3397 601 3463 tempore
612 3391 678 3446 illuc
689 3408 744 3446 ηοη
760 3393 874 3446 venerit.
917 3404 1038 3461 pausare
1051 3394 1153 3460 potest.

113 3479 223 3536 'Debet
233 3495 345 3552 quoque
355 3479 415 3551 ipse
425 3479 592 3550 quotidiead
606 3480 874 3553 utramquemissam
952 3477 1101 3532 Sciendum
1121 3481 1227 3544 tamen,
1243 3476 1318 3549 quia,
1344 3495 1400 3550 qua
1420 3479 1465 3534 dic
1480 3481 1645 3543 radendum.
1667 3501 1718 3544 seu

82 3585 137 3623 asse
154 3571 186 3624 in
205 3570 345 3624 alterutro
358 3569 454 3635 choro,
476 3574 590 3639 excepto
603 3567 627 3622 si
640 3568 759 3623 intirmis
770 3569 876 3624 eisdem
916 3565 1034 3622 radendi
1048 3571 1124 3632 sunt,
1138 3566 1172 3620 ad
1186 3567 1383 3622 matutinalem
1397 3568 1509 3624 missam
1521 3586 1577 3626 ηοη
1592 3573 1718 3643 veniunt,

80 3658 150 3714 infra
160 3659 300 3731 majorem
310 3659 423 3713 missam
435 3663 552 3724 sertam,
564 3657 877 3731 selinQuadragesima
917 3655 966 3709 scd
987 3654 1101 3708 iuterIm
1121 3653 1260 3709 raduntur
1275 3671 1281 3706 :
1297 3656 1436 3711 raduntur
1455 3663 1548 3714 autem
1570 3661 1669 3732 pridie.
1687 3669 1719 3719 ut

81 3762 208 3819 vesperos
228 3747 447 3804 cuntaredebet.
464 3747 507 3802 dd
523 3764 606 3819 quam
622 3753 716 3802 tamen
734 3752 832 3821 postea
846 3749 876 3804 in
917 3759 1003 3814 supra
1026 3743 1130 3798 dictum
1154 3750 1206 3809 est,
1223 3760 1308 3814 quam
1331 3751 1499 3815 conventus;
1524 3749 1547 3802 si
1571 3750 1643 3804 forte
1666 3751 1720 3808 boc

80 3837 162 3892 choro
187 3838 229 3892 vel
257 3843 323 3892 ante
344 3838 460 3891 chorum
483 3853 540 3890 non
566 3836 667 3901 deerit,
688 3836 711 3891 si
726 3837 878 3892 necessitas
919 3832 1020 3886 testum
1036 3831 1149 3902 aliquod
1171 3832 1213 3886 vel
1229 3833 1448 3888 defunctusnon
1469 3835 1609 3907 impedit;
1630 3847 1658 3894 et
1683 3841 1719 3896 ad

81 3926 173 3997 aliqua
183 3941 241 3982 non
253 3925 457 3998 supervenerit.
479 3925 562 3980 lllum
576 3925 662 3979 etiam
675 3925 746 3980 scire
756 3932 876 3997 oportet,
919 3921 972 3976 hoc
990 3920 1156 3992 singulatim
1171 3921 1278 3975 rasoria
1294 3927 1322 3975 et
1336 3921 1423 3976 lintea
1438 3922 1473 3977 ab
1488 3924 1644 3983 infirmario
1659 3946 1719 3984 ser-

79 4013 416 4084 quodindieNativitatis
431 4012 554 4080 Domini,
567 4019 596 4068 et
609 4014 639 4068 in
657 4014 718 4084 ejus
728 4020 834 4080 octava,
851 4019 879 4070 et
919 4015 1031 4076 vantur,
1048 4025 1109 4080 quaa
1126 4010 1211 4064 etiam
1232 4026 1250 4063 a
1270 4010 1376 4064 famulo
1396 4017 1545 4078 acuuntur,
1563 4015 1634 4069 etin
1649 4022 1719 4071 tem-

80 4101 272 4160 inlestivitate
283 4103 418 4159 Omnium
435 4105 610 4166 sanctorum,
627 4119 725 4158 cursus
741 4103 879 4175 quotidia—
921 4115 988 4170 pore
1004 4115 1108 4152 rasurae
1128 4098 1163 4152 ab
1178 4097 1276 4152 eodem
1291 4098 1434 4152 rasoribus
1451 4099 1669 4160 distribuuntur.
1686 4107 1719 4162 In

79 4207 130 4247 nus
144 4194 181 4248 de
196 4195 226 4249 S.
241 4192 332 4247 Maria
355 4191 517 4247 recitandus
538 4197 590 4257 est,
616 4183 748 4263 quodque
770 4209 881 4264 semper
921 4188 976 4254 die,
992 4203 1048 4258 qua
1062 4187 1163 4242 tratres
1177 4187 1363 4242 communiter
1385 4187 1412 4241 in
1432 4186 1555 4243 elaustro
1569 4191 1717 4248 raduntur.

80 4281 392 4352 nuoeudcmquemodo
407 4281 444 4335 sit
457 4281 620 4347 canerrdus;
638 4280 692 4335 nisi
707 4279 737 4334 in
751 4280 880 4336 Adventu
921 4282 985 4348 post
1005 4275 1213 4348 percussionem
1241 4275 1344 4331 tubulas
1363 4292 1452 4346 usque
1471 4275 1538 4332 dum
1563 4281 1721 4351 psalmodia

78 4367 201 4437 Domini,
225 4377 256 4424 et
273 4370 348 4424 intra
365 4370 532 4424 Natalitinm
553 4369 662 4440 ipsius;
682 4385 700 4424 a
718 4374 786 4425 tunc
804 4371 878 4424 enim
889 4343 1083 4437 ”incipiatun
1094 4364 1294 4420 infirmietiam
1311 4365 1476 4435 loquuntur.
1491 4367 1529 4420 At
1543 4369 1721 4440 quotiescun·

78 4465 178 4514 cantus
198 4458 292 4514 eidem
310 4457 431 4530 tempori
455 4474 596 4530 congruus
616 4458 651 4512 de
666 4473 700 4512 ea
712 4457 833 4524 canitur,
855 4465 884 4514 et
924 4471 978 4525 que
992 4460 1144 4509 conventus
1168 4452 1276 4508 duabus
1299 4453 1404 4510 vicibus
1423 4459 1585 4524 comederit,
1598 4460 1641 4514 vel
1655 4461 1721 4516 uni-

78 4549 151 4618 quod
172 4547 203 4603 in
224 4547 374 4603 duodecim
389 4546 557 4602 lectionibus
571 4546 606 4601 ad
622 4546 793 4601 matutinum
808 4547 882 4618 ejus·
923 4543 1030 4598 versele
1043 4543 1182 4614 ieiunium
1202 4541 1376 4614 persolverit,
1391 4550 1458 4600 tunc
1473 4547 1563 4618 quiin
1576 4549 1649 4604 lecto
1664 4567 1721 4606 non

76 4636 141 4691 dem
156 4653 267 4698 cursus,
285 4637 407 4708 hymnus
430 4637 463 4690 Te
481 4637 567 4690 Deum
591 4637 740 4690 laudamus
764 4651 820 4691 non
840 4640 884 4692 est
921 4634 1070 4704 jacuerint,
1088 4649 1144 4687 non
1158 4633 1294 4688 omittunt
1306 4633 1341 4687 ad
1356 4635 1492 4705 majorem
1508 4637 1621 4692 missam
1637 4637 1723 4694 inter·

79 4725 344 4795 praetermittendus
356 4743 363 4792 ;
374 4729 404 4779 et
414 4723 487 4795 quod
500 4729 563 4794 post
584 4725 666 4779 Verba
680 4740 740 4779 meu
755 4724 883 4780 anniver-
923 4721 1163 4792 esse,tnn.)usque
1173 4722 1241 4776 dum
1254 4721 1483 4793 Evangeliumait
1493 4724 1606 4794 lectum,
1618 4732 1645 4782 et
1655 4732 1723 4784 tunc

80 4813 151 4868 salis
171 4812 262 4867 oratio
281 4811 408 4883 quotidie
428 4811 502 4866 sicut
519 4811 589 4866 etin
609 4819 757 4881 conventu,
782 4813 818 4867 ab
837 4813 885 4872 illo
925 4810 1059 4865 recedunt
1069 4810 1104 4864 td
1116 4811 1144 4865 S·
1162 4809 1291 4870 Mariam,
1308 4817 1341 4866 ul
1355 4817 1469 4868 cantent
1483 4822 1601 4880 sextam,
1615 4832 1666 4872 ¹¹00
1679 4819 1723 4873 ul·

76 4907 121 4956 est
137 4902 269 4956 dicenda.
298 4901 370 4956 ltem
391 4899 544 4970 siquando
565 4917 616 4973 pro
631 4901 812 4957 tribulatione
828 4907 884 4958 tres
925 4899 1013 4953 terius
1028 4899 1167 4970 prandere
1182 4904 1338 4964 morantur,
1361 4901 1414 4956 nisi
1441 4901 1471 4956 in
1494 4903 1539 4959 die
1562 4911 1658 4960 sancto
1672 4923 1724 4978 pa·

75 4991 192 5062 pscium,
206 4991 235 5045 id
246 4995 299 5056 est,
314 4991 441 5056 Durriae,
453 4991 521 5058 quid
536 4992 728 5058 inultiplicati.
741 4992 883 5047 Densum·
924 4989 1065 5053 resuere·
1082 4994 1150 5046 tunc
1166 4988 1240 5043 enim
1256 5005 1345 5060 usque
1360 4990 1396 5044 ad
1409 4991 1494 5046 linem
1508 4991 1648 5048 officii'ibi
1663 5012 1725 5066 per-

77 5085 118 5133 tcr
134 5081 292 5148 resupinat.
304 5079 347 5135 Aa
359 5081 384 5132 le
394 5080 483 5132 leuari
494 5095 502 5132 .·
514 5083 577 5148 post
587 5079 885 5150 capitulumsuntcan-
925 5078 1038 5143 sistunt,
1046 5081 1075 5130 et
1084 5075 1245 5131 discalciati.
1255 5082 1321 5146 (un.)
1329 5078 1358 5133 Si
1369 5083 1624 5137 autemconventus
1634 5099 1724 5154 usque

75 5170 172 5232 tandi,
189 5169 217 5223 bi
237 5173 266 5223 et
285 5165 320 5222 ab
337 5166 457 5221 infirmis
472 5182 527 5221 non
543 5172 610 5222 sunt
623 5167 798 5238 negligendi3
814 5167 882 5240 quin
925 5165 960 5220 ad
975 5181 1078 5220 nonam
1096 5165 1277 5236 jejunaverit,
1298 5166 1353 5237 ipsi
1368 5172 1431 5239 post
1454 5169 1617 5240 capitulum,
1636 5173 1680 5224 vel
1698 5172 1723 5227 si

76 5275 125 5312 eos
142 5261 211 5328 post
228 5256 389 5327 regularem
400 5254 510 5320 horam,
528 5271 590 5326 quoa
603 5255 757 5327 capitulum
775 5263 885 5312 antece·
925 5253 1078 5325 capitulum
1093 5260 1145 5318 est,
1162 5261 1227 5309 ante
1243 5255 1367 5319 tertiam,
1384 5261 1412 5310 et
1426 5255 1461 5309 ab
1483 5257 1577 5312 Idibus
1595 5257 1724 5329 Septem-

75 5347 128 5411 dit,
143 5345 292 5418 prostrati,
304 5345 328 5399 si
344 5343 410 5399 talis
420 5344 544 5410 eatdies,
564 5345 656 5416 stipsi
666 5349 788 5400 cantent.
803 5345 884 5400 Atta·
926 5342 983 5398 bris
991 5344 1120 5414 usquead
1131 5343 1271 5399 Kalendas
1278 5343 1405 5398 Octobris
1413 5346 1597 5414 posttertiam
1605 5351 1723 5414 stantes,

77 5452 147 5490 men
159 5434 185 5489 si
199 5433 313 5506 quando
328 5433 408 5488 Verba
415 5448 476 5487 men
485 5438 550 5505 post
558 5433 712 5505 capitulum
726 5449 776 5506 pro
790 5434 884 5506 aliquo
925 5439 1041 5487 cantant
1064 5438 1171 5487 sextam
1187 5431 1331 5504 praemissa
1350 5433 1487 5499 oratione,
1507 5421 1590 5489 etad
1605 5436 1725 5493 eandem

75 5522 232 5591 defuncto,
246 5523 329 5595 cujus
339 5521 432 5578 brevis
444 5521 475 5578 in
488 5521 677 5595 ipsocapitulo
687 5528 883 5596 presentetur,
929 5521 1096 5589 orationem,
1107 5521 1182 5578 sicut
1195 5521 1281 5576 etiam
1295 5521 1331 5577 ad
1351 5519 1516 5592 quamlibet,
1527 5522 1551 5578 si
1562 5528 1674 5596 tempus
1684 5535 1727 5586 cst
