3872 6162
240 253 294 340 ita
757 279 786 335 s
804 277 1001 335 numanum
1019 278 1172 338 meins
1191 281 1362 338 urnssuo.
1794 291 1835 348 sn

240 417 315 462 eam.
332 419 394 478 qua
407 402 525 460 interior
536 405 581 458 est
600 401 745 474 paululum
758 401 787 456 in
801 418 894 458 aerem
909 419 1035 463 movens.
1050 405 1141 485 Arium
1155 421 1237 478 pone.
1254 407 1357 462 Eodem
1373 407 1456 462 modo
1476 422 1527 476 pro
1549 406 1646 462 minori
1659 423 1748 479 prona,
1761 412 1837 468 addita

241 493 345 551 Eodem
359 494 451 555 modo,
465 493 488 547 si
503 509 587 563 poma
601 492 690 546 assari
711 491 817 563 cupias.
835 493 888 548 Pro
905 493 985 564 signo
1000 493 1039 547 la·
1080 495 1234 550 elevatione
1249 495 1359 550 minimi
1371 496 1462 566 digiti.
1480 495 1535 550 Pro
1550 495 1626 566 signo
1640 514 1793 560 cerasorum:
1802 519 1839 572 ge

240 583 302 648 ctis,
320 599 417 638 omnes
431 581 534 653 digitos
548 581 670 636 dexterae
684 596 784 635 manus
794 580 909 634 minimo
921 581 1039 638 alterius
1080 585 1169 638 nerali
1183 584 1264 655 signo
1279 584 1422 656 premisso
1436 584 1554 655 digitum
1571 585 1596 638 in
1611 603 1678 656 gana
1699 604 1768 656 pone,
1780 593 1839 661 quod

241 689 344 728 manus
365 671 453 744 digito
469 672 663 743 circumponas
691 677 719 725 et
733 671 773 726 sic
786 671 917 725 inseram
929 671 1035 735 trahas.
1081 672 1199 728 rubeum
1214 690 1327 744 semper
1339 673 1460 729 colorem
1475 673 1615 744 exprimit.
1624 673 1675 728 Pro
1686 675 1755 746 signo
1767 677 1840 748 lrugo

240 761 333 833 ipsum
343 760 583 830 lacemulgentenr
594 757 1037 829 simulans.Prosignoplacentae3
1080 778 1154 828 rum,
1164 761 1252 817 trium
1264 761 1449 817 maximorum
1459 762 1634 818 summimus
1645 764 1779 835 digitomm
1787 783 1842 822 cou-

240 851 366 922 generali
376 849 456 920 signo
468 848 700 921 premissopanis
710 853 738 902 et
748 847 831 905 casei.
843 846 942 901 deuna
952 861 1038 901 manu
1076 851 1174 921 jungo,
1193 851 1310 922 reliquis
1324 868 1435 922 quoque
1450 852 1559 907 uuouus
1573 853 1731 924 compositis,
1745 855 1842 926 applica·

242 955 340 994 omncs
355 938 458 1009 digitos
476 938 597 992 inllcctc.
612 941 640 990 et
654 935 694 990 ita
707 952 792 990 manu
806 951 873 990 cava
883 935 912 989 in
926 935 1040 989 interio-
1079 939 1285 1010 tisqucdextrm
1295 940 1762 1012 mannstribusdigitis,uellicautcm
1769 961 1841 1000 moros

241 1045 303 1083 rem
322 1026 499 1100 superficiem
514 1025 630 1084 alterins
645 1041 747 1080 manus
773 1041 855 1096 pone.
881 1025 937 1079 Pro
960 1024 1040 1096 signo
1081 1029 1184 1083 simula
1204 1029 1426 1101 :sciendumque
1452 1035 1496 1084 est
1517 1030 1612 1084 omnia
1634 1030 1711 1102 nigri,
1732 1032 1842 1105 rubeique

241 1115 547 1189 crispellarumllli)uel
561 1114 754 1185 trigdolarum,
766 1131 829 1169 cum
841 1130 935 1185 pugno
947 1113 1041 1185 accipe
1082 1117 1182 1172 coloris
1200 1117 1287 1188 trega,
1304 1134 1449 1190 unumque
1471 1119 1602 1190 idemque
1622 1118 1725 1190 signum
1739 1121 1839 1177 habere:

241 1208 344 1275 crines,
355 1206 436 1278 quasi
446 1205 543 1276 cupias
556 1204 653 1258 eosita
663 1203 770 1274 crispos
780 1203 880 1257 lacere.
894 1203 948 1256 Pro
958 1201 1038 1273 siguo
1079 1212 1206 1278 excepto,
1222 1207 1296 1278 qnod
1320 1207 1399 1278 nigra
1422 1208 1522 1263 tunicas
1537 1209 1628 1279 signo,
1646 1209 1699 1266 alia
1712 1227 1767 1264 sero
1780 1211 1841 1268 rubei

240 1295 414 1350 raseolarum
429 1293 507 1366 (ti),
533 1293 657 1365 generali
676 1292 757 1363 signo
780 1291 923 1363 praemisso
946 1291 1036 1362 panis,
1079 1294 1180 1350 coloris
1194 1295 1275 1367 signo
1289 1296 1400 1351 differre
1415 1296 1511 1351 facins.

241 1385 341 1440 simula
357 1401 420 1439 cum
436 1383 546 1438 duobus
560 1381 655 1454 digitis
669 1382 733 1436 illas
748 1380 872 1435 minutas
891 1379 1039 1434 involutio·
1381 1384 1499 1442 CAPUT
1523 1386 1573 1442 XI.

240 1490 301 1538 nes,
318 1490 380 1545 quae
395 1474 423 1528 in
439 1473 479 1528 eis
500 1479 567 1527 sunt
584 1475 664 1526 iactae
687 1487 720 1524 ex
743 1487 777 1524 ca
799 1477 888 1541 parte.
903 1485 959 1539 qua
972 1472 1039 1522 suut
1203 1478 1240 1531 De
1255 1478 1343 1543 signis
1361 1491 1507 1544 pomorum
1526 1480 1741 1545 peregrinorum.

240 1563 414 1635 complicata
428 1569 457 1617 at
471 1562 550 1633 quasi
566 1560 703 1616 rotundae.
722 1559 776 1614 Pro
791 1559 871 1630 signo
886 1557 977 1631 panis,
990 1556 1037 1628 qui
1115 1565 1126 1588 ·
1140 1565 1193 1619 Pro
1204 1565 1285 1636 signo
1298 1565 1374 1636 pomi
1388 1564 1493 1619 cedrini
1507 1584 1513 1624 ;
1529 1566 1653 1636 generali
1664 1567 1791 1637 irremisso
1802 1569 1842 1622 loc

238 1654 269 1706 1¹¹
283 1653 426 1722 Μθὲῑῦθ
440 1651 571 1720 coquitur
583 1669 589 1717 ἱ
610 1648 772 1722 Pffl⁸⁰¹¹illt⁰
787 1648 869 1702 ffl⁰d⁰
884 1657 983 1701 ⁰0⁰1OE
997 1647 1039 1700 dl·
1079 1656 1160 1721 udde,
1168 1663 1200 1712 ut
1208 1656 1370 1712 interiorem
1384 1665 1492 1729 partem
1505 1658 1611 1730 pollicis
1619 1667 1709 1714 mama
1717 1677 1841 1731 supponas.

238 1740 329 1812 gitnm
346 1741 439 1808 suilla,
455 1741 625 1810 signumque
639 1737 786 1810 sagiminis
799 1737 871 1791 adde
891 1737 945 1790 Pro
956 1729 1068 1807 signoB
1079 1744 1133 1800 Pro
1144 1745 1224 1817 signo
1235 1747 1314 1810 licus,
1325 1747 1450 1817 generali
1463 1747 1606 1818 praemisso
1618 1748 1755 1820 utriusque
1764 1765 1843 1804 manus

237 1830 376 1901 pulmenti
392 1828 515 1885 oleribus
529 1827 665 1896 consecti3
688 1843 752 1881 cum
777 1825 867 1880 indice
887 1825 984 1880 dextro
1008 1825 1038 1880 in
1079 1835 1183 1906 digitos
1197 1836 1343 1908 complica.
1357 1837 1519 1908 iunctisque
1530 1838 1564 1892 nd
1576 1837 1689 1892 inuicem
1702 1837 1812 1892 manibus
1822 1838 1843 1891 in

236 1920 401 1974 summitate
413 1918 500 1991 pugni
514 1917 621 1973 sinistri
629 1916 730 1971 simula
742 1915 910 1970 incidentem
924 1915 1037 1970 easdem
1078 1925 1216 1995 superiori
1231 1942 1342 1980 rursum
1357 1925 1497 1997 disjunge,
1515 1927 1600 1982 veluti
1613 1927 1660 1988 qui
1675 1944 1729 1982 rem
1743 1927 1843 1999 aliquam

237 2009 350 2064 herbas.
368 2007 517 2078 prosigno
540 2005 763 2068 sttrblcluncttlae,
790 2003 820 2059 ld
847 2011 900 2070 est,
923 2003 977 2058 cibi
1004 2020 1036 2059 ex
1077 2013 1843 2087 dividit,Prosign0eastnneae,n1qnuminmgnumpone,

235 2097 342 2164 herbis,
358 2102 425 2164 etc„
436 2101 465 2152 el
479 2094 602 2152 oleribus
617 2094 753 2160 confeci13
779 2099 879 2149 contra
895 2099 1037 2148 extentam
1077 2100 1120 2156 bis
1133 2102 1176 2158 vel
1191 2107 1234 2157 ter
1249 2119 1312 2158 eam
1327 2103 1536 2160 circumferens,

236 2203 353 2242 manum
364 2185 508 2242 sinistram
519 2202 621 2258 gyrum
634 2201 698 2240 cum
714 2185 812 2240 dextro
825 2183 916 2238 indice
930 2182 1035 2251 sacias3
1375 2192 1492 2248 CAPUT
1513 2191 1576 2248 ΧΗ,

236 2292 288 2347 pro
303 2294 337 2332 co
351 2276 426 2348 quod
441 2281 468 2331 et
481 2276 573 2348 ipsum
589 2275 628 2330 ita
644 2274 842 2329 circumfertur
857 2274 885 2328 in
901 2271 966 2327 olla.
982 2272 1037 2326 Pro
1329 2281 1363 2334 οι
1389 2283 1477 2350 signis
1502 2285 1624 2340 aarum,

236 2365 318 2436 signo
333 2365 414 2429 muti,
431 2365 485 2420 isto
500 2364 597 2419 eodem
618 2363 763 2435 premisso
778 2363 830 2418 hoe
843 2362 925 2424 ande,
937 2359 1038 2432 utpol-
1111 2369 1122 2390 ·
1137 2367 1275 2422 denerata
1288 2367 1399 2439 signum
1414 2370 1521 2425 olerum
1536 2371 1711 2436 estnnuioem
1726 2371 1842 2431 osonum,

235 2453 317 2510 licem
332 2455 362 2509 in
376 2454 541 2510 summitate
556 2453 667 2507 minimi
686 2451 767 2523 digiti
790 2451 930 2506 modicum
947 2449 1036 2522 prosi·
1076 2454 1104 2510 id
1120 2462 1282 2522 esseorum
1295 2465 1399 2513 terram
1409 2460 1569 2524 extendere,
1584 2461 1624 2516 sic
1639 2468 1728 2516 tamen
1749 2465 1775 2515 ut
1786 2473 1844 2512 sum·

234 2543 286 2599 lire
310 2544 407 2599 iacias.
433 2544 488 2598 Pro
511 2541 592 2611 signo
605 2541 769 2596 consedendi
782 2560 788 2608 ;
804 2542 874 2596 duos
889 2555 1034 2610 supremos
1075 2545 1202 2602 mitatem
1214 2547 1403 2619 pollicisillius
1415 2549 1507 2604 madio
1517 2545 1843 2622 anicuioapponasuuol,

234 2633 338 2704 digitos
352 2634 515 2704 conjunctos
526 2631 560 2686 ad
575 2647 606 2686 os
620 2631 708 2686 semel
723 2630 843 2701 porrige,
856 2629 964 2684 caeteris
981 2645 1034 2700 pu·
1075 2635 1129 2690 etsi
1143 2637 1273 2692 omnibus
1289 2637 1411 2693 oleribus
1426 2639 1517 2710 primo
1532 2640 1593 2694 loco
1608 2639 1756 2700 conueniat,
1769 2643 1844 2690 tarum

233 2720 301 2794 gillo
316 2721 466 2793 implicatis
492 2722 545 2776 Pro
560 2721 640 2792 signo
660 2719 831 2774 carniacum
856 2717 952 2789 digitis
967 2719 1034 2772 duo·
1073 2740 1187 2795 porrum
1201 2727 1360 2798 speciatim
1373 2733 1400 2782 et
1412 2729 1525 2800 proprie
1539 2729 1642 2800 signat,
1657 2729 1845 2796 prosignoccpc

233 2810 287 2867 bus
310 2811 431 2867 dextera
451 2827 551 2866 manus
579 2811 608 2866 in
635 2809 767 2866 exteriori
794 2809 942 2882 superlicio
961 2807 1033 2862 alte·
1074 2813 1198 2883 generali
1220 2816 1526 2886 praemissohocadde.
1551 2825 1584 2873 ut
1606 2818 1730 2874 omnibus
1747 2815 1845 2870 sinistre

233 2901 294 2957 rius
314 2911 408 2958 cutem
430 2907 525 2971 tange,
552 2899 647 2955 addito
670 2900 752 2970 signo
776 2898 950 2953 comedendi.
978 2896 1032 2950 Pro
1074 2918 1175 2958 manus
1188 2903 1283 2975 digitis
1296 2905 1410 2960 insimul
1423 2907 1675 2976 junctis,dcxtrum
1691 2906 1846 2972 indicomper

233 2991 314 3063 signo
328 2991 485 3064 sagiminis,
502 2989 620 3045 extende
633 3005 746 3044 manum
763 2987 917 3052 sinistram,
934 2992 963 3041 et
976 2992 1171 3068 tresceorum
1187 2993 1335 3048 sumitates
1358 2995 1465 3052 trahas.
1489 2997 1629 3052 simulans
1651 3012 1723 3062 eum,
1738 2992 1781 3065 qui
1794 3005 1845 3045 eum

233 3083 343 3137 medios
354 3081 457 3153 digitos
473 3080 589 3136 alterius
604 3095 703 3134 manus
718 3078 746 3132 in
759 3077 836 3133 illius
854 3075 982 3132 interiori
995 3077 1032 3130 le·
1072 3080 1162 3134 cultro
1177 3080 1283 3152 aliquid
1301 3081 1415 3138 incidat.
1428 3083 1481 3139 Pro
1501 3085 1583 3156 signo
1598 3085 1722 3157 peponis,
1737 3079 1846 3154 predicto

232 3171 308 3227 niter
321 3172 412 3233 unire,
436 3171 517 3243 quasi
540 3175 692 3240 ungentem
720 3167 844 3222 simules.
871 3166 926 3220 Pru
951 3165 1031 3236 signo
1073 3169 1157 3224 modo
1171 3169 1275 3241 digitos
1289 3172 1436 3244 coniunge,
1447 3178 1477 3228 et
1489 3173 1611 3229 indicem
1627 3191 1677 3246 per
1683 3175 1815 3244 juncturas
1823 3166 1847 3220 il·

232 3261 288 3317 olei
302 3260 448 3324 naturalis,
465 3259 539 3331 quod
568 3275 600 3313 ex
630 3255 747 3311 nucibus
770 3255 831 3310 lieri
859 3255 939 3318 solet,
963 3271 1032 3326 prae·
1072 3259 1164 3314 lorum
1179 3259 1310 3316 deorsum
1324 3262 1415 3326 trahe,
1431 3279 1464 3317 ac
1482 3263 1505 3316 si
1529 3262 1630 3324 lineas,
1646 3262 1846 3335 quaineoesse

232 3349 318 3406 misso
329 3350 408 3406 nucis
417 3349 508 3420 signo,
521 3347 593 3401 addc
604 3347 715 3417 signum
728 3344 941 3416 sagiminisl'ro
952 3343 1032 3415 signo
1074 3344 1174 3410 solent,
1191 3345 1259 3400 velis
1282 3346 1443 3418 depingere.
1467 3347 1521 3402 Pro
1536 3348 1618 3419 signo
1642 3355 1710 3404 rutae
1722 3366 1728 3412 ;
1740 3340 1845 3416 generali

232 3439 334 3498 mellis.
350 3438 494 3511 paulisper
507 3436 551 3491 lac
564 3435 691 3507 linguam
712 3449 858 3506 apparere,
881 3438 911 3488 et
931 3432 1033 3503 digitos
1074 3435 1218 3506 praemisso
1234 3435 1286 3489 hoc
1298 3434 1380 3500 adde,
1393 3442 1426 3490 ut
1440 3453 1503 3490 cum
1519 3442 1581 3492 tota
1595 3455 1681 3492 manu
1696 3436 1846 3491 vellicantem

232 3527 351 3600 applica,
369 3525 449 3599 quasi
463 3524 587 3580 lambere
603 3525 684 3582 uelis.
1075 3539 1137 3578 eam
1152 3523 1277 3579 simules.
1290 3525 1343 3580 Pro
1356 3525 1569 3596 signoseniculi,
1579 3527 1700 3598 signum,
1711 3542 1761 3596 quo
1771 3522 1845 3592 splen·

548 3649 666 3706 CAPUT
685 3649 718 3704 x·
1072 3612 1125 3667 dor
1146 3612 1219 3668 oculi
1243 3613 1417 3684 designatur,
1445 3615 1526 3670 addc.
1544 3616 1601 3670 Pro
1623 3617 1702 3688 signo
1727 3617 1845 3687 panoceta

1073 3701 1271 3758 Rhcinouianae
1286 3701 1328 3764 tta
1344 3705 1376 3772 ²),
1387 3704 1514 3774 generali
1529 3709 1683 3776 premisso,
1698 3719 1800 3759 manum
1813 3715 1848 3753 er·

474 3775 512 3832 De
525 3778 614 3845 ³²'dm'i
627 3789 785 3845 p⁰m⁰r¹⁴²l²=
1073 3796 1183 3845 tensam
1196 3791 1303 3863 pectori
1321 3807 1440 3863 appone,
1456 3791 1553 3848 addito
1567 3793 1633 3850 boni
1645 3795 1731 3866 siguo,
1747 3809 1776 3847 eo
1787 3787 1846 3861 quod

268 3889 349 3944 *Pro
364 3885 445 3958 signo
460 3883 537 3958 pomi
561 3883 689 3955 pollicem
713 3897 777 3936 cum
801 3880 864 3936 aliis
886 3879 1030 3935 conclude.
1073 3894 1118 3933 res
1133 3879 1202 3934 satis
1216 3881 1363 3934 commoda
1377 3882 1414 3936 sit
1427 3882 1557 3937 infirmis.
1571 3883 1627 3938 Pro
1637 3884 1716 3955 signo
1726 3880 1802 3936 aneti.
1811 3893 1849 3948 gc·

231 3979 287 4034 Pro
300 3977 380 4050 signo
405 3974 469 4048 piri,
484 3971 610 4045 generali
640 3972 721 4042 signo
744 3971 888 4042 premisso
911 3969 1032 4024 indicem
1073 3967 1163 4022 nerali
1173 3969 1465 4042 praemissopolliccm
1476 3987 1540 4026 cum
1555 3972 1650 4028 indice
1660 3971 1778 4045 proximo
1789 3965 1848 4022 nari·

233 4067 360 4124 extende.
375 4065 429 4120 Pro
445 4062 524 4135 signo
532 4061 626 4116 cotani
640 4058 712 4126 itui:
728 4059 853 4130 generali
868 4058 949 4130 signo
960 4075 1030 4130 prra-
1072 4056 1124 4112 bus
1139 4057 1266 4116 admove.
1282 4059 1377 4116 addito
1399 4061 1533 4132 praedicto
1555 4063 1695 4134 cujusque
1717 4060 1754 4115 rei
1773 4057 1847 4127 signo.

232 4157 318 4212 misso
330 4155 443 4226 signum
454 4151 555 4224 lapidis
566 4150 647 4205 adda.
660 4149 802 4220 Prosigno
810 4148 934 4220 persica,
944 4164 1030 4219 gene·
1071 4147 1127 4203 Pro
1141 4149 1294 4220 signonpii.
1304 4150 1428 4221 generali
1443 4151 1598 4222 premisso,
1614 4152 1723 4223 signum
1739 4145 1849 4203 minutio

232 4245 285 4302 rnli
298 4245 379 4317 signo
396 4241 549 4316 premisso.
566 4239 681 4312 pellicia
695 4238 806 4310 signum
831 4237 912 4293 adde.
925 4237 979 4292 Pro
992 4236 1032 4291 si·
1072 4236 1117 4290 nis
1129 4237 1210 4292 adde.
1229 4239 1282 4292 l’ro
1296 4239 1377 4309 signo
1394 4239 1495 4295 salviae.
1516 4241 1645 4311 generali
1660 4239 1802 4313 praemisso,
1817 4232 1848 4287 si·

231 4353 287 4408 gno
301 4333 424 4406 nespilae,
437 4329 562 4403 generali
577 4329 656 4400 signo
672 4328 816 4399 premisso
830 4326 904 4396 regis
918 4325 1030 4397 signum
1040 4327 1234 4425 Dgnnmsalis
1244 4326 1473 4398 addeProsigno
1484 4329 1737 4402 porcioli.gencrali
1747 4324 1849 4399 proauis

232 4425 313 4480 adde.
328 4424 382 4478 Pro
393 4422 474 4492 signo
484 4419 601 4491 maioris
619 4417 708 4480 nucis,
724 4415 915 4474 summitatem
931 4415 1031 4470 indicis
1074 4431 1112 4470 so.
1127 4416 1238 4486 signum
1251 4417 1327 4488 porci
1344 4417 1425 4472 adde.
1437 4417 1492 4473 Pro
1511 4419 1596 4488 signo
1610 4421 1725 4476 lactuca
1743 4411 1849 4488 generali

232 4514 262 4569 in
278 4511 335 4567 oris
349 4509 556 4566 extremitatem
573 4505 772 4578 ponteonem
788 4521 839 4577 pro
849 4505 950 4559 minori
961 4520 1032 4560 nuce
1073 4505 1217 4576 praemisso
1227 4506 1329 4575 digitos
1339 4507 1550 4562 manusdcxtrae
1560 4504 1818 4578 omnescomprime,
1828 4503 1850 4553 el

232 4601 330 4658 addita
344 4597 500 4655 elevatione
516 4594 624 4650 minimi
639 4595 730 4666 digiti,
748 4593 822 4666 quod
837 4609 949 4665 semper
972 4609 1032 4648 rem
1073 4594 1220 4648 confestim
1236 4594 1376 4665 disjunge,
1391 4595 1471 4666 quasi
1488 4597 1634 4652 mollitiem
1647 4605 1677 4652 ct
1691 4599 1749 4669 ejus
1767 4591 1850 4647 latitu-

232 4705 347 4763 pnrvnm
362 4687 511 4758 significat.
534 4685 587 4740 Pro
612 4683 692 4755 signo
707 4682 780 4738 botri
795 4699 892 4738 omnes
910 4681 1032 4738 sinistrae
1073 4681 1167 4737 dinem
1179 4683 1327 4740 simulans.
1339 4684 1394 4738 Pro
1410 4684 1491 4756 signo
1505 4685 1650 4751 ceraefolii,
1661 4681 1779 4754 generali
1793 4693 1851 4750 pnt-

232 4795 334 4834 manus
348 4777 451 4848 digitos
472 4775 619 4846 aequaliter
640 4775 790 4845 conjunge,
811 4763 974 4843 cunctisque
997 4772 1032 4827 de
1073 4771 1495 4846 missoceraesignumadjnuge.
1508 4773 1851 4846 Prosignocauli.manum

232 4883 319 4924 manu
334 4868 424 4922 altera
432 4863 639 4938 circumpositis
649 4863 678 4918 in
688 4863 772 4917 finem
784 4861 920 4933 praedicta
931 4862 1033 4917 leniter
1073 4859 1427 4933 complicatampramisso
1434 4863 1571 4933 generali,
1584 4869 1787 4919 versusterram
1796 4870 1852 4927 pau·

232 4957 377 5016 contrahe.
394 4955 474 5026 quasi
488 4954 664 5025 colligentem
681 4967 749 5009 uvas
761 4951 908 5006 simulans.
923 4951 978 5006 Pro
992 4950 1032 5006 si·
1073 4949 1161 5004 lulum
1175 4949 1310 5022 impinge,
1327 4950 1407 5022 quasi
1418 4952 1466 5023 qui
1480 4952 1598 5024 plantat.
1614 4953 1670 5008 Pro
1685 4951 1762 5023 signo
1771 4953 1852 5019 potro-

229 5063 288 5121 gno
313 5045 429 5118 majoris
456 5059 564 5115 pruna,
587 5040 713 5114 generali
738 5039 883 5112 praemisso
911 5039 1031 5096 indicem
1073 5037 1159 5102 silini,
1169 5039 1294 5109 generali
1304 5039 1457 5111 premisso,
1469 5041 1581 5112 signum
1597 5041 1700 5114 lapidis
1715 5038 1790 5094 adde.
1805 5035 1851 5088 Pro

231 5153 318 5212 super
329 5136 468 5200 dextrum,
484 5131 610 5188 medium
623 5147 688 5185 varo
700 5145 785 5201 super
798 5128 945 5184 sinistrum
964 5145 1031 5184 ocu·
1072 5127 1153 5198 signo
1166 5127 1308 5192 nasturtii,
1324 5129 1398 5200 quod
1409 5128 1564 5200 vulgariter
1582 5146 1669 5186 cresso
1681 5127 1739 5200 (ts)
1752 5124 1849 5188 dicitur,
1901 5197 1902 5204 ἵ

268 5279 325 5350 (46)
338 5275 482 5347 crispolis,
504 5273 613 5330 Rustici
637 5272 711 5345 apud
734 5273 912 5328 Normannos
933 5275 1032 5326 uocant
1108 5268 1163 5332 <481
1175 5265 1334 5336 Tutanum,
1349 5271 1505 5326 cotoneum
1520 5273 1635 5332 malam,
1652 5272 1744 5327 Germ.
1760 5268 1848 5326 litteo,

230 5353 324 5434 Orops,
339 5367 391 5406 ova
405 5363 569 5423 paucacum
582 5345 673 5400 surina
692 5343 789 5410 mixta,
804 5350 831 5399 et
847 5345 877 5400 in
888 5343 1032 5414 sartagine
1072 5341 1145 5396 Gall.
1162 5343 1239 5397 Cain.
1256 5343 1359 5400 dotano
1373 5342 1477 5398 dicitur
1490 5345 1562 5415 apud
1578 5345 1608 5398 F.
1625 5344 1709 5399 laur.
1727 5341 1756 5395 in
1769 5335 1847 5392 nartal-

231 5423 313 5479 l'rtxa.
1107 5413 1175 5481 (ld't
1200 5415 1343 5480 Punoceto,
1378 5413 1490 5486 parracis
1520 5415 1637 5482 species,
1666 5411 1846 5470 anemonae
1900 5457 1901 5500 q

278 5494 322 5564 it)
337 5495 462 5558 llareoia,
477 5489 684 5556 aliaslluseola,
694 5490 725 5541 et
739 5486 859 5553 liresatla.
871 5487 933 5542 Non
944 5486 1027 5558 longe
1069 5484 1153 5549 dicta,
1173 5485 1246 5555 quod
1263 5484 1338 5542 circa
1350 5487 1487 5554 Rhenum,
1505 5485 1614 5541 facilius
1628 5497 1742 5540 crescat.

229 5564 257 5619 si
293 5557 810 5624 nturdilierreaboblutis.sauobliis,
824 5557 1028 5628 Galldudiies,
1105 5555 1159 5620 tilii
1174 5565 1276 5623 traso,
1296 5558 1473 5626 Cardumine,
1498 5556 1669 5614 nasturtium
1690 5551 1846 5630 aquaticum·

232 5637 366 5705 &numm
382 5635 477 5692 Germ.
492 5635 611 5707 Hippea,
625 5633 650 5688 si
663 5631 720 5688 sint
733 5629 866 5702 majores.
1069 5626 1143 5688 Gall.
1159 5626 1283 5688 cresson.
1899 5657 1900 5660 =
