3934 6174
136 223 175 281 til
438 223 477 278 lN
496 222 529 277 D.
551 221 658 277 PAULI
678 221 789 278 EPIS'P.
811 219 997 279 OOMMENT.
1023 252 1046 261 -
1073 217 1173 276 arist
1204 219 1252 274 AD
1272 221 1400 275 GALAT.
1687 217 1739 281 262

135 365 168 414 eo,
180 348 275 420 quivos
289 345 397 402 vacavit
411 346 572 417 ingratiam
589 345 702 412 Christi,
719 346 749 400 in
762 346 808 411 rt,
827 345 869 410 13,
888 345 930 400 11.
954 343 1030 400 aliud
1049 345 1228 415 Evangelium
1241 363 1247 414 ;
1259 345 1332 417 quod
1343 360 1399 399 non
1427 351 1470 400 est
1491 345 1577 412 aliud,
1600 347 1654 402 nisi
1673 351 1741 402 aunt

134 436 213 508 aliqui,
227 435 340 488 dieentes
350 437 431 490 ettad
445 451 498 489 esec
507 435 699 502 drangulum,
714 433 758 490 15.
771 435 820 506 qui
828 451 876 490 ros
889 433 1068 500 conturbant,
1079 437 1119 488 acl
1129 435 1161 487 dc
1171 435 1530 500 carnalihaeolrservantiis,
1541 451 1600 504 qna
1610 440 1741 492 nunaunt
1825 485 1828 492 .

132 526 200 582 atiud
208 525 392 593 spiritualiter
407 525 558 590 intellecta,
574 527 604 577 et
616 523 717 578 volunt
728 533 891 579 convertere
906 522 1085 594 Evangelium
1096 521 1211 585 Christi,
1229 521 1271 578 16.
1289 522 1343 578 Sed
1357 522 1422 577 licet
1432 539 1493 591 nos,
1514 523 1553 579 17.
1565 525 1740 597 antangelue

134 617 160 676 tri
170 613 452 676 eordiar'escttaatum,
468 613 581 666 invidia
594 627 679 666 cauta
693 613 831 666 diceretur
846 613 952 677 dixisset
970 610 1005 664 de
1018 608 1086 666 coele
1099 609 1271 681 evangelizet
1281 609 1356 664 vobis
1371 615 1558 684 preterquam
1574 610 1649 685 quod
1659 628 1741 668 evan·

131 699 386 773 gehzavimusvobis,
400 700 551 754 anathema
563 699 609 754 sit.
631 699 709 755 Sicut
722 699 910 772 prediximus,
923 704 952 754 et
970 715 1044 754 nunc
1062 697 1165 754 iterum
1188 698 1265 752 dico:
1284 698 1391 770 Siquis
1413 699 1489 755 vobis
1510 701 1742 772 evangelizaverit

132 795 216 861 preter
226 787 253 842 id
267 787 343 857 qnod
358 787 515 859 accepistis,
526 788 679 843 anathema
693 789 739 843 sit.
756 791 904 844 eramiae
910 787 1233 850 anathematizationem,
1243 790 1273 840 ut
1286 787 1399 854 famlias
1414 791 1553 844 credatur.
1574 789 1614 856 18,
1634 789 1677 858 19,
1691 787 1737 848 20.

130 875 278 934 amoenam
290 875 335 930 11.
351 875 641 948 hominibussuadeo,
656 894 693 932 au
703 878 778 933 Deol
793 879 837 932 An
855 891 949 948 quaero
961 873 1122 930 hominibus
1137 873 1263 944 placere?
1278 879 1308 928 ut
1321 877 1432 942 pseudo,
1447 882 1498 931 aut
1514 893 1686 946 persequens,
1707 883 1741 934 ul

128 971 194 1038 prius
202 966 266 1033 ,sed
281 980 348 1032 nan,
365 966 559 1022 atsubditcur.
570 966 600 1021 Si
609 965 870 1022 adhuahorninibua
880 966 1031 1035 placerent,
1044 963 1148 1018 Ohristi
1158 980 1255 1019 servus
1265 963 1596 1022 nonesematnvotum
1610 966 1741 1039 enim[ad

129 1055 167 1108 loc
178 1055 243 1124 quod
257 1052 340 1120 dieii,
353 1055 451 1108 nonab
461 1054 631 1125 haminibus]
643 1053 719 1110 vobis
730 1054 810 1120 lacia,
822 1053 933 1119 fratrea,
944 1053 1136 1124 Evangeliunr,
1150 1052 1225 1124 quod
1235 1053 1457 1123 evangelizatum
1467 1058 1535 1109 esta
1544 1071 1598 1120 me,
1606 1055 1673 1126 quia
1682 1071 1741 1111 non

129 1141 319 1200 metandum
332 1141 484 1210 horunanc,
501 1145 658 1200 ltumanam
666 1145 846 1210 doctrinam‚·
861 1141 906 1198 23.
919 1157 1011 1212 noque
1025 1141 1157 1212 enimego
1165 1139 1201 1196 ab
1209 1141 1409 1211 hominequasi
1417 1145 1551 1211 scriplum
1557 1143 1650 1215 accepi
1657 1143 1738 1212 illud,

128 1247 204 1304 neque
216 1229 310 1296 didici,
324 1229 375 1286 sed
389 1246 440 1302 per
451 1230 651 1303 revelationem
665 1229 732 1287 lesu
747 1229 862 1286 Christi.
883 1228 927 1298 at,
952 1228 997 1286 ⁶25.
1018 1228 1142 1284 Audistis
1167 1227 1243 1284 enlm
1271 1229 1512 1284 conversationem
1539 1235 1621 1296 ηΙ
1646 1247 1740 1288 meam

127 1319 261 1392 aliquando
277 1319 306 1374 ia
317 1319 470 1390 judaismo,
486 1319 620 1391 quoniam
636 1334 723 1390 supra
738 1318 852 1374 modum
862 1317 1052 1390 persequebar
1067 1317 1219 1372 Ecclesiam
1229 1317 1289 1376 Dei.
1298 1323 1328 1372 et
1338 1318 1532 1390 expugnabam
1540 1315 1630 1384 illam,
1639 1323 1667 1374 et
1676 1335 1741 1392 pra·

127 1407 235 1464 fidebam
245 1407 428 1477 iuiudaismo
437 1406 576 1480 touupm
591 1407 694 1464 multas
708 1412 865 1464 coetaneos
878 1423 966 1472 meas,
980 1407 1074 1460 mdcrn
1087 1405 1206 1474 elohin
1212 1421 1316 1476 genere
1329 1422 1401 1473 meo,
1407 1408 1579 1477 iudeorum,
1589 1405 1738 1464 abundau-

125 1498 180 1564 tias‚
192 1495 235 1554 tt.
251 1497 402 1552 emulator
417 1496 538 1552 existens
550 1492 733 1569 paternarum
748 1513 876 1552 mearum
890 1493 1139 1560 traditionumtb,
1156 1493 1200 1550 29.
1213 1493 1284 1550 Cum
1303 1500 1399 1551 autem
1414 1495 1519 1566 placuit
1532 1496 1558 1552 ei
1572 1496 1621 1568 qui
1636 1513 1682 1552 me
1695 1513 1741 1553 ee·

126 1585 237 1657 gregavit
248 1602 284 1640 ex
300 1591 380 1640 utero
391 1585 489 1640 matris
502 1602 581 1652 mee,
593 1588 629 1642 ab
639 1585 811 1654 infidelitate,
829 1600 981 1654 synagoga,
1002 1587 1044 1638 ael
1064 1587 1177 1640 carnali
1199 1587 1354 1652 parentela,
1375 1589 1404 1638 et
1421 1585 1528 1640 vacavit
1551 1587 1742 1656 pergratiam

125 1691 200 1742 mam,
214 1679 247 1729 ut
261 1663 401 1730 revelaret
412 1674 514 1730 Filium
529 1691 611 1730 auum
626 1674 655 1730 in
670 1691 725 1739 me,
742 1680 773 1729 ut
784 1674 1003 1745 evangelizarem
1013 1672 1093 1727 illum
1111 1671 1141 1726 in
1162 1671 1304 1743 gentibus,
1320 1673 1452 1730 continuo
1476 1671 1520 1730 30.
1539 1691 1596 1730 aon
1614 1673 1742 1746 acquievi

125 1765 189 1819 carni
197 1769 224 1818 et
236 1763 380 1834 sanguini,
395 1765 436 1817 act
443 1765 607 1832 parentibus
622 1765 699 1830 meis,
712 1778 804 1833 neque
813 1763 876 1818 veni
890 1761 1113 1832 Hierosolymam
1129 1760 1163 1814 ad
1175 1765 1365 1816 antecessores
1376 1777 1453 1816 meas
1461 1762 1611 1833 apostolos,
1624 1762 1673 1818 sed
1683 1761 1740 1818 abii

124 1853 148 1908 iu
157 1851 296 1919 Arabiam,
309 1856 338 1907 et
348 1851 453 1907 ilerum
466 1867 594 1908 reversus
604 1867 667 1908 sum
679 1851 861 1906 Damascum.
875 1849 982 1906 Deinde
997 1853 1061 1921 post
1074 1865 1164 1903 annos
1178 1853 1237 1904 tres
1253 1848 1314 1906 vani
1328 1849 1554 1922 Hierosolymam
1571 1851 1667 1908 videre
1688 1850 1740 1906 Pe·

776 2053 1074 2116 COMMENTARIUS.

152 2225 189 2286 tt.
202 2229 309 2292 Lessa.
326 2231 360 2286 ln
370 2232 452 2287 aliud
467 2231 659 2304 Euangelium.
672 2233 939 2308 Evangelium'esth
949 2251 1010 2292 esse
1023 2232 1198 2307 participem,
1215 2233 1458 2307 velpersuesorem
1465 2235 1691 2306 circumcisionis,
1711 2244 1745 2296 nt

120 2315 383 2390 bonaannnntiatia;
400 2319 560 2392 predicatio
572 2338 640 2394 ergo
651 2323 764 2379 illorum
775 2340 832 2380 non
846 2327 909 2379 erat
948 2324 1184 2396 pseudoapostoli.
1206 2323 1258 2378 Vel
1281 2323 1344 2380 ideo
1359 2323 1574 2394 anathematizo,
1597 2327 1664 2398 quia
1686 2343 1744 2386 non

110 2403 305 2477 'Evangelium
317 2409 384 2480 quia
401 2409 661 2468 bonaannuntiatio
676 2414 909 2469 nonerat.Poiest
948 2412 1062 2478 suadeo,
1086 2417 1119 2466 ut
1135 2411 1298 2467 hominibus
1317 2411 1400 2466 velim
1418 2412 1546 2483 placere:
1572 2420 1601 2470 et
1622 2415 1674 2472 hos
1691 2415 1745 2474 sub

120 2494 192 2549 etiam
203 2495 326 2568 intelligi
337 2496 413 2553 aliud
432 2497 622 2569 Evangelium,
644 2499 800 2558 observatio
816 2501 908 2574 judai·
948 2499 1170 2571 interrogatione
1181 2500 1238 2556 ita:
1254 2501 1298 2555 An
1307 2516 1399 2570 quaro
1413 2502 1573 2558 horninibus
1584 2507 1711 2572 plaeere?

119 2597 150 2636 ce
161 2583 237 2656 legia,
254 2601 319 2657 quae
332 2585 367 2641 ab
382 2587 532 2658 Evangelio
551 2589 656 2645 Christi
679 2607 736 2646 nou
754 2590 904 2657 discordat,
983 2587 1028 2645 21.
1044 2591 1147 2644 Notum
1161 2591 1237 2642 enirn
1249 2589 1331 2642 rabia
1346 2586 1391 2643 Ad
1411 2587 1464 2644 hoc
1485 2592 1646 2664 respondet,
1671 2594 1746 2666 quad

118 2670 137 2723 si
148 2671 519 2746 spiritualiterintelligatur
530 2693 538 2744 3
548 2677 602 2731 hoc
616 2682 660 2732 est
673 2677 750 2734 enim
765 2679 840 2750 quad
854 2679 903 2734 ait:
946 2675 1077 2748 superius
1092 2677 1162 2734 dixit
1180 2695 1186 2730 :
1202 2679 1265 2732 Non
1286 2678 1321 2732 cb
1344 2679 1515 2748 hominibus,
1533 2697 1619 2752 neque
1637 2698 1687 2754 per
1700 2684 1746 2740 lra-

117 2761 233 2816 h'oastnt
244 2765 349 2832 aliqui,
365 2763 395 2817 id
411 2770 462 2830 est,
478 2781 534 2820 non
550 2765 652 2822 desunt
663 2765 702 2822 illi
724 2766 773 2838 qui
790 2767 907 2822 carnali-
947 2779 1061 2820 menaru-

117 2857 156 2902 ter
167 2855 193 2903 et
205 2865 411 2920 perverseeam
424 2852 594 2925 intelligunt.
982 2849 1027 2908 23.
1049 2855 1141 2924 Neque
1159 2857 1234 2908 enim
1255 2871 1311 2922 eqo.
1331 2855 1430 2919 Quasi.
1443 2855 1562 2911 diceret:
1585 2857 1677 2914 Homo
1699 2873 1747 2916 me

149 2937 186 2993 te.
201 2941 292 2994 Aliud
301 2941 492 3009 Evangelium.
507 2941 688 3013 Evangelium
702 2960 759 2999 non
769 2943 908 3000 estdiver-
947 2956 1004 2994 non
1014 2941 1117 3007 docuit,
1135 2941 1201 3014 quia
1215 2959 1269 3014 ega
1283 2959 1340 2998 non
1353 2942 1439 2999 didici
1451 2943 1486 2998 ab
1500 2944 1622 3000 homine.

116 3041 169 3080 sum
182 3027 236 3082 nisi
251 3028 299 3082 his
312 3029 359 3100 qui
374 3030 560 3101 spiritualiter
568 3031 725 3104 intelligere
739 3032 907 3088 nolunt.llel
982 3027 1027 3086 21.
1041 3031 1166 3086 Audistis
1181 3033 1266 3086 anian.
1284 3031 1403 3103 Exponit
1421 3032 1541 3104 qualiter
1563 3033 1746 3106 Evangeliurn

117 3113 176 3169 uad
189 3133 246 3171 non
254 3117 498 3189 estErangelium,
509 3120 564 3174 nisi
573 3119 682 3194 illisqui
693 3136 741 3176 vos
751 3119 906 3194 decipiunt,
948 3117 1087 3190 acceperit
1099 3135 1151 3191 per
1161 3119 1361 3176 revelationem
1374 3121 1440 3177 lesu
1454 3121 1568 3178 Christi.

116 3207 140 3256 et
150 3203 188 3257 illi
198 3204 274 3259 tales
288 3206 603 3264 anathematizarentur.
618 3209 653 3264 Et
674 3211 728 3266 hac
750 3227 808 3268 non
828 3211 905 3278 dicit,
981 3204 1027 3262 25·
1038 3209 1167 3264 suanos.
1183 3211 1306 3265 Audistis
1322 3213 1406 3264 enim·
1422 3211 1545 3266 Dicendo
1558 3210 1664 3284 delego
1675 3228 1747 3286 que·

116 3291 157 3346 sel
170 3298 202 3346 ut
212 3299 377 3365 exaggerat,
392 3296 517 3368 apponit.
948 3295 1014 3350 liter
1027 3296 1221 3364 desudaverat,
1234 3298 1357 3353 ostendit
1368 3299 1500 3370 qnoniam
1508 3299 1598 3370 legem
1607 3316 1747 3375 nouspre·

148 3379 184 3436 11.
199 3383 328 3438 Auausr.
346 3385 447 3454 (inid).
463 3388 497 3441 ln
510 3389 591 3442 aliud
608 3389 800 3458 linanqelium.
817 3385 908 3444 Evan-
949 3385 996 3450 vit,
1011 3385 1060 3440 eed
1075 3385 1150 3458 quod
1164 3385 1265 3441 melius
1276 3391 1320 3441 est
1338 3388 1468 3458 cognovit
1482 3393 1511 3444 et
1526 3387 1620 3460 elegit.

114 3465 208 3538 gelidm
228 3471 315 3526 siest
333 3471 409 3527 aliud
425 3479 526 3545 praeter
536 3477 565 3532 id
580 3476 654 3548 quod
669 3475 726 3532 sive
737 3494 788 3548 per
798 3495 838 3545 se,
851 3477 909 3533 sire
984 3469 1028 3528 26.
1054 3473 1148 3544 Supra
1168 3479 1277 3530 acuitas.
1298 3476 1373 3531 Bene
1391 3481 1556 3532 coetaneos.
1577 3478 1639 3534 lloc
1672 3479 1749 3536 enim

114 3559 236 3628 peralios
248 3559 389 3616 Dominus
399 3563 487 3632 dedit,
500 3564 561 3636 jam
574 3580 626 3620 nec
636 3571 711 3622 reete
726 3565 908 3638 Evangelium
917 3552 940 3612 Β
950 3562 1042 3632 majus
1054 3563 1077 3616 si
1089 3563 1239 3634 iuvenibus
1255 3563 1447 3620 vehementior
1465 3565 1624 3623 videbatur.

115 3646 275 3720 dicipnest,
985 3649 1030 3706 27.
1043 3654 1170 3708 Arausa.
1187 3654 1291 3724 illidi.
1311 3656 1467 3710 AEatulator
1494 3659 1621 3724 existens,
1642 3655 1672 3712 id
1694 3661 1746 3724 est,

144 3737 185 3794 15.
199 3739 328 3794 Aususr.
344 3741 445 3808 (taidi.
462 3743 516 3811 Qui
527 3760 571 3798 vos
584 3745 764 3800 conturbant,
781 3743 851 3800 Cum
868 3744 908 3800 di·
950 3737 1278 3810 imitatortradltionum,
1288 3759 1349 3815 quae
1361 3743 1594 3800 eranteontraris
1601 3743 1745 3805 Ecclesiae.

116 3825 191 3881 ximat
211 3828 387 3884 conturbant
405 3843 467 3900 vos,
488 3847 544 3886 non
565 3831 652 3888 dixit:
677 3837 706 3888 et
723 3839 907 3902 convertun13
950 3827 1007 3882 Lex
1022 3829 1096 3883 enim
1112 3829 1268 3901 spiritualis
1283 3836 1344 3900 es1;
1361 3833 1451 3887 multa
1464 3838 1559 3888 autem
1573 3834 1751 3890 tradiderant

115 3914 264 3972 sedvalunt
278 3919 442 3972 convertere
455 3917 659 3992 Evangelium:
675 3919 725 3977 sed
745 3927 842 3978 manet
859 3922 910 3976 ssr-
951 3916 1135 3973 dissolventes
1151 3919 1285 3974 mandata
1298 3920 1350 3976 Dei
1365 3926 1481 3992 propter
1490 3920 1656 3979 traditiones
1671 3939 1747 3980 suas.

114 4003 278 4076 rarissimum,
289 4012 387 4062 etuon
401 4021 578 4064 conversum.
985 4007 1031 4065 28.
1048 4009 1153 4064 Laura.
1171 4009 1240 4065 Oura
1254 4015 1348 4065 arrum
1355 4013 1474 4080 placarit.
1492 4011 1596 4067 Probat
1611 4013 1750 4083 quianon

148 4093 186 4149 16.
202 4097 332 4152 Annos.
348 4097 401 4152 Sed
413 4099 546 4154 licetnos.
562 4099 693 4155 Ostendit
710 4099 785 4171 quod
805 4116 861 4156 non
880 4116 911 4156 se
951 4096 1058 4170 accepit
1076 4097 1256 4170 Evangelium
1278 4097 1314 4152 ab
1339 4098 1469 4166 homine3
1494 4115 1559 4154 nam
1578 4117 1670 4172 neque
1687 4107 1752 4174 post

115 4179 162 4236 illa
175 4190 343 4256 preponat;
357 4185 407 4241 sed
420 4191 453 4241 ut
467 4187 612 4242 veritatem
627 4188 759 4244 vindicat.
951 4185 1171 4254 conversionem,
1183 4202 1235 4242 nec
1249 4191 1315 4242 ante
1328 4187 1628 4243 conversionem.Ante
1638 4205 1752 4246 conrar-

147 4269 185 4326 tt.
203 4273 264 4330 Aut
284 4277 410 4342 angelus.
436 4275 496 4331 Hoc
513 4275 625 4347 adjecit,
647 4277 722 4349 quod
744 4293 834 4350 neque
857 4275 911 4334 loci
951 4273 1059 4329 sionem
1074 4290 1130 4329 non
1141 4275 1234 4348 accepi
1248 4274 1284 4330 ab
1305 4275 1426 4342 homine,
1455 4276 1523 4348 quia
1548 4276 1752 4350 impugnabam

115 4360 240 4432 daweus,
258 4377 354 4434 neque
372 4375 499 4434 persone
514 4363 626 4420 veritati
643 4372 848 4437 exequeretur.
952 4363 1021 4418 illud
1037 4362 1112 4435 quod
1123 4363 1249 4419 audistis.
1261 4365 1329 4419 Post
1344 4365 1554 4422 conversionem
1568 4383 1626 4423 non
1646 4368 1750 4442 accepi,

144 4449 188 4505 18.
203 4451 286 4505 Alcdo
299 4453 386 4505 enim.
402 4451 462 4507 Hoc
474 4452 551 4517 dicit,
567 4459 600 4508 ut
618 4454 779 4511 ostenderet
802 4473 841 4524 se,
864 4457 912 4529 qui
954 4453 1021 4524 quia
1033 4467 1124 4524 neque
1137 4452 1243 4522 statim,
1258 4453 1331 4527 quod
1344 4459 1400 4524 est;
1416 4471 1473 4510 non
1486 4458 1620 4525 acquievi,
1636 4463 1753 4529 neapost

113 4536 294 4608 proteritate
316 4539 481 4610 hujusmodi
496 4539 580 4595 verba
604 4542 787 4616 deprompsit,
808 4543 913 4599 nullius
955 4547 1009 4597 tres
1023 4547 1260 4615 aaaos,uecpost
1273 4545 1498 4613 quatuordecim
1511 4550 1576 4617 post
1588 4545 1665 4602 aliud
1683 4549 1755 4606 tem-

113 4628 245 4682 momenti
259 4627 368 4699 eosqui
383 4626 438 4683 sibi
451 4627 657 4701 derogaverant
669 4629 840 4688 existimans.
954 4645 1006 4704 pus
1020 4634 1140 4686 constat:
1157 4629 1292 4688 demovet
1306 4630 1369 4688 illas
1382 4637 1478 4707 partes
1490 4632 1638 4706 dequibus
1660 4636 1754 4710 auspi·

145 4713 187 4773 19.
202 4717 335 4772 Avensa.
355 4718 627 4790 (itidldlodocntm
637 4721 913 4778 bominibus.Sensus
955 4719 1081 4776 cabatnr.

112 4801 160 4859 loe
172 4813 233 4861 est:
252 4804 424 4862 Hominibus
438 4808 553 4875 suadeo,
571 4813 666 4863 etnan
681 4809 747 4866 Deo.
764 4808 821 4867 Deo
836 4811 912 4867 enirn
989 4809 1033 4866 29.
1049 4812 1171 4868 Auousr.
1187 4812 1287 4882 (ittet.
1301 4811 1370 4867 dum
1380 4817 1474 4868 aulem
1485 4815 1604 4883 placuit.
1619 4815 1755 4888 Segrega·

113 4893 401 4966 manifestatisumus,
413 4901 442 4952 et
453 4875 1001 4972 quiahomnibussuadeoquaerofltus
1013 4899 1048 4953 de
1059 4903 1139 4954 utero
1161 4899 1260 4954 matris
1284 4900 1490 4972 quodammado
1510 4903 1637 4978 quisquis
1655 4921 1673 4960 a
1694 4921 1754 4962 aar·

114 4982 276 5039 hominibus
289 4985 420 5057 placeret
432 4986 456 5040 ei
471 4985 631 5042 hominibus
645 4979 796 5058 placerem,
811 4987 840 5044 id
861 4992 913 5057 est,
956 4987 1064 5044 nulium
1089 4993 1240 5060 parentum
1266 4989 1470 5046 consuetudine
1493 5007 1566 5048 ceca
1594 4999 1751 5067 separatur.

114 5071 220 5142 plaeere
237 5089 408 5145 quaererem,
421 5074 527 5130 Christi
542 5089 638 5131 servus
651 5091 708 5133 non
724 5091 824 5132 essem.
954 5076 1220 5150 Acquieecitautem
1234 5078 1312 5134 carni
1332 5084 1360 5135 et
1373 5080 1504 5152 sanguini
1519 5081 1646 5154 quisquis
1658 5098 1755 5139 carna
1841 5149 1849 5164 ¹

144 5159 189 5218 to.
206 5163 315 5218 hm.
331 5161 409 5219 Dodo
419 5166 496 5218 enr'm
511 5163 775 5229 haminibus.Quasi
790 5163 911 5222 diceret:
955 5165 1029 5222 libas
1044 5165 1208 5240 propinquis
1222 5167 1374 5225 carnaliter
1385 5169 1567 5226 suadentibus
1582 5171 1750 5232 assentitur.

114 5247 172 5305 lien
185 5250 334 5305 adulando
348 5251 458 5324 loquar,
472 5257 505 5306 ut
518 5253 643 5325 placeam
660 5253 747 5322 vobis,
766 5254 816 5310 sed
826 5253 915 5312 incre·
995 5253 1039 5314 30.
1054 5258 1178 5312 Aneros.
1196 5257 1258 5312 Non
1271 5261 1406 5329 acquievi.
1421 5259 1485 5314 Non
1498 5259 1565 5314 dicit
1579 5259 1728 5331 Apostolus
1744 5278 1752 5318 t

115 5339 203 5406 pando
217 5338 364 5395 levitatem
379 5345 511 5410 vestram,
526 5348 558 5398 ut
570 5343 696 5415 placeam
705 5341 776 5399 Deo.
957 5344 1007 5400 sed
1018 5361 1110 5417 neque
1124 5344 1295 5416 hominibus,
1311 5345 1379 5402 sed:
1395 5347 1473 5403 carui
1500 5351 1529 5402 et
1549 5349 1699 5419 sanguini3
1726 5353 1754 5406 el

145 5428 192 5484 at.
204 5430 377 5484 nantuacus
387 5431 487 5485 madeo
499 5446 538 5486 aa
550 5431 623 5487 lieo?
632 5429 747 5488 Diceret
760 5431 841 5506 quis:
859 5433 918 5489 Dur
958 5433 1042 5490 dixit:
1062 5435 1158 5491 statim
1172 5452 1229 5494 uon
1241 5435 1355 5510 exposui
1367 5453 1374 5505 ;
1399 5434 1527 5510 exposuit
1555 5436 1631 5496 enim
1657 5442 1756 5515 posteo

117 5514 796 5596 hamthematiaaalldeo,inquit,utsuadeam
805 5535 917 5580 menon
957 5521 1024 5583 illia.
