3896 6170
94 254 155 310 tlte
598 250 807 308 OONSTll'U'I'.
829 250 999 310 masana.
1020 283 1053 296 -
1073 255 1142 312 Llll.
1162 256 1199 312 ΙΙ.
1655 255 1724 316 libb

93 395 183 434 sonore
198 380 371 452 percutitur;
387 379 411 434 si
426 383 521 434 tamen
547 383 700 435 conventus
714 378 743 432 in
757 377 1037 448 praesen-Aadducti
1047 380 1076 436 in
1092 381 1246 452 capitulum
1262 387 1390 438 nostrum
1406 384 1544 450 venerint,
1559 386 1669 456 petunt,
1691 387 1723 438 ut

94 471 186 526 tiarum
198 470 292 542 aliquo
304 468 401 524 ordine
416 485 473 523 non
483 475 644 542 occupatur.
660 469 732 524 Nam
743 472 823 522 tanta
836 483 883 521 cu·
923 469 977 541 ipsi
993 487 1103 542 quoque
1118 477 1280 527 mereantur
1297 472 1502 528 fraternitatem
1530 477 1655 528 nostram
1670 472 1723 527 ha·

93 565 271 631 retentaque
285 558 448 614 festinantia
463 576 496 613 ex
509 561 626 632 antiqua
646 559 758 612 Petrum
772 555 885 611 institu·
923 558 998 614 bere.
1015 559 1157 614 Annuitur
1171 567 1271 618 etcum
1289 562 1359 618 libro
1370 564 1410 618 eis
1425 563 1517 626 detur,
1527 567 1558 618 ut
1569 567 1677 634 partera
1694 565 1723 618 et

94 649 160 704 tione
173 649 231 704 haec
241 649 344 704 tabum
358 649 500 720 percussio
510 649 545 704 ad
555 647 746 721 peragendum
761 647 884 702 officium
925 649 1150 705 communionem
1163 650 1286 706 habeant
1299 653 1333 706 de
1348 651 1577 716 bonisomnibus,
1593 669 1654 723 qoae
1664 652 1722 706 ullo

94 738 167 793 debet
180 739 251 800 tisri,
268 744 299 793 ut
311 740 369 810 jam
390 737 518 810 cymbalo
540 754 683 811 percusso,
705 736 832 808 fabisque
851 752 884 790 cx
925 738 1008 792 modo
1023 737 1104 802 finnt,
1119 740 1162 794 rel
1177 739 1206 794 in
1221 739 1402 806 orationibus,
1418 742 1461 795 vel
1474 742 1504 796 in
1526 740 1721 812 eleemosynis,

94 842 164 900 parte
178 827 392 892 administratis,
407 827 508 882 iratres
521 827 651 882 omnibus
665 825 836 898 postpositis,
848 823 882 879 ad
926 843 981 882 non
993 829 1081 882 solum
1098 828 1171 899 apud
1186 845 1246 892 nos,
1257 829 1306 882 sed
1322 829 1405 884 etiam
1420 831 1450 884 in
1463 830 1722 901 cunctislocis,quae

94 917 211 988 ejusdem
226 917 310 971 cilicii
324 917 465 972 actionem
479 917 655 974 conveniant.
676 916 745 972 illuc
759 931 835 985 ergo,
852 919 884 968 ut
926 917 1013 970 nostri
1024 917 1096 986 juris
1111 934 1172 972 esse
1182 918 1321 973 ridentur.
1339 918 1393 973 Pro
1407 918 1451 972 bis
1464 919 1603 983 omnibus,
1621 936 1722 990 quam·

95 1005 212 1078 quisquis
225 1006 395 1071 convenerit,
414 1007 491 1061 nullo
507 1006 637 1061 stationis
652 1005 750 1060 ordine
762 1007 882 1070 servato,
924 1006 971 1060 diu
987 1007 1091 1062 suntin
1105 1007 1157 1062 hac
1169 1007 1224 1060 vita
1234 1007 1394 1078 specialiter
1403 1008 1722 1080 cantaturpersingulas

94 1095 134 1150 scd
149 1101 233 1166 prout
245 1097 381 1167 qu'usque
396 1095 448 1150 loci
462 1096 651 1167 competentia
666 1112 696 1149 se
722 1093 881 1166 praebuerit,
924 1097 1007 1152 horas
1018 1097 1142 1168 psalmus
1160 1114 1166 1149 :
1181 1099 1249 1152 Deus
1266 1101 1296 1150 in
1322 1098 1507 1166 ordinarium,
1528 1103 1557 1152 et
1581 1097 1697 1152 collecta
1712 1115 1719 1150 :

95 1191 164 1238 eitra
188 1182 343 1256 capitulum
370 1191 436 1239 ante
455 1191 484 1240 ct
508 1191 583 1240 retro
604 1185 719 1246 iaciens,
744 1181 880 1237 subsistit.
926 1189 1060 1241 Pretende
1075 1190 1190 1242 Homine
1207 1207 1214 1241 :
1231 1192 1259 1241 et
1281 1187 1390 1258 quotics
1413 1187 1448 1241 ad
1470 1188 1605 1256 majorem
1622 1187 1664 1241 rel
1684 1186 1721 1240 ed

93 1273 182 1328 Priore
196 1279 291 1328 autern
306 1291 323 1328 a
338 1274 517 1344 percussione
537 1274 638 1329 tabulae
653 1277 790 1337 cessante,
799 1271 883 1326 iacto-
924 1275 1119 1332 matutinalem
1134 1277 1248 1331 missam
1263 1277 1424 1347 apponitur,
1439 1293 1489 1347 pro
1504 1276 1545 1331 eis
1559 1275 1721 1347 apponitur.

93 1368 213 1433 queunte
224 1367 252 1416 et
261 1369 349 1432 retro,
358 1365 507 1418 benedicite
517 1363 703 1435 pronuntians
714 1382 720 1430 3
731 1367 884 1416 conuentus
924 1366 1077 1437 Postquam
1092 1371 1186 1421 nutem
1200 1367 1330 1432 obierint,
1348 1372 1411 1439 post
1420 1367 1545 1437 singulas
1559 1365 1722 1437 horaspsal-

93 1451 166 1506 solito
180 1467 260 1506 more
274 1451 434 1522 respondet.
448 1451 500 1506 Ille
515 1468 580 1506 vero
595 1456 624 1506 et
637 1449 665 1505 in
680 1450 884 1522 capitulointra
925 1469 988 1508 mus
1007 1457 1067 1509 Voce
1077 1471 1157 1518 rrreu;
1174 1455 1286 1526 quando
1313 1473 1363 1526 pro
1391 1455 1542 1511 tricenario
1562 1453 1659 1510 fratris
1673 1452 1722 1507 eli-

92 1556 117 1594 se
129 1540 254 1594 eamdem
271 1531 442 1595 breviculam
454 1541 580 1612 legendo,
596 1541 711 1595 tratrem
725 1539 826 1594 obiisse
838 1540 884 1594 de·
924 1544 1005 1614 cujus
1018 1560 1075 1599 non
1089 1548 1219 1598 cantatur
1233 1549 1263 1599 et
1288 1545 1413 1616 quotidie
1442 1550 1506 1616 post
1517 1543 1672 1615 capitulum
1686 1540 1722 1596 ad

92 1629 195 1684 nuntiat
208 1630 364 1702 adjungens
380 1649 386 1684 :
412 1632 515 1686 Beatus
530 1637 555 1686 et
569 1633 693 1700 effictum
709 1647 834 1698 equinus,
852 1635 882 1684 ut
923 1634 1063 1704 psalmum
1084 1635 1166 1687 l'crbu
1181 1649 1249 1699 ntea,
1263 1633 1354 1688 oratio
1368 1634 1417 1688 illa
1433 1653 1439 1690 :
1464 1636 1575 1688 Absolve
1586 1635 1717 1688 Domine.

91 1723 129 1774 illi
143 1721 212 1774 deus
222 1724 394 1790 omnipotens
414 1723 537 1788 requiem
552 1723 747 1790 scrrrpiternem
763 1723 883 1775 tribuere
892 1735 915 1795 Β
961 1723 1048 1790 (Ver.)
1072 1723 1212 1776 Praeterea
1226 1727 1284 1776 tres
1305 1723 1379 1776 vices
1393 1726 1460 1777 sunt
1478 1722 1508 1776 in
1523 1737 1606 1786 anno,
1624 1719 1719 1786 idest,

90 1811 230 1875 capacem,-
246 1825 279 1864 ac
305 1815 404 1880 postea
424 1813 453 1863 in
474 1809 596 1881 capitulo
622 1809 826 1864 absolutionem
842 1808 882 1864 illi
922 1815 987 1880 post
995 1810 1114 1881 primam
1125 1810 1293 1864 dominicam
1300 1811 1537 1881 Quadragesimae,
1548 1815 1611 1882 post
1625 1807 1723 1863 nativi-

90 1913 137 1950 non
152 1903 302 1968 precatur;
313 1904 451 1954 conventu
461 1903 556 1953 autem
569 1899 665 1965 Aaron,
684 1898 880 1970 respondente,
922 1903 1010 1953 tatem
1025 1899 1215 1970 apostolorum
1231 1899 1306 1954 Petri
1321 1905 1350 1954 et
1363 1900 1454 1964 Pauli,
1466 1906 1531 1971 post
1544 1897 1721 1954 testivitatem

92 1986 240 2055 discedunt,
256 2004 314 2043 non
323 1988 457 2043 iacientes
471 1993 571 2044 anteet
582 1993 668 2043 retro.
679 1987 779 2042 Finitis
791 1985 882 2042 tribus
923 1987 1058 2043 Omnium
1083 1989 1259 2054 Sanctorum,
1292 1989 1321 2043 in
1341 1989 1442 2061 quibus
1455 1988 1613 2060 specialiter
1623 2003 1720 2042 eorum

89 2074 256 2142 lectionibus,
272 2075 468 2132 obedientiarii
490 2083 519 2132 et
546 2077 593 2132 alii
606 2077 731 2148 quidam,
747 2075 882 2147 mlequid
923 2078 1218 2132 commemorationem
1233 2077 1362 2142 tacimus,
1379 2095 1442 2132 cum
1464 2077 1556 2132 alticio
1571 2082 1600 2132 et
1622 2075 1719 2143 missa,

89 2165 183 2234 negotii
198 2165 336 2221 babentes
351 2167 425 2222 exire
440 2171 567 2238 possunt,
584 2167 657 2221 sicut
676 2172 705 2220 et
723 2181 826 2220 mensae
840 2165 881 2219 le·
923 2182 987 2220 curn
998 2166 1157 2237 septenario
1168 2170 1194 2220 et
1210 2165 1360 2236 praehenda
1375 2184 1381 2218 :
1398 2165 1611 2220 sciliceteodem
1626 2164 1718 2228 ruodo,

86 2261 139 2308 ctor
151 2261 179 2310 et
192 2256 322 2327 coquina
336 2255 548 2311 hebdomodarii
562 2255 679 2310 iaciunt.
695 2255 725 2309 Si
743 2255 815 2310 sorte
831 2254 881 2309 ali·
923 2271 978 2326 quo
994 2255 1065 2310 solet
1076 2254 1120 2326 agi
1137 2271 1188 2325 pro
1204 2254 1328 2325 quolibet
1353 2253 1478 2320 absente,
1496 2254 1544 2325 qui
1567 2252 1668 2308 obierit
1690 2253 1721 2307 in

89 2345 190 2410 quando
203 2346 340 2416 evenerit,
354 2351 386 2400 ut
397 2363 460 2400 curn
472 2347 593 2417 primum
607 2343 786 2400 consederint
800 2343 882 2398 tabu·
923 2345 1325 2415 aliquacellarumnostrarum
1337 2361 1342 2396 :
1352 2349 1467 2415 excepto
1479 2343 1551 2414 quod
1562 2343 1721 2397 sacerdotes

88 2433 116 2486 la
128 2435 335 2504 permissionem
348 2434 474 2499 audiant,
492 2435 561 2489 nihil
576 2433 702 2489 alimenti
724 2433 880 2505 praelibant.
923 2433 1038 2487 missam
1056 2438 1243 2498 noncantent,
1264 2449 1355 2504 neque
1370 2433 1419 2487 alii
1438 2434 1578 2504 psalmum
1589 2433 1719 2488 Lorrdete.

88 2523 124 2575 rld
138 2523 301 2594 hujusmodi
314 2524 502 2579 officiumnon
518 2525 612 2596 plures
622 2541 706 2595 quarn
721 2522 883 2578 tresdicun-
924 2520 1004 2585 Quod
1017 2537 1079 2575 cum
1093 2522 1161 2576 satis
1178 2521 1325 2576 manifeste
1340 2523 1460 2576 relatum
1475 2522 1512 2577 sit
1529 2522 1558 2576 in
1568 2520 1722 2592 superiori·

88 2615 130 2664 tur
150 2612 303 2678 orationes,
327 2613 456 2668 videlicet
479 2614 492 2667 l
517 2615 694 2683 Omnipotens
719 2616 884 2682 serapr'terna
925 2609 1053 2675 beenon
1070 2626 1140 2682 opus
1155 2615 1197 2664 est
1210 2610 1457 2666 secundoreserre.

87 2700 159 2753 iterra
174 2702 346 2755 Beneuenta
363 2705 488 2768 turpiter.
510 2703 658 2755 Fr'delium.
668 2699 696 2756 Si
710 2703 804 2754 autem
820 2703 884 2771 post
1199 2700 1319 2755 'CAPUT
1330 2698 1471 2754 LXXIX.

87 2804 183 2843 nonum
197 2789 303 2861 agitur,
320 2789 431 2845 usuales
446 2789 587 2844 orationes
602 2790 804 2861 adjunguntur,
817 2788 883 2860 quia
978 2789 1049 2856 Quid
1063 2793 1166 2855 agetur
1177 2805 1229 2858 pro
1241 2789 1294 2854 ln's,
1305 2791 1356 2857 qui
1366 2791 1398 2842 in
1413 2789 1468 2842 loco
1478 2791 1543 2842 srrnt
1557 2787 1666 2854 sepulti.

85 2879 259 2948 postmodum
271 2877 359 2933 eadic
370 2878 444 2933 aliud
461 2895 517 2933 non
532 2879 669 2951 sequitur.
682 2879 882 2933 Potesttamen
959 2879 971 2900 ‘
986 2877 1102 2940 Quando
1117 2882 1180 2948 post
1190 2883 1316 2931 octauam
1331 2876 1510 2931 pentecostes
1520 2873 1722 2930 teriasecunda

86 2967 157 3037 prior
173 2967 299 3022 officium
314 2965 389 3022 idem
404 2968 433 3022 in
443 2967 548 3022 talibus
564 2967 652 3034 testie,
669 2966 811 3038 inquibus
825 2965 884 3020 tra·
924 2965 1062 3021 memoria
1075 2983 1185 3030 eorum,
1198 2966 1329 3038 quiapud
1345 2983 1396 3021 nos
1408 2965 1510 3037 sepulti
1519 2963 1721 3030 sunt,maximo

85 3063 145 3118 tres,
157 3057 210 3112 Dei
221 3057 357 3112 servitute
372 3057 481 3112 noviter
494 3058 565 3113 adeo
579 3055 687 3128 gravati
702 3061 777 3123 sunt,
794 3049 913 3126 usqueG
926 3057 982 3112 ritu
997 3057 1099 3127 agitur,
1118 3055 1319 3128 unusquisque,
1336 3055 1384 3127 qui
1399 3056 1452 3110 scit
1471 3059 1577 3126 septem
1588 3053 1721 3125 psalmos,

86 3145 110 3199 in
124 3151 291 3219 sequentem
301 3147 376 3202 diem
389 3146 511 3201 dilierre.
923 3150 1027 3214 cantat3
1039 3145 1086 3217 qui
1097 3144 1308 3200 suntillitterati
1318 3144 1583 3201 totiensorationem
1597 3141 1723 3197 Domini-

331 3253 448 3309 cgpup
462 3253 621 3310 Lxxvppp
923 3252 1002 3302 cam;
1020 3234 1123 3305 singuli
1135 3235 1293 3290 sacerdotes
1306 3251 1392 3290 unam
1414 3235 1539 3300 missam,
1555 3237 1584 3288 et
1598 3231 1673 3304 quod
1688 3229 1722 3284 ad

116 3342 148 3396 ne
161 3343 360 3410 sorrrttiaribus
376 3344 477 3396 nostris
491 3345 559 3395 ru'uis
569 3347 593 3396 et
607 3343 764 3411 ‹lesunctis;
780 3344 848 3410 quid
924 3341 1032 3413 ‹roenam
1044 3324 1079 3378 de
1094 3339 1165 3395 pane
1180 3329 1208 3377 et
1222 3329 1289 3394 Ρῡῑ11
1305 3323 1455 3394 supererit,
1464 3322 1499 3376 ad
1514 3321 1721 3392 elsseffl‘lsynssffl

365 3418 469 3480 ceatur·
479 3429 531 3483 pro
544 3416 590 3467 eis.
924 3413 1052 3468 datoala
1062 3413 1212 3467 testivitate
1222 3413 1538 3473 OmniumSanctorum,
1555 3415 1620 3482 post
1629 3424 1723 3480 vespe-

113 3503 338 3574 (uo,)Nonnullae
348 3508 414 3557 sunt
421 3501 652 3572 congregationes
664 3518 720 3558 non
728 3505 818 3559 solum
827 3519 884 3558 mo·
924 3519 980 3566 ros,
996 3502 1114 3573 pulsatis
1128 3499 1257 3555 omnibus
1280 3500 1378 3572 signis,
1404 3505 1554 3554 cantantur
1574 3498 1659 3553 etiarn
1673 3513 1721 3551 ve·

83 3590 248 3656 nocherum,
260 3591 403 3646 sedetiam
414 3591 588 3655 clericorum,
607 3605 669 3660 quae
675 3590 780 3646 habent
795 3593 884 3646 socic—
925 3591 999 3664 speri
1014 3591 1221 3655 defunctorum,
1233 3589 1294 3644 etin
1305 3595 1386 3644 nocte
1396 3588 1517 3644 osticium
1528 3588 1613 3642 simul
1629 3595 1723 3642 matu-

81 3681 163 3732 tatem
174 3686 317 3746 nostram,
331 3686 359 3735 et
372 3680 588 3746 maternitatem,
601 3685 632 3734 ut
646 3697 710 3734 curn
734 3681 826 3737 brevis
840 3698 884 3736 ve·
924 3681 1011 3736 tinale
1025 3686 1052 3734 et
1066 3680 1239 3734 matutinalis
1250 3679 1338 3734 missa
1351 3678 1554 3733 solemnissime
1568 3693 1618 3749 pro
1634 3675 1725 3731 omni-

82 3769 150 3822 nerit
164 3769 202 3824 de
218 3769 352 3824 defuncto
366 3769 490 3835 illorum,
506 3769 550 3822 rel
565 3766 600 3822 ed
624 3768 686 3824 illos
700 3777 807 3838 nostra,
822 3773 883 3827 oill-
925 3768 1116 3825 busfidelibus
1130 3767 1279 3836 defunctis,
1294 3784 1357 3822 cum
1383 3783 1439 3822 una
1452 3772 1563 3821 tantum
1587 3766 1721 3832 collecta;

81 3855 149 3910 cium
164 3863 196 3912 et
211 3857 301 3912 missa
321 3864 447 3929 geratur,
466 3862 494 3912 et
507 3863 606 3929 postea
629 3860 806 3930 septenarius
819 3877 883 3916 cum
926 3858 1026 3914 idest:
1044 3859 1180 3912 Fidelium
1198 3859 1288 3920 Deus;
1302 3873 1353 3928 pro
1368 3855 1468 3928 quibus
1483 3856 1586 3926 singuli
1597 3849 1724 3910 sac'erdo-

81 3943 174 4000 officiis
181 3953 213 4002 et
229 3947 332 4002 missis.
344 3950 353 3969 ⁰
365 3948 419 4002 Pro
433 3947 510 4002 nullo
529 3952 623 4001 autem
636 3947 737 4004 abbate
752 3950 884 4006 defuncto
926 3954 968 4003 tes
983 3947 1105 4019 privatas
1117 3946 1227 4012 missas,
1252 3945 1345 4000 caeteri
1359 3951 1467 4016 septem
1482 3945 1614 4016 psalmos,
1627 3945 1671 3998 vel
1682 3949 1724 3998 to-

78 4033 135 4103 plus
151 4037 282 4108 agimus,
299 4053 382 4108 quam
398 4053 448 4108 pro
459 4053 515 4092 uno
526 4053 559 4091 ex
577 4036 635 4091 suis
653 4037 796 4094 tratribus.
811 4039 882 4095 Sunt
925 4037 999 4092 tiens
1009 4033 1360 4097 Dominicam'orationem,
1375 4034 1423 4105 qui
1443 4033 1572 4087 nesciunt
1587 4032 1719 4105 psalmos,

78 4123 159 4178 etiam
175 4125 312 4198 quaedam
326 4126 568 4196 congregationes,
581 4124 682 4196 quibus
693 4128 814 4199 amplius
825 4145 882 4184 non
923 4131 989 4182 sunt
997 4123 1477 4196 cantatur·i‚etduodecimpauperes
1484 4120 1606 4176 uberiori
1614 4126 1723 4192 paneet

76 4210 204 4280 tacimus,
215 4214 274 4268 nisi
291 4215 403 4286 quando
414 4215 505 4269 brevis
519 4215 554 4269 de
566 4214 696 4269 defuncto
709 4215 821 4272 illorum
834 4235 883 4273 ve·
923 4232 1018 4280 carne,
1033 4219 1062 4268 et
1074 4214 1137 4267 vino
1150 4222 1216 4266 sunt
1230 4211 1374 4266 reficiendi
1386 4231 1390 4264 :
1401 4217 1429 4266 et
1440 4215 1577 4283 quotquot
1590 4209 1639 4263 alii
1654 4225 1722 4281 pau·

76 4302 154 4368 uerit,
173 4319 267 4374 quam
283 4305 357 4376 quod
372 4309 434 4376 post
450 4293 603 4376 capitulum
622 4303 741 4375 pulsatis
755 4307 884 4362 omnibus
925 4321 1006 4376 peres
1020 4301 1378 4374 supervenerint,ornnibus
1388 4307 1430 4356 est
1440 4299 1630 4355 misericordia
1639 4297 1721 4352 solito

74 4389 159 4461 signis
174 4409 230 4448 sex
249 4394 381 4464 psalmos,
399 4393 428 4448 id
444 4399 496 4458 est,
524 4393 605 4446 Verba
628 4409 697 4460 areu,
714 4395 812 4450 addita
830 4394 1031 4469 hacnlargius
1041 4391 1237 4462 impendenda.
1256 4390 1375 4462 Insuper
1390 4396 1418 4445 et
1432 4391 1460 4444 in
1490 4391 1551 4460 ipsa
1571 4388 1722 4443 testivitate

74 4481 206 4537 oratione
219 4485 331 4538 Absolve
341 4482 627 4548 neeriaerecitamus.
642 4483 709 4552 (uo.)
719 4485 789 4538 Item
802 4486 884 4557 pleri·
925 4483 1057 4540 Omnium
1069 4481 1389 4553 Sanctorum,quidquid
1400 4479 1480 4552 panis
1490 4485 1519 4534 et
1528 4477 1723 4552 potusinrete-

72 4585 124 4639 que
139 4570 248 4627 fideles
273 4571 379 4628 Christi
391 4578 449 4627 tam
463 4585 601 4643 pauperes
611 4587 695 4642 quam
705 4572 814 4642 divites,
836 4576 884 4646 qui
925 4573 1012 4630 ctorio
1023 4571 1173 4628 adcoenam
1182 4569 1330 4641 supererit,
1352 4571 1387 4625 ad
1404 4571 1611 4642 eleemosynam
1625 4567 1719 4624 datur.
