3882 6172
216 229 269 288 687
695 227 743 281 ΑΙ)
764 227 882 284 OPERA
903 231 933 282 B.
956 231 1162 290 LANFRANCI
1182 237 1374 294 APPENDlX.
1782 253 1828 310 688

219 371 249 422 et
264 365 367 421 ibidem
381 366 534 418 tenuerunt
556 376 607 433 per
625 360 729 416 multos
746 360 807 418 dies
822 379 828 416 :
851 367 880 418 et
898 379 937 418 sic
956 380 1014 432 rex,
1024 368 1049 427 Α
1059 367 1208 439 virginum,
1223 369 1352 426 videlieet
1366 368 1481 440 virginis
1496 369 1589 425 hferiae
1603 371 1769 443 hfagdaleuu,
1783 376 1830 432 llo

220 455 396 529 propterhoc
405 459 508 517 motus,
518 450 584 522 quia
595 449 731 505 nolebant
744 450 839 505 villam
853 453 1015 523 praedictam
1057 459 1173 526 noriam,
1189 459 1359 532 Margaritae,
1379 459 1546 527 Gatharinae,
1560 477 1643 534 super
1667 464 1748 520 altare
1762 465 1831 522 dicta

219 561 271 601 suo
296 543 429 600 mandato
450 539 577 601 reddere.
596 538 758 612 inproprie
776 541 862 608 venit,
882 542 1014 597 etsedem
1057 548 1170 619 capellae
1181 547 1393 622 deuoteerexit,
1406 547 1580 620 ettsbulam
1600 550 1708 623 depingi
1720 553 1787 622 feeit,
1803 555 1828 611 in

218 634 350 700 instituit,
369 641 398 689 et
409 633 586 704 disposuerat
610 647 661 704 per
680 630 819 686 assultum
832 647 941 702 cepere,
960 632 1015 688 nisi
1057 652 1122 708 qua,
1137 637 1173 692 ad
1201 637 1291 693 latera
1314 636 1431 710 depictae
1454 642 1521 693 sunt
1539 637 1672 710 imagines
1685 647 1827 699 uenturum

218 722 416 780 intervenisset
430 722 538 794 pacti03
557 727 638 793 pacto
652 719 732 786 inito,
750 736 813 775 cum
829 720 887 776 suis
901 720 1017 776 intravit
1055 725 1173 781 hiarthae
1186 730 1215 780 et
1227 724 1355 798 Agnetis.

218 819 248 869 et
261 813 381 868 durante
393 813 469 874 sede,
481 811 579 866 domos
589 826 650 882 quae
659 815 742 865 erant
752 807 825 864 cirea
838 815 972 874 castrum,
988 816 1017 866 et
1092 815 1293 870 Scamnecirca
1300 813 1435 887 capellam
1451 815 1582 878 instituit,
1596 831 1659 872 cum
1674 818 1789 890 cophinis
1798 821 1828 876 ed

216 909 327 976 portam
340 919 403 975 quae
416 901 497 957 duxit
509 900 545 954 ad
565 899 721 966 Locoreris,
739 899 806 955 fecit
826 899 951 956 funditus
969 900 1016 956 de·
1056 904 1218 976 reponenda
1231 909 1397 960 ornamenta
1410 904 1542 976 capellae3
1559 921 1620 976 que
1628 907 1719 961 omnia
1725 909 1830 980 propriis

217 994 298 1060 strui,
315 999 343 1048 et
358 992 463 1048 fossata
476 990 557 1046 dicte
575 988 647 1044 villae
660 987 813 1044 refortiari.
1056 992 1179 1048 denariis
1194 997 1223 1048 et
1236 992 1395 1066 sumptibus
1408 992 1473 1049 fecit
1499 994 1570 1060 fieri,
1585 993 1709 1050 videlicet
1730 997 1828 1054 caboem

253 1083 359 1140 Eodem
368 1097 443 1138 anno
454 1079 627 1151 sexagesimo
642 1083 729 1145 sexto,
743 1077 788 1133 die
801 1079 891 1133 sancti
907 1079 1015 1135 Cosmae
1055 1082 1232 1148 deauratum,
1248 1097 1344 1155 pacem
1368 1082 1449 1138 valde
1466 1082 1592 1138 devotam
1622 1088 1651 1138 et
1674 1092 1828 1156 argenteam,

216 1179 247 1231 et
257 1171 399 1240 Damiani,
415 1186 499 1226 mune
513 1169 584 1224 adeo
595 1168 641 1224 die
652 1171 746 1223 stante
763 1167 898 1224 nebuloso
912 1173 940 1224 et
951 1173 1014 1224 tur·
1054 1170 1221 1243 corporalia,
1237 1175 1266 1226 et
1277 1170 1449 1242 generaliter
1467 1169 1562 1226 omnia
1576 1172 1678 1244 quein
1692 1174 1789 1246 capella
1799 1175 1831 1230 ri·

215 1263 292 1330 bido,
304 1262 379 1334 quod
393 1261 438 1316 vix
452 1259 515 1332 quis
528 1258 667 1331 potuisset
683 1257 909 1313 distantemaee
923 1256 1014 1313 tribus
1054 1259 1166 1328 dennrr,
1182 1262 1212 1316 in
1226 1261 1372 1327 honorem,
1386 1267 1415 1316 et
1428 1260 1558 1316 decorem
1585 1262 1735 1318 marimum
1756 1263 1831 1319 ecele-

215 1351 335 1426 pedibue
345 1350 514 1422 conspicere,
530 1347 709 1403 intraverunt
723 1345 885 1402 Bourbouni
904 1362 957 1419 per
970 1363 1014 1404 ea·
1054 1350 1111 1416 sie,
1125 1356 1154 1406 et
1163 1350 1248 1406 etiam
1262 1350 1334 1406 duas
1346 1365 1446 1422 parvas
1455 1349 1570 1422 copinas
1583 1356 1736 1422 argenteas,
1748 1351 1781 1407 ad
1795 1367 1831 1407 re·

216 1446 317 1508 suum,
334 1440 364 1495 in
378 1439 481 1494 dictam
493 1437 635 1493 civitatem
650 1435 917 1508 Bothomageneem,
936 1437 1013 1508 capi·
1054 1439 1212 1510 ponendam
1226 1455 1330 1511 aquam
1343 1439 1489 1506 cattinum,
1500 1455 1563 1495 cum
1579 1439 1664 1495 missa
1677 1439 1755 1496 debet
1768 1442 1830 1496 cele·

214 1536 299 1587 teneo
309 1536 338 1586 et
348 1528 454 1584 civibus
465 1525 662 1600 inscientibus;
676 1525 751 1580 unde
764 1524 818 1581 fuit
831 1541 1014 1598 magnacum·
1053 1526 1139 1583 beari.
1155 1529 1190 1584 Et
1198 1533 1262 1601 post
1269 1529 1299 1584 in
1314 1543 1387 1584 anno
1411 1527 1560 1584 millesimo
1575 1529 1830 1601 quadringentesimo

212 1619 301 1675 motio
323 1617 353 1672 in
374 1616 488 1689 populo.
506 1614 562 1670 Sed
583 1614 699 1670 tandem
727 1613 821 1669 medio
842 1615 1013 1686 sapientium
1054 1619 1226 1690 sexagesimo
1242 1622 1349 1685 oetam,
1364 1617 1431 1673 fecit
1455 1624 1620 1690 sumptuose
1642 1618 1750 1691 depingi
1766 1619 1830 1675 etin

213 1707 351 1764 stantium
372 1704 542 1766 incivitate,
564 1719 612 1758 rex
634 1704 761 1776 placatus
780 1709 832 1770 est,
852 1708 882 1758 et
899 1720 962 1759 eam
981 1685 1189 1762 ithonorem
1199 1706 1339 1778 virginum
1349 1705 1503 1762 historiari.
1692 1707 1695 1712 '

210 1795 289 1853 hrevi
303 1801 430 1868 tempora
448 1791 633 1864 recuperavit,
653 1796 683 1846 et
712 1791 817 1847 ibidem
842 1791 873 1846 in
891 1809 1011 1865 persona
1086 1797 1168 1851 Anno
1179 1795 1292 1852 Domini
1307 1795 1458 1851 millesimo
1483 1795 1754 1867 quadringentesimo
1766 1811 1830 1851 sere

212 1885 292 1943 stetit
305 1881 565 1958 permultosdies3
593 1885 623 1936 et
647 1880 788 1936 infortiari
802 1886 926 1936 castrum
942 1898 1011 1953 pre·
1050 1885 1158 1955 gesimo
1173 1886 1301 1956 septimo,
1317 1889 1444 1956 tempore
1469 1891 1610 1951 currente,
1640 1901 1693 1956 quo
1712 1885 1830 1940 Dominus

211 1976 327 2041 dictum,
349 1973 471 2046 quodam
489 1985 588 2043 grosso
607 1985 689 2025 muro
707 1969 737 2025 in
759 1970 857 2034 latere,
878 1987 911 2025 ex
928 1978 1009 2043 parte
1051 1973 1169 2030 Carolus
1179 1974 1267 2030 frater
1280 1973 1356 2046 regis
1371 1973 1503 2030 Ludovici
1513 1974 1543 2029 in
1552 1974 1700 2030 Britannia
1716 1979 1780 2042 erat,
1793 1989 1830 2029 ve·

212 2065 346 2121 tendente
356 2078 454 2118 versus
465 2061 569 2128 villam,
584 2075 671 2132 prope
686 2059 791 2114 fonmm
805 2059 899 2114 castri.
1050 2069 1155 2118 nerunt
1168 2063 1297 2119 Britones
1305 2062 1432 2128 cedomi,
1442 2067 1471 2118 et
1479 2062 1514 2118 ed
1526 2067 1621 2135 partes
1628 2061 1828 2127 circumvicinas,

247 2159 308 2222 Μ
333 2154 414 2208 Anno
433 2150 606 2221 sexagesimo
636 2149 756 2222 septimo
773 2149 841 2204 fecit
857 2149 1007 2221 praedictus
1048 2152 1162 2208 etutin
1180 2151 1388 2208 Northrnannia
1409 2151 1563 2208 faciliorem
1584 2150 1829 2224 aggressumhabe·

209 2243 341 2300 dominus
350 2239 512 2296 Gauffridus
527 2238 669 2294 Benedicti
680 2238 830 2310 quamdam
845 2255 955 2294 crucem
966 2239 1008 2295 in·
1047 2247 1120 2302 rent,
1136 2258 1187 2313 pro
1199 2241 1315 2313 querela
1329 2240 1470 2313 sepedicti
1485 2240 1580 2297 Caroli
1607 2241 1719 2306 tuenda,
1735 2246 1761 2296 et
1776 2240 1828 2295 def·

209 2332 288 2390 stitui
304 2330 482 2402 magnificam
497 2327 526 2382 in
542 2327 659 2384 ecclesia
673 2328 763 2392 Becci,
778 2327 952 2392 deauratam,
973 2344 1007 2382 ex
1047 2329 1197 2394 fundenda,
1214 2347 1278 2386 cum
1289 2330 1360 2384 duce
1375 2330 1521 2386 hlenccnii
1544 2335 1658 2403 pactum
1672 2329 1795 2393 inierunt,
1805 2332 1829 2384 et

207 2420 348 2494 lapidibus
358 2418 488 2492 pretiosis
500 2418 626 2489 undique
638 2417 789 2479 munitam,
808 2422 837 2471 et
851 2416 881 2472 in
893 2432 951 2487 qua
960 2433 1005 2472 re·
1047 2424 1275 2491 composuerunt,
1290 2425 1324 2474 ut
1337 2417 1499 2474 Britonibue
1520 2434 1571 2490 pro
1591 2419 1722 2492 praedicto
1742 2417 1828 2473 (ferolt

206 2515 351 2584 ponuntur
364 2509 450 2581 spine
464 2507 593 2578 gloriosae
607 2521 716 2562 corone
743 2505 940 2577 Redemptorie
957 2520 1005 2560 no·
1048 2508 1270 2580 querelantibus,
1289 2508 1393 2573 villam,
1406 2512 1570 2564 etcaetrum
1586 2508 1728 2564 hlenoonii
1740 2505 1827 2564 redde·

206 2600 259 2656 stri
268 2601 282 2656 J
285 2615 335 2655 esu
347 2597 462 2654 Christi.
1046 2603 1090 2652 ret
1101 2615 1108 2665 ;
1121 2597 1196 2669 quod
1210 2598 1251 2652 ita
1264 2597 1368 2652 factum
1378 2602 1610 2660 est,reneruntet
1622 2601 1766 2654 mouerunt
1774 2611 1828 2652 cum

241 2689 379 2746 Bteodem
386 2703 460 2743 anno
468 2684 661 2758 fecitincipere
669 2684 809 2757 quoddam
817 2683 1003 2752 beufredium,
1046 2686 1170 2741 maxima
1188 2687 1269 2759 copia
1283 2685 1488 2758 armigerorum
1502 2702 1630 2743 suorum.

204 2779 235 2836 in
246 2779 316 2847 loco,
328 2779 357 2834 in
373 2794 427 2850 quo
442 2775 590 2833 retroactis
604 2773 778 2848 temporibus
788 2773 853 2841 fuit,
867 2774 940 2846 quod
950 2773 1005 2829 tuit
1080 2775 1138 2831 Rex
1148 2780 1243 2830 autem
1254 2775 1410 2832 Ludoricus
1423 2776 1476 2831 hoc
1485 2775 1604 2832 audiens
1620 2776 1703 2848 jussit
1715 2776 1743 2831 in
1764 2775 1827 2830 Nor·

204 2870 271 2941 igne
285 2873 491 2940 consumptum,
504 2867 574 2922 adeo
590 2865 664 2937 quod
679 2881 731 2936 per
750 2863 912 2936 opinionem
925 2863 1004 2919 latio
1044 2864 1297 2920 thmanniaomnes
1307 2863 1416 2920 nobiles
1425 2881 1488 2920 curn
1499 2864 1597 2920 liberis
1611 2865 1748 2937 sagittaria
1758 2861 1828 2938 [Vul-

204 2975 316 3015 morum
331 2963 521 3030 expertorum,
535 2954 660 3029 oportuit
677 2953 753 3009 istud
765 2969 900 3008 renovare
913 2968 1003 3024 usque
1043 2969 1089 3024 go,
1101 2953 1417 3025 transfirmamus]
1438 2954 1619 3026 proclamari,
1642 2955 1677 3011 ed
1705 2955 1827 3011 resisten-

203 3048 240 3104 ad
251 3048 478 3116 fundamentum,
488 3047 523 3101 ad
536 3060 687 3117 campanas
697 3043 821 3098 ecclesia
831 3015 1031 3114 suspenden·C
1043 3042 1111 3098 dnm
1122 3041 1263 3115 predictis
1285 3041 1447 3099 Britonibus
1470 3043 1519 3113 qui
1538 3043 1642 3111 eundo,
1658 3049 1687 3098 et
1698 3041 1827 3098 redeundo

203 3138 263 3205 das,
277 3137 344 3210 quia
357 3153 462 3208 grosse
472 3140 566 3191 turres
577 3134 697 3190 nimium
716 3137 798 3187 erant
819 3136 951 3203 gravata,
973 3137 1002 3185 et
1043 3131 1114 3186 adeo
1131 3132 1264 3203 populum
1285 3136 1464 3196 vexaverunt,
1480 3137 1513 3188 ut
1533 3133 1630 3188 nullus
1656 3131 1826 3204 neopullum,

203 3226 391 3284 commotione
406 3241 606 3298 campanarum
620 3221 820 3294 gravabantur.
1041 3237 1093 3276 nec
1102 3237 1211 3286 aucam,
1223 3237 1275 3276 nee
1282 3219 1387 3292 aliquid
1395 3219 1577 3288 comestibile,
1586 3237 1638 3293 pro
1652 3237 1682 3277 se
1692 3226 1720 3276 et
1732 3219 1827 3276 arniba

238 3318 301 3390 lpse
315 3323 409 3372 motus
416 3314 553 3370 charitate
565 3318 595 3368 et
605 3311 754 3367 devotione
765 3308 957 3378 augmentarit
971 3312 1001 3364 et
1040 3325 1101 3378 sua,
1117 3315 1271 3382 potuerunt
1284 3325 1436 3377 reservare,
1452 3309 1526 3364 uiros
1541 3310 1741 3366 ecclesiasticos
1753 3309 1776 3364 si
1788 3307 1827 3362 in·

202 3406 290 3463 crevit
303 3405 451 3479 pitantiam
472 3402 677 3474 religiosorum,
698 3404 756 3454 tam
771 3397 999 3470 presbyterorum
1039 3398 1189 3454 veniebant
1197 3398 1335 3454 taliabant
1348 3399 1413 3468 (75),
1435 3399 1501 3454 etsi
1524 3398 1649 3470 aliquem
1667 3399 1826 3471 equitantem

201 3497 286 3568 quam
300 3497 446 3567 juvenum,
461 3490 621 3547 intermino
634 3489 757 3554 Pascha,
774 3488 809 3542 de
824 3487 999 3558 vigintisoli·
1039 3487 1221 3553 invenissent,
1238 3488 1280 3543 vel
1296 3503 1398 3559 equum
1417 3487 1448 3542 in
1464 3488 1591 3559 pejorem
1616 3485 1823 3550 commutabant,

200 3586 244 3642 dis
258 3583 439 3658 presbyteris,
455 3587 483 3636 et
494 3577 643 3651 juvenibus
653 3578 688 3633 ds
703 3575 881 3649 quindecim;
901 3576 930 3631 in
945 3591 1000 3647 quo
1041 3577 1084 3632 vel
1098 3576 1211 3632 omnino
1226 3576 1399 3632 detinebant.
1415 3577 1450 3632 Et
1471 3576 1539 3631 dum
1563 3577 1621 3633 ista
1639 3575 1825 3634 nefandissima

199 3675 270 3730 nihil
285 3670 476 3746 percipiebant
488 3671 581 3734 antea,
597 3667 627 3721 in
640 3682 776 3738 magnum
788 3664 946 3722 subsidium
954 3681 999 3720 re·
1041 3673 1201 3738 agerentur,
1217 3666 1348 3739 praedicto
1371 3666 1442 3722 duce
1468 3665 1615 3722 Alenconii
1639 3667 1668 3722 in
1692 3663 1825 3722 Britannia

198 3764 362 3838 ligiosorum
375 3757 577 3814 claustralium.
1039 3761 1142 3824 stante,
1154 3756 1301 3812 consilium
1309 3754 1437 3811 habiturn
1450 3760 1539 3821 estut
1551 3772 1623 3811 uxor
1633 3755 1824 3828 ejusudregem

237 3851 272 3908 Et
290 3849 348 3906 suis
362 3845 536 3918 temporibus
550 3843 713 3900 convivebat
733 3845 763 3899 in
782 3843 905 3899 Ecclesia
919 3859 997 3898 reve·
1036 3850 1177 3918 pergeret,
1189 3849 1223 3900 ut
1238 3845 1299 3916 ejus
1311 3843 1383 3899 iram
1404 3844 1583 3910 moderarets
1609 3861 1672 3917 quea
1687 3849 1823 3916 postquam

200 3940 305 3996 rendam
315 3948 344 3993 et
357 3935 584 4008 religiosissimus
596 3934 639 3989 vir
652 3934 737 3989 horno
751 3934 827 4006 pacis
837 3933 997 3988 etdileotio·
1036 3934 1130 3990 locuta
1139 3941 1182 3991 est
1195 3949 1258 3990 cum
1270 3949 1313 4000 eo,
1330 3933 1387 3989 suis
1396 3933 1525 4005 precibus
1533 3933 1657 3991 obtinuit
1668 3939 1698 3989 ut
1707 3933 1823 3989 intereos

198 4030 252 4091 nis,
265 4021 993 4094 dominusRoBertusceRomomagoaltasieMotae,
1036 4023 1130 4080 trevise
1145 4023 1327 4090 haberentur,
1346 4038 1492 4096 quousque
1518 4023 1611 4079 sirum
1626 4039 1708 4079 suurn
1733 4023 1822 4077 ducem

197 4119 277 4193 prior
296 4115 454 4173 claustralis
479 4113 601 4170 ecclesiae
621 4113 720 4181 Becci3
741 4111 789 4184 qui
807 4111 885 4183 prius
903 4111 996 4166 fuerat
1034 4112 1179 4169 Alenconii
1186 4113 1335 4179 visitasset,
1346 4118 1376 4168 et
1384 4111 1570 4169 intentionem
1581 4113 1743 4187 ejussciret,
1756 4107 1821 4183 qnod

198 4209 277 4282 prior
289 4208 320 4264 in
334 4205 463 4263 Ecclesiis
477 4205 526 4260 lde
534 4202 721 4269 confluentio,
732 4201 767 4256 de
782 4201 944 4268 Bellosaltu,
966 4205 994 4256 et
1035 4202 1075 4257 sic
1088 4201 1193 4258 facturn
1206 4207 1259 4258 est.

197 4298 232 4353 de
242 4294 437 4362 Brvremodio;
448 4299 477 4350 et
483 4299 580 4366 postea
587 4292 622 4347 ad
636 4291 759 4363 priorem
770 4290 899 4346 Ecclesia
914 4289 1026 4354 BeeoiD
1069 4281 1207 4364 Tempore
1216 4294 1310 4347 autem
1321 4289 1461 4362 pendente
1471 4289 1502 4346 in
1515 4289 1707 4362 partibusillis
1715 4289 1821 4345 circum·

195 4403 247 4459 per
265 4387 431 4442 electionem
445 4387 569 4448 vocatus,
585 4381 634 4452 qui
643 4379 842 4435 meritissimus
856 4384 885 4434 et
896 4379 992 4452 perdi·
1033 4395 1144 4452 quaque
1155 4381 1300 4443 ducatum,
1312 4384 1395 4436 erant
1404 4378 1486 4435 liberi
1508 4379 1661 4451 sagittarii,
1686 4381 1743 4436 fere
1758 4393 1820 4450 qua·

193 4477 282 4532 lectus
295 4476 326 4531 in
339 4473 431 4530 officio
444 4472 479 4528 ab
494 4471 623 4528 omuibus
638 4470 754 4537 exstitit,
766 4475 795 4526 et
817 4469 852 4524 ad
876 4469 991 4525 domum
1032 4469 1163 4541 draginta
1176 4469 1253 4526 mille
1264 4469 1394 4542 dispersi,
1405 4474 1434 4525 et
1446 4469 1516 4524 adeo
1525 4468 1659 4541 patriam,
1669 4473 1698 4525 st
1710 4466 1820 4524 maxime

191 4581 283 4633 suam,
293 4581 354 4637 quae
369 4563 469 4618 domus
483 4560 585 4633 prioris
598 4560 710 4627 dicitur,
724 4559 808 4614 sitam
828 4575 914 4630 supra
928 4573 991 4630 por·
1031 4558 1105 4615 circa
1118 4560 1310 4616 senonensem
1324 4558 1465 4616 direoesim
1485 4558 1732 4631 depredaverunt3
1752 4554 1819 4630 quod

192 4660 252 4711 tam
268 4670 329 4727 quae
343 4651 446 4708 dicitur
461 4649 576 4706 Roberti
599 4649 697 4716 Bellot,
713 4647 832 4702 viriliter
853 4646 990 4704 laboravit
1030 4647 1066 4703 ob
1080 4649 1218 4706 defectum
1230 4647 1392 4705 victualium
1411 4647 1549 4721 compulsi
1569 4653 1637 4705 sunt
1655 4645 1818 4722 provinciam

191 4743 269 4800 intua
284 4749 313 4799 et
324 4740 456 4810 exterius,
476 4744 614 4812 quantum
642 4737 784 4793 temnant
802 4737 847 4806 (ut
865 4736 987 4793 intuenti
1029 4735 1179 4793 dimittere.

190 4833 327 4903 clarescit)
340 4830 466 4906 picturis,
480 4827 653 4902 cooperturis
667 4832 696 4882 et
717 4826 779 4882 aliis
803 4826 987 4883 munimentis
1064 4826 1099 4882 Bt
1122 4827 1190 4881 dum
1212 4823 1314 4882 nobilis
1340 4825 1455 4882 domina
1472 4824 1619 4881 Alenmnii
1637 4822 1818 4882 mnsideraret

189 4924 225 4980 ad
239 4937 380 4979 cameram
392 4919 476 4992 aptis.
1026 4931 1091 4971 cum
1104 4915 1161 4970 filio
1175 4931 1227 4971 suo
1237 4915 1336 4988 patrie
1346 4914 1579 4981 destructionem,
1588 4913 1724 4987 adregem
1738 4913 1816 4969 Frau-

225 5013 368 5085 Capellam
381 5011 410 5066 in
423 5007 538 5064 ecclesie
553 5006 647 5074 sitam,
674 5021 736 5077 qum
749 5003 853 5061 dicitur
876 5003 984 5076 capella
1023 5004 1233 5070 citeranerunt,
1250 5009 1278 5060 et
1292 5005 1318 5059 ei
1340 5004 1436 5060 villam
1459 5003 1605 5060 Alenconii
1628 5001 1814 5071 reddiderunt,

185 5105 278 5160 Beatus
287 5101 382 5158 hieriae
394 5098 576 5170 Magdalenae,
588 5095 642 5152 sibi
656 5095 750 5166 elegit,
765 5099 793 5149 et
814 5094 902 5167 priori
916 5094 983 5151 assi·
1023 5094 1185 5151 Britonihus
1208 5095 1274 5151 inde
1299 5093 1505 5160 excedentibus,
1529 5099 1559 5151 et
1585 5093 1700 5150 Francis
1716 5093 1813 5148 fudere

182 5193 297 5266 gnavit;
328 5197 424 5246 tamen
443 5187 560 5260 antique
586 5185 706 5257 registra
733 5183 863 5240 Ecclesiae
881 5191 981 5240 notant
1021 5185 1098 5257 pacis
1107 5184 1506 5250 intrantibus,duceAlenconii
1515 5199 1627 5255 semper
1636 5183 1666 5238 in
1675 5179 1812 5238 Britannis

182 5284 317 5356 capellam
333 5280 413 5336 Beati
429 5276 572 5334 Benedicti
590 5275 677 5330 fuisse
692 5272 779 5346 priori
793 5274 977 5346 assignatam.
1020 5279 1128 5342 stante;
1144 5291 1195 5330 nec
1220 5274 1256 5330 ob
1277 5275 1330 5330 hoc
1353 5278 1500 5330 cessarunt
1525 5273 1655 5329 Britones
1673 5272 1810 5344 querelam

181 5374 271 5439 Quam
289 5370 424 5443 capellam
438 5369 531 5422 Beatae
545 5364 640 5421 hlariae
658 5363 832 5435 magdalene
852 5363 977 5419 victrinis
1017 5364 1145 5437 predicti
1158 5364 1266 5420 domini
1281 5364 1375 5420 Caroli
1390 5369 1503 5437 portare
1519 5363 1586 5434 ;sed
1600 5363 1683 5434 longe
1696 5365 1759 5434 post
1771 5375 1811 5414 oc·

179 5460 352 5536 sumptuosis
370 5457 489 5524 clausit;
510 5455 634 5530 quinque
659 5452 796 5526 imagines
815 5459 975 5510 sanctarum
1017 5450 1810 5527 cupaveruntvillasinpartibusinferioribusNortbmau·

211 5549 269 5620 (rt)
282 5547 402 5616 Taliare,
414 5549 496 5616 uulgo
508 5565 517 5613 ,-
534 5549 636 5602 mettre
648 5541 699 5598 dle
711 5543 800 5599 tuille.
