3896 6170
118 303 186 360 tati
717 307 927 366 DISCIPLINA
944 305 1154 366 FARFIINSIS.
1691 305 1759 368 itti

118 426 224 486 soriam
233 427 429 486 duodecimum
442 431 611 502 postdlorio
624 447 642 486 a
656 431 750 504 capite
768 433 913 506 iucipiant.
923 433 1010 496 Ahue
1025 434 1129 490 enanis
1143 433 1247 488 eantin
1260 432 1347 490 allum
1361 433 1478 488 chorum
1490 437 1519 488 et
1532 433 1629 490 dIcant
1641 435 1759 490 matuti-

119 520 151 576 Iu
165 518 391 588 matutinalibus,
402 520 566 592 antiphona,
576 521 634 575 Vidi
644 523 755 577 turboni
766 538 911 592 rnoqnom.
957 537 1009 576 nas
1030 522 1157 577 omnium
1179 529 1351 592 sanctorum,
1376 527 1406 579 et
1430 539 1478 578 sex
1501 523 1624 595 psalmos
1643 539 1694 594 pro
1711 522 1758 578 dc·

117 609 158 664 Ad
172 609 297 666 Alleluia
307 615 437 681 quatuor.
452 610 580 666 Lectio...
597 610 827 683 Responsorium,
842 614 917 667 lusti
956 609 1070 665 functis.

116 702 211 752 ouum
224 700 256 752 in
268 703 433 767 perpetuum
442 701 543 754 siunt.
559 700 674 768 Versus,
689 705 714 754 et
727 703 805 770 apud
817 703 915 756 homi·
990 699 1033 755 Ad
1044 699 1158 754 missam
1179 699 1376 755 matutinalem
1393 698 1584 757 accendentur
1607 701 1755 758 duodecim

117 803 201 843 num.
216 786 355 859 Hymnus,
370 787 475 843 Christe
485 789 639 858 redemptor
652 790 915 858 omnium.Versus‚
958 787 1081 844 candelae
1096 793 1256 844 antennam
1272 806 1278 841 :
1296 803 1369 843 unus
1384 805 1454 859 puer
1476 789 1515 844 sit
1536 790 1565 844 in
1589 791 1674 846 choro
1692 808 1757 848 cum

117 877 271 930 letemini.
286 876 448 948 Antiphone
472 878 502 932 in
523 878 711 949 evangelium,
731 881 764 934 l'e
780 882 917 949 qloriorus
957 893 1055 950 cappa,
1069 876 1185 932 stallos
1206 877 1235 931 in
1251 877 1346 931 oasvda
1360 877 1408 948 qui
1423 877 1570 949 epistolam
1584 879 1717 951 proterat,
1730 885 1759 936 et

116 965 320 1032 Apostolorum,
336 972 366 1021 et
379 972 424 1022 ter
437 972 577 1039 repetant.
592 968 721 1034 Oramus,
736 970 915 1039 Omnipotens
958 965 1014 1022 duo
1028 965 1075 1020 alii
1089 965 1119 1020 in
1135 965 1216 1032 albis,
1234 982 1251 1020 a
1266 966 1367 1037 quibus
1386 968 1596 1039 responsorium
1611 973 1757 1028 mutetur:

116 1056 282 1122 senprtmu
291 1056 371 1111 heus.
386 1055 592 1127 Antiphonadc
605 1059 866 1124 cruce,1ldorarnus
878 1063 911 1125 tr,
956 1060 985 1110 et
999 1054 1054 1109 duo
1071 1055 1173 1110 iratres
1187 1061 1310 1110 tractum
1324 1057 1360 1109 lle
1371 1056 1673 1124 profundis.Similiter
1686 1057 1757 1113 albis

117 1142 332 1206 urrisanana
345 1145 523 1210 nos,0briste,
535 1146 615 1202 Serui
625 1149 694 1216 sacti
707 1147 914 1203 sumusOratio
956 1144 1049 1199 induti
1062 1147 1118 1200 sInt
1131 1151 1159 1200 et
1173 1151 1230 1200 tres
1251 1145 1387 1212 conversi,
1411 1162 1530 1218 quorum
1555 1147 1610 1202 duo
1630 1147 1758 1202 deterant

116 1231 243 1302 ejusdem
256 1246 262 1284 :
276 1232 417 1289 Posthac
431 1234 526 1290 dicant
538 1237 663 1308 quinque
674 1238 854 1309 psalmospro
865 1238 914 1293 de·
956 1234 1134 1300 candelabra,
1146 1235 1247 1290 tertius
1257 1233 1442 1295 thuribulum,
1458 1240 1487 1290 et
1501 1243 1568 1291 tunc
1582 1237 1707 1291 omnium
1722 1237 1758 1291 si-

115 1321 228 1378 iunctis.
245 1323 320 1378 Ante
333 1323 452 1396 primam
468 1330 574 1396 ponant
597 1326 698 1382 calices
711 1343 813 1382 aureos
828 1343 914 1398 super
955 1339 1011 1394 gna
1033 1323 1189 1395 pulsentur.
1216 1323 1380 1380 Ollerendas
1400 1341 1497 1379 omnes
1519 1325 1633 1393 lactent,
1654 1331 1684 1381 et
1704 1327 1756 1381 has

116 1409 477 1485 defunctiahnleprimam
489 1415 701 1486 ponantcalices
712 1432 813 1472 aureos
828 1432 914 1488 super
959 1411 1100 1467 eradonas
1114 1411 1190 1468 dicat
1211 1412 1350 1479 sacerdos,
1367 1414 1503 1468 Fidetium
1522 1417 1593 1469 Deus
1617 1419 1763 1482 omnium,

115 1499 205 1555 altare
219 1505 250 1554 et
260 1500 316 1557 alia
326 1507 493 1557 ornamenta
505 1518 567 1575 qua
580 1503 615 1558 de
625 1505 913 1560 consuetudinesunt.
962 1500 1119 1572 adjungens
1127 1517 1179 1574 pro
1189 1501 1390 1568 anniversario,
1406 1503 1509 1557 Prasia
1523 1519 1688 1570 quesumus,
1704 1505 1758 1558 llo·

148 1589 182 1644 In
204 1589 283 1644 horis
298 1591 421 1647 mnodo
436 1590 641 1649 illuminentur.
657 1593 851 1666 Antiphonam
865 1594 912 1651 di·
956 1594 1041 1645 mine.
1057 1589 1163 1646 Omnes
1177 1589 1299 1662 denique
1317 1590 1477 1644 sacerdotes
1491 1589 1552 1663 ipso
1567 1590 1613 1646 die
1625 1590 1758 1662 privatim

114 1683 179 1732 cant
189 1692 253 1750 quoe
259 1678 294 1734 de
303 1679 352 1734 illo
361 1695 448 1751 supra
458 1681 548 1752 [supp.
568 1680 822 1756 dIcto]ffivcngeIio
837 1691 912 1742 sunt,
957 1678 1057 1735 missas
1072 1679 1215 1735 celebrent
1229 1695 1279 1752 pro
1298 1679 1395 1751 requie
1410 1679 1537 1734 omnium
1551 1679 1709 1734 ammarum
1722 1681 1756 1734 li-

115 1767 228 1822 llissam
242 1767 439 1824 matutinalem
449 1773 536 1842 agant
545 1770 681 1826 desancto
694 1773 831 1829 Oaesnreo,
840 1776 914 1832 Ante
957 1767 1063 1823 delium
1075 1768 1272 1824 tantummodo
1288 1783 1351 1822 cum
1366 1783 1453 1839 supra
1467 1768 1548 1822 dictis
1563 1767 1686 1823 collectis
1705 1784 1756 1840 pro

115 1855 229 1910 tertiam
241 1855 299 1911 sint
308 1871 405 1913 omnes
414 1857 446 1913 in
452 1857 523 1914 albis
539 1877 545 1913 :
566 1866 595 1915 et
607 1875 671 1915 mox
689 1865 722 1916 ut
734 1861 810 1918 dieta
826 1863 914 1920 fuerit
924 1874 948 1936 Β
957 1855 1105 1912 defunctis.
1121 1857 1258 1914 Similiter
1271 1857 1402 1912 dicantur
1414 1856 1450 1911 ad
1465 1857 1679 1929 vesperumsine
1693 1873 1757 1913 ma·

114 1945 183 2000 hora
198 1945 320 2001 induant
333 1961 364 2002 se
378 1947 473 2019 cappis
486 1964 594 2016 omnes,
610 1949 695 2005 etiam
710 1952 846 2018 conversi,
870 1953 914 2008 in·
956 1945 1048 2001 niuno
1060 1945 1127 2018 ipsse
1141 1946 1274 2011 collecta,
1293 1951 1322 2000 et
1334 1945 1480 2001 duodecim
1492 1945 1662 2018 pauperibus
1681 1944 1756 2001 rele-

113 2033 206 2090 ientes
220 2034 333 2104 tunicis.
359 2036 450 2108 Super
470 2037 560 2092 altare
583 2039 700 2094 mittant
718 2040 773 2095 duo
787 2041 872 2113 pallia
886 2049 914 2099 et
957 2035 1064 2091 ctiones
1086 2040 1282 2108 preparentur
1303 2034 1414 2090 abunde
1437 2035 1499 2106 ipsa
1518 2035 1573 2090 die.
1595 2035 1625 2090 Si
1648 2035 1677 2090 in
1708 2033 1755 2090 die

114 2125 211 2180 album
232 2125 366 2198 desuper.
390 2127 543 2183 Duodecim
557 2129 631 2185 cerei
646 2135 712 2186 ante
730 2138 912 2200 nram‚ret1=0
955 2123 1055 2179 feriato
1071 2125 1197 2180 evenerit
1219 2125 1278 2180 haec
1300 2123 1473 2190 constitutio,
1490 2123 1614 2194 vigiliam
1628 2129 1757 2178 mortuo-

115 2219 225 2274 decem.
242 2218 384 2286 Officium,
408 2220 592 2289 Gaudeamus,
608 2235 671 2278 octo
695 2223 797 2280 fratres
811 2242 912 2298 procu.
953 2229 1017 2267 rum
1029 2212 1135 2268 saciant
1154 2217 1218 2286 post
1231 2212 1397 2268 nocturnale
1417 2210 1592 2283 obsequium.
1609 2211 1645 2266 Et
1658 2215 1691 2266 ut
1704 2209 1757 2265 hoc

111 2313 187 2363 rent.
205 2307 341 2379 Epistola,
358 2309 423 2363 licoc
433 2324 479 2378 eqo
494 2311 612 2366 loannes
628 2313 687 2367 uidi
700 2315 821 2368 alterum
832 2331 915 2384 unqe.
956 2300 1101 2357 decretum
1115 2307 1283 2374 perpetuum
1298 2301 1421 2373 vigorem
1436 2300 1572 2366 obtineat,
1589 2299 1758 2354 volumuset

114 2399 185 2453 lum.
214 2397 447 2468 Responsorium‚
473 2399 572 2454 Timete
590 2401 741 2457 dominum
761 2409 914 2475 aquetuor
954 2390 1087 2462 Petimus·
1104 2396 1133 2446 θῒ
1154 2391 1405 2462 lll⁸³⁰illi¹1¹ustam
1425 2389 1454 2444 ῙΠ
1471 2390 1524 2445 ¹¹⁰0
1542 2390 1603 2444 ¹⁰⁰⁰
1625 2404 1711 2460 ‘luam
1726 2386 1757 2443 5¹¹

111 2483 248 2540 iratribus
255 2485 438 2540 decantetur:
454 2489 575 2542 Alleluia
583 2505 640 2555 sex,
647 2487 702 2545 Vox
711 2493 911 2548 exsultationis,
954 2479 1062 2534 cunetis
1073 2479 1150 2546 locis,
1167 2479 1202 2534 ad
1217 2480 1303 2534 istum
1315 2479 1407 2533 locum
1419 2477 1636 2549 perimentibus,
1651 2481 1684 2532 ut
1698 2491 1756 2532 ser·

111 2573 307 2645 Evangelium,
325 2575 616 2634 Videmtnrbasleene.
630 2578 819 2647 offertorium,
828 2583 913 2638 mm.
953 2573 1034 2623 vetur
1058 2586 1064 2622 :
1088 2574 1117 2624 et
1136 2569 1160 2623 si
1182 2568 1283 2640 aliquis
1301 2568 1355 2623 ista
1377 2573 1476 2622 nostra
1496 2567 1573 2623 fideti
1594 2565 1757 2622 inventione

82 2661 85 2666 '
112 2665 176 2718 litis
188 2665 416 2719 lleusinsanolrs
435 2668 504 2720 suis.
523 2665 673 2724 Odcrtoria
685 2670 740 2724 duo
763 2671 909 2743 accipiant.
953 2657 1105 2729 8ῑΠῐΙΡεθιηὶὶ
1124 2658 1292 2729 implumi
1313 2657 1454 2729 particeps
1468 2656 1595 2712 mnium
1617 2655 1756 2711 b0¹¹⁰sl¹¹¹¹

111 2752 914 2823 Communio,lioudete,q'ustiiuDomino,autlstisuntoiri
955 2745 1316 2814 0ffi052²11ll010fflffli39l

110 2843 215 2898 sancti.
229 2841 346 2914 Expleta
354 2842 440 2898 missa
448 2849 550 2900 sonent
559 2846 654 2901 omnia
660 2846 787 2918 signaln
798 2849 913 2906 relecto·
1219 2869 1342 2926 CAPUT
1360 2869 1485 2926 xxm,

111 2929 155 2986 n'o
171 2928 249 2986 sicud
258 2931 289 2986 in
300 2931 447 3004 precipuis
460 2932 539 2989 iestis
553 2935 594 2990 ita
607 2940 703 3008 agant,
723 2942 911 3010 preterquam

110 3019 190 3091 quod
212 3020 301 3075 semel
315 3020 459 3076 miscetur.
487 3023 531 3078 Ad
554 3040 699 3097 vesperam
723 3027 912 3084 accendantur
1182 2995 1324 3038 mmm
1342 2995 1515 3039 mmm·

109 3107 263 3164 duodecim
282 3109 404 3166 candela,
424 3116 491 3166 ,mm
513 3127 602 3182 mm,
618 3119 694 3169 „etro
707 3115 814 3172 decem,
830 3116 913 3172 Anti,
1041 3087 1108 3142 Istos
1118 3087 1276 3144 Nouembris
1291 3104 1379 3143 mores
1392 3093 1497 3144 seruate
1510 3088 1651 3144 Kalendis.

110 3198 271 3270 phona,1n
291 3201 406 3254 manlio
426 3204 581 3270 justorum.
606 3203 736 3259 Alleluia.
758 3205 946 3297 Responsoc
989 3203 1123 3258 Kalendae
1135 3203 1299 3260 Novembris
1310 3204 1335 3259 si
1350 3205 1395 3259 die
1407 3203 1553 3259 Dominica
1565 3203 1704 3268 venerint,
1714 3201 1755 3258 le·

108 3287 198 3352 rium,
217 3289 361 3344 letamini
384 3291 415 3344 in
436 3291 563 3346 Domino.
581 3291 718 3364 Hymnus,
745 3295 849 3350 Christe
869 3312 914 3351 re·
955 3291 1063 3347 olivitas
1082 3292 1216 3348 Omnium
1240 3293 1407 3349 Sanctorum
1434 3293 1602 3348 celebratur.
1627 3289 1753 3362 Reliquis

109 3376 250 3446 demptor.
265 3377 457 3449 Antiphonem
467 3385 549 3436 terna
558 3381 616 3436 vioe
630 3389 769 3454 repetant.
783 3383 913 3453 Oramus,
956 3386 1053 3436 autem
1067 3380 1252 3438 hebdomadis
1267 3382 1383 3454 priuatis
1402 3382 1502 3437 diebus
1520 3381 1638 3454 trIginta
1652 3379 1755 3453 psalmi

110 3466 293 3536 Omnipotens
304 3471 468 3536 sernpiterae
480 3471 559 3526 Deus.
574 3471 914 3543 Antiphouamdesanoto
954 3476 1021 3525 ante
1036 3475 1188 3526 nocturnos
1203 3469 1333 3526 dicantur
1349 3485 1356 3520 ε
1375 3470 1510 3526 lectiones
1530 3471 1620 3541 longe
1639 3485 1672 3526 ex
1686 3470 1755 3525 Eze-

109 3571 177 3610 cum
194 3555 300 3622 Gloria,
316 3562 367 3613 aut
384 3558 538 3630 antIphona
559 3560 594 3615 de
618 3577 700 3616 cruce
720 3562 781 3618 sine
799 3563 894 3620 (ilario
902 3581 911 3629 ,·
954 3558 1051 3614 chieIIs
1064 3558 1213 3631 prophetia
1228 3558 1379 3630 legantur:
1405 3559 1548 3631 inprimis
1565 3557 1753 3630 responsoria,

105 3649 226 3715 propter
240 3647 349 3715 liquam
362 3649 435 3702 serui
448 3649 517 3716 secli
534 3666 640 3706 sumus.
651 3650 749 3707 Oratio
763 3654 886 3724 ejusdem
903 3673 910 3709 :
959 3649 1020 3702 Vidi
1030 3649 1180 3702 Dominum
1193 3649 1339 3713 sedentem,
1354 3647 1456 3703 deinde
1471 3647 1579 3705 Daniel.
1599 3644 1650 3717 140,
1665 3646 1708 3702 Ad
1719 3645 1755 3701 ll·

107 3741 213 3806 postea
225 3735 327 3807 psalmi
341 3753 391 3809 pro
405 3737 559 3806 defunctis;
572 3745 602 3795 et
614 3741 804 3812 tunepulsent
816 3744 914 3800 omnia
954 3753 1019 3792 nem
1029 3736 1169 3800 lectionis,
1188 3737 1228 3791 Tu
1242 3741 1335 3791 autem
1348 3737 1463 3792 Domine
1477 3737 1585 3794 dicant.
1598 3735 1755 3792 Duodecim

107 3825 205 3897 signa.
222 3824 489 3897 Dicenturvesperae
512 3832 687 3884 mortuorum
707 3846 770 3886 cnm
786 3831 914 3904 antipho·
955 3824 1110 3896 Pfflphetiae
1130 3842 1194 3880 cum
1219 3825 1362 3896 leguntur,
1379 3827 1440 3881 112⁶
1464 3829 1532 3881 dicii
1552 3827 1688 3881 Dominus
1709 3824 1755 3880 di·

108 3915 180 3970 nis:
207 3929 275 3969 nam
300 3912 371 3969 etia
386 3914 496 3970 hoodie
510 3915 669 3973 festivitatis
682 3923 746 3991 post
759 3921 914 3992 capitulum
954 3919 1029 3979 caut,
1048 3918 1078 3969 et
1099 3915 1124 3967 si
1146 3913 1208 3985 ipsa
1226 3914 1376 3986 prophetia
1399 3914 1429 3969 in
1451 3915 1572 3969 lectione
1593 3913 1708 3981 finierit,
1725 3914 1755 3969 in

108 4003 914 4065 decanusetoellerarinsrelectionemtribuantomnibus
955 4001 1141 4073 qualitunque
1167 4001 1292 4073 ipsorum
1313 4001 1396 4066 libro,
1418 4002 1505 4056 letior
1531 4002 1570 4067 in,
1597 4002 1637 4055 Tu
1660 4006 1755 4055 dulim

108 4089 379 4165 supervenientibus
403 4092 674 4165 peloponnensem
693 4113 754 4152 mos
772 4103 816 4152 est
830 4114 913 4170 mere
957 4091 1081 4156 nomene,
1101 4089 1221 4162 expleat.
1238 4089 1370 4146 Officium
1393 4095 1568 4145 mortuorum
1591 4088 1675 4143 simul
1690 4104 1755 4143 cum

108 4180 235 4236 incoena
245 4179 376 4248 DomIni;
393 4185 422 4236 et
433 4181 570 4254 quidquid
584 4183 644 4254 ipsa
659 4183 704 4238 die
715 4189 778 4256 post
786 4187 913 4258 synaxim
954 4177 1103 4233 matutinis
1118 4185 1213 4250 agant.
1229 4178 1336 4234 Deinde
1356 4195 1418 4233 cum
1434 4178 1588 4250 antiphona
1600 4177 1715 4231 veniant
1724 4176 1754 4230 in

107 4285 238 4342 vesperae
252 4268 288 4323 de
298 4269 450 4326 relectione
465 4271 495 4326 in
507 4287 587 4327 coena
608 4272 729 4328 fratrum
743 4276 915 4332 remanserit
955 4267 1042 4322 elium
1057 4267 1185 4334 chorum,
1209 4267 1248 4322 ibi
1271 4267 1427 4322 matutinas
1441 4267 1476 4321 de
1499 4264 1629 4321 omnibus
1649 4263 1754 4320 sanctis

108 4357 357 4429 eleemosynarius
370 4358 497 4431 accipiat.
954 4357 1049 4411 dicant
1062 4362 1092 4411 et
1104 4356 1238 4428 psalmos,
1265 4357 1336 4412 Deus
1349 4357 1468 4411 sumbus
1487 4358 1608 4419 nostris;
1625 4359 1653 4408 et
1668 4353 1690 4408 si
1704 4353 1754 4408 de·

147 4445 343 4502 constitutum
372 4453 415 4502 est
438 4463 496 4503 una
519 4465 583 4504 cam
602 4466 740 4507 consensu
758 4456 788 4508 et
812 4457 913 4524 rogatu
954 4445 1081 4501 iunctum
1094 4445 1253 4512 habuerint,
1272 4446 1353 4499 Verbo
1368 4461 1438 4498 nuo.
1459 4445 1561 4500 Postea
1572 4443 1602 4498 in
1617 4441 1754 4498 dormito·

108 4535 244 4592 omnium
257 4535 459 4592 monachornm
470 4537 663 4594 Cluniensium
682 4543 748 4610 tta),
760 4513 1029 4598 utsicutinDrinm
1040 4534 1162 4590 Infantes
1176 4533 1323 4588 ambulent
1336 4549 1400 4588 cum
1419 4533 1556 4589 custodia·
1576 4531 1645 4587 Inde
1659 4545 1755 4587 rerer-

109 4624 250 4682 Ecelesiis
265 4625 316 4679 Dei
332 4642 394 4697 quae
417 4642 467 4697 per
483 4627 579 4682 orbem
596 4633 680 4683 terrae
699 4629 781 4699 longe
801 4631 913 4702 lateque
953 4627 1055 4691 tentes,
1071 4623 1154 4678 sicuti
1169 4623 1267 4694 regula
1280 4622 1416 4694 praecipit,
1432 4627 1556 4688 cantum,
1572 4621 1755 4693 quemadmo-

108 4719 286 4770 constructaa
299 4719 367 4770 sunt
384 4713 414 4770 in
436 4714 482 4770 die
501 4716 693 4773 Kalendarum
713 4717 912 4775 Novembrium
954 4711 1021 4768 dum
1036 4716 1080 4767 esi
1093 4711 1295 4778 necessarium,
1307 4711 1337 4764 in
1349 4710 1472 4782 capitulo
1495 4711 1625 4765 sedentes
1635 4709 1752 4765 discant.

106 4804 212 4876 agitatu
225 4802 362 4858 lascivitas
385 4805 511 4860 ommam
531 4811 703 4870 sanctorum,
717 4807 758 4862 ita
768 4808 843 4879 apud
862 4825 913 4864 nos
955 4800 1068 4857 Fratres
1080 4801 1110 4856 in
1131 4801 1216 4856 choro
1233 4799 1351 4854 sedeant
1363 4799 1528 4871 psalmodiis
1541 4805 1570 4855 et
1581 4798 1757 4856 orationibus

107 4900 219 4965 agatur
229 4891 328 4948 festivo
338 4910 417 4949 more
432 4896 660 4951 commemoratio
678 4895 803 4952 fidelium
818 4897 916 4953 defun.
956 4889 1068 4944 intenti.
1081 4889 1111 4944 Si
1121 4889 1165 4944 cui
1180 4889 1313 4944 secretins
1331 4904 1412 4943 orare
1420 4887 1544 4956 libuerit,
1559 4889 1627 4945 loris
1639 4888 1756 4944 chorum

106 4989 227 5038 morum
239 4982 290 5036 tali
302 4982 386 5038 modo
397 5002 404 5036 ς
417 4983 447 5038 in
462 4984 585 5039 crastino
603 4983 715 5040 etiamsi
736 4985 798 5040 dies
817 4985 915 5041 Domi.
957 4978 1113 5033 orationem
1129 4976 1224 5039 faciat,
1241 4981 1271 5032 ct
1285 4977 1382 5031 statim
1397 4976 1542 5032 reveniens
1564 4977 1594 5030 in
1614 4975 1699 5031 choro
1714 4990 1756 5030 se·

106 5075 181 5130 nica
195 5074 290 5142 fuerit,
313 5076 357 5130 vel
379 5076 415 5131 de
437 5076 531 5148 aliquo
547 5083 645 5132 sancto
664 5077 740 5134 unde
768 5078 914 5134 duodecim
956 5068 1032 5124 deat.
1050 5067 1080 5123 Si
1091 5083 1156 5122 vero
1166 5065 1228 5120 dies
1242 5065 1429 5121 Kalendarius
1444 5065 1567 5121 secunda
1581 5065 1701 5120 ettertia
1711 5064 1754 5119 vel

105 5163 252 5220 lectiones
268 5163 402 5231 iecerint;
413 5164 453 5220 sic
467 5169 562 5220 tamen
577 5181 641 5220 mox
655 5171 688 5221 ut
701 5165 835 5236 suffragia
849 5183 915 5222 gan.
958 5161 1058 5228 quarta
1069 5155 1139 5210 teris
1148 5154 1268 5222 venerit,
1279 5153 1415 5225 Incipient
1427 5154 1634 5226 responsorium
1648 5151 1683 5206 de
1693 5167 1753 5223 pro-

104 5259 226 5309 ctorum
248 5253 359 5324 expleta
382 5253 497 5322 luerint,
523 5255 637 5326 pulsent
662 5256 757 5310 omnia
779 5256 870 5328 signa,
887 5260 917 5311 et
957 5243 1049 5316 phetis
1063 5243 1204 5299 anteriore
1214 5243 1260 5298 die
1271 5241 1426 5306 Dominica,
1437 5242 1569 5296 similiter
1578 5246 1607 5295 et
1621 5239 1755 5294 lectiones

106 5346 205 5416 agant
217 5341 341 5398 cinctum
356 5347 532 5398 mortuorum
551 5352 579 5399 et
600 5345 754 5400 matutinas
768 5343 894 5416 ipsorum
906 5365 913 5415 3
956 5333 991 5390 de
1005 5333 1156 5407 propheta.
1177 5333 1229 5389 Sed
1242 5333 1341 5402 longas
1350 5337 1407 5386 tres
1415 5330 1550 5385 lectiones
1565 5334 1594 5384 et
1606 5328 1755 5384 intervalla

104 5438 140 5488 et
156 5431 351 5488 accendantur
365 5432 513 5489 duodecim
527 5433 650 5489 candele
660 5438 727 5488 ante,
747 5449 841 5504 amm
856 5434 916 5506 qui.
956 5423 1078 5479 nonnisi
1092 5427 1157 5495 post
1171 5422 1312 5478 Kalendas
1326 5419 1507 5491 incipiantsi
1522 5433 1587 5474 vero
1600 5416 1699 5490 quinta
1711 5418 1756 5473 vel

149 5571 206 5640 (38I
220 5574 277 5632 Sub
290 5574 319 5631 S.
338 5574 451 5631 Odilone
466 5577 693 5633 cluniacensium
705 5577 810 5632 abbate.
954 5574 1069 5640 stitutre,
1086 5573 1121 5630 de
1135 5589 1190 5646 quo
1204 5572 1289 5644 paulo
1305 5570 1423 5626 inferius
1434 5569 1572 5626 dicemus.

149 5643 209 5716 (39)
225 5645 264 5701 Ex
277 5645 330 5703 hoc
337 5646 461 5718 amplius
470 5652 582 5702 constat
590 5649 754 5720 propagatio
763 5648 916 5704 tactacom·
992 5645 1046 5718 (lOp
1062 5645 1328 5705 Haeccllr'ldcmeri
1343 5645 1493 5700 traditione
1505 5644 1649 5710 masupia
1660 5645 1735 5698 sunt.

107 5716 333 5774 memorationis
342 5717 467 5775 fidelium
474 5718 681 5790 detunctorum,
693 5718 729 5774 ab
738 5719 857 5779 odilone
868 5719 914 5780 in·
