3986 6184
169 299 200 358 31
582 327 585 332 ,
634 248 1317 366 cs.nsnrstrmrumirusnt-nncnrsn.
1773 291 1807 352 32

166 425 305 495 angustiis
320 426 549 498 comprehensus,
563 417 674 474 nescius
681 416 748 489 qnid
763 421 869 488 ageret,
881 433 964 472 suum
973 402 1125 485 ⁸A'Quando
1141 421 1257 476 attendo
1274 417 1376 473 laicum
1391 416 1488 481 istum,
1504 417 1598 472 neseio
1613 416 1680 488 quid
1702 417 1804 485 dicam,

166 507 703 570 insonuniumlamennbatlrffsndem
711 511 848 567 nonturno
856 505 968 576 stasne
974 537 982 552 ..
993 509 1063 578 enisi
1070 510 1136 585 quia
1142 509 1265 584 Spiritus
1275 506 1323 563 ubi
1337 505 1494 577 vultspirat
1507 507 1597 571 (loon.
1609 520 1650 572 nr,
1663 507 1701 578 s).
1713 505 1812 572 Abbes

166 599 195 656 in
210 617 240 656 se
254 619 392 669 reversus,
407 585 640 656 voluitllomin&
651 589 974 666 latites'debitas·“peir-‹
990 666 993 674 Ι
1008 603 1076 678 erga
1092 599 1170 662 illum
1184 595 1279 656 debita
1292 595 1484 660 veneratione,
1492 595 1539 650 ille
1553 611 1620 666 erga
1635 611 1700 651 eum
1711 595 1805 652 omui-

166 690 283 758 solrere,
299 695 394 747 stnon
404 688 505 761 potuit,
522 687 589 759 quia
599 685 635 740 ad
647 685 700 739 boc
714 679 799 739 antes
813 699 869 738 non
885 699 966 738 vaca·
1007 670 1286 743 moda‘oor'rteridebat
1293 683 1489 751 submissione,
1502 683 1593 739 forma
1598 683 1679 755 gregi
1688 689 1808 758 uterque

121 797 128 810 ·
166 784 255 834 verat.
268 779 460 834 Eteonversus
475 777 511 831 ad
526 774 677 831 Dominum
695 790 701 825 :
718 791 731 825 r
747 772 865 828 Domine
880 773 964 840 Deus,
1008 777 1117 832 vivendi
1143 777 1219 844 facti,
1246 791 1319 831 unus
1345 773 1450 840 activa,
1479 773 1550 828 alter
1569 773 1803 845 contemplativa.

166 867 216 934 ait,
233 871 343 922 tantum
356 872 468 938 tempus
486 865 515 920 in
529 863 662 919 discendo
675 861 803 934 expendi,
822 867 851 916 et
864 877 966 934 corpus
1007 864 1100 920 Abbss
1123 864 1247 929 humilis,
1260 863 1402 936 patientioe
1416 878 1545 928 summm,
1560 861 1671 917 incure
1684 862 1809 934 corporis

168 959 198 1010 et
215 955 343 1010 animum
360 955 390 1010 in
404 953 505 1010 studiis
528 953 688 1008 litterarum
702 951 810 1019 attrivi;
833 957 863 1007 et
875 951 966 1007 adhuc
1007 953 1274 1018 continentissimus,
1293 953 1399 1008 nullam
1417 950 1557 1005 saecularis
1578 967 1687 1024 pompa
1711 968 1807 1008 curam

168 1044 349 1114 quomodote
363 1044 479 1099 debeam
494 1059 585 1108 orare,
599 1044 684 1113 atque
698 1040 790 1096 laudis
804 1040 898 1096 officia
914 1040 965 1095 tibi
1007 1059 1118 1114 gerens,
1133 1043 1228 1114 legum
1243 1041 1340 1113 patria
1346 1039 1557 1104 scientissimus,
1569 1039 1731 1111 praesidinm
1746 1046 1809 1095 erat

166 1133 324 1204 persolvere
338 1149 396 1189 non
414 1131 509 1188 didici.
531 1130 631 1186 Libera
653 1147 698 1184 me
717 1129 751 1186 de
774 1131 826 1185 hac
846 1129 966 1188 tribula·
1007 1132 1174 1189 suisoontra
1183 1131 1294 1203 iniquos
1304 1128 1494 1194 exactores,ed
1503 1128 1651 1183 tractanda
1659 1145 1808 1186 causarum

166 1220 261 1289 tione;
277 1227 306 1276 et
316 1238 377 1293 ego,
394 1226 422 1277 te
437 1220 600 1286 auxiliante,
616 1219 754 1279 slaviam
770 1235 861 1274 meam
884 1220 968 1274 corri-
1008 1223 1185 1279 saecularium
1205 1221 1318 1294 negotia
1340 1225 1369 1274 et
1384 1219 1558 1292 disponenda
1572 1218 1712 1275 exteriora
1734 1220 1807 1292 peri·

58 1339 65 1350 »
167 1325 244 1381 gere,
260 1315 290 1365 et
303 1310 451 1366 instituere
463 1308 577 1376 curabo,
593 1314 627 1364 ut
642 1307 694 1364 tibi
704 1309 809 1363 servire
819 1309 927 1363 valeam
940 1314 969 1364 et
1008 1312 1151 1380 tissimus;
1168 1312 1196 1366 iu
1211 1308 1388 1366 exstruendis
1408 1309 1451 1363 vel
1476 1307 1658 1381 procurandis
1682 1325 1808 1364 necessa·

168 1399 264 1454 sciam.
281 1399 444 1471 »Surgente
454 1416 565 1465 aurora,
577 1399 607 1454 in
618 1398 679 1470 ipso
689 1398 852 1470 crepusculo
862 1399 968 1453 audiuit
1008 1402 1058 1456 riis
1072 1419 1124 1460 nec
1137 1401 1304 1474 prudentior
1327 1415 1378 1454 nec
1400 1397 1549 1464 efficacior,
1566 1397 1642 1452 salva
1659 1398 1806 1469 religione,

169 1485 291 1540 viatores
305 1487 360 1542 iter
376 1492 533 1559 carpentes,
546 1492 575 1541 et
588 1487 672 1558 coepit
687 1485 862 1541 vociferando
878 1486 912 1540 ab
928 1487 968 1542 eis
1009 1507 1070 1546 esse
1085 1496 1204 1564 poterat.
1223 1495 1252 1556 3
1267 1491 1304 1544 At
1317 1489 1415 1543 doctor
1424 1487 1472 1542 ille
1484 1486 1625 1541 maximus
1641 1487 1671 1540 in
1685 1486 1808 1541 claustro

168 1573 302 1629 auxilinm
327 1579 433 1647 petere.
461 1577 505 1631 llli
528 1575 675 1631 audientes
702 1575 794 1646 primo
816 1591 966 1648 expavere3
1009 1595 1122 1634 ornnem
1139 1595 1253 1652 operam
1268 1574 1449 1650 impendebat
1465 1575 1553 1647 quieti
1565 1579 1594 1628 et
1607 1573 1731 1641 silentio,
1746 1589 1809 1628 cor·

166 1663 269 1720 dehinc
281 1681 377 1720 vocem
396 1664 518 1720 hominis
532 1665 718 1731 advertentes,
732 1664 766 1719 ad
778 1681 879 1720 sonum
894 1666 1002 1756 vocisB
1011 1669 1054 1723 dis
1068 1669 1112 1724 sui
1128 1666 1319 1724 novaliaverbi
1332 1665 1404 1721 sacri
1418 1664 1546 1719 excolens
1556 1663 1669 1719 assidua
1678 1663 1807 1730 lectione,

167 1767 325 1822 perrexere,
336 1757 366 1808 et
375 1753 438 1827 quis
449 1755 601 1827 esset,quid
614 1754 879 1810 haberetindicavit.
889 1755 967 1811 Tunc
1010 1757 1133 1828 irrigans
1142 1776 1175 1814 ea
1184 1757 1268 1826 dulci,
1280 1771 1364 1829 quam
1372 1771 1446 1826 sape
1456 1751 1609 1820 obtinebat,
1619 1752 1809 1825 lacrymarum

167 1855 233 1896 eum
248 1841 385 1898 solventes
399 1843 573 1899 reduxerunt
585 1843 621 1898 ad
635 1845 717 1898 viam.
727 1844 845 1916 Rogavit
858 1861 926 1899 sane
936 1851 968 1900 ut
1008 1847 1230 1921 compunctione.

168 1929 250 1984 vilius
257 1931 442 2003 etpauperins
448 1931 605 1987 coenobium
614 1932 688 2004 quod
696 1933 725 1986 in
735 1931 968 2002 regionenossent
1325 1931 1441 1988 CAPUT
1456 1932 1493 1986 ll.

171 2016 225 2072 sibi
239 2017 478 2074 demonstrarent.
494 2021 733 2092 Responderunt:
759 2021 849 2076 Vilius
871 2029 899 2078 et
919 2023 969 2078 ab·
1046 2011 1134 2085 dNec
1153 2024 1255 2081 oblitus
1267 2022 1342 2095 quod
1352 2022 1410 2077 Deo
1422 2019 1452 2076 in
1462 2025 1600 2076 nocturna
1610 2019 1739 2092 captione
1749 2035 1811 2092 pro·

164 2105 268 2177 jactius
292 2108 496 2164 monasterium
523 2110 632 2164 nullum
662 2109 765 2165 scimus
788 2127 872 2182 quam
892 2111 969 2167 istud
1010 2119 1136 2181 miserat,
1157 2119 1305 2187 postquam
1319 2111 1409 2166 factus
1424 2115 1467 2165 est
1480 2109 1644 2176 monachus,
1661 2109 1691 2164 in
1704 2109 1812 2164 discen-

169 2195 828 2270 qu⁰di¹¹l¹¹¹⁰¹im⁰aedffi⁰³iquidamh0ffl⁰Dflis
841 2207 969 2257 etosten·
1010 2209 1053 2264 dis
1078 2205 1176 2262 officiis
1197 2202 1305 2258 diurnis
1334 2206 1363 2255 et
1384 2199 1529 2255 nocturnis
1545 2214 1642 2254 curam
1658 2198 1809 2253 maximam

168 2282 266 2339 dentes
280 2284 354 2340 riam
369 2285 564 2344 discesserunt,
581 2288 618 2342 tt
631 2289 678 2343 ille
691 2305 819 2361 gressum
833 2289 900 2346 illuc
910 2309 969 2346 rer-
1010 2296 1172 2370 impendere
1186 2291 1284 2359 voluit,
1300 2296 1333 2346 ut
1355 2290 1439 2345 sciret
1453 2289 1510 2344 Deo
1529 2287 1620 2343 laudis
1641 2286 1810 2344 sacrificium

168 2375 241 2438 tens,
270 2373 388 2429 lleccum
419 2375 497 2441 adiit,
528 2393 583 2466 quq
617 2378 726 2432 nullum
760 2395 879 2450 usquam
902 2385 969 2436 tunc
1009 2384 1177 2457 persolvere,
1192 2381 1265 2436 sicut
1283 2382 1409 2434 noverat.
1426 2377 1470 2432 Sic
1485 2392 1535 2449 per
1555 2380 1613 2431 tres
1633 2391 1722 2431 annos
1741 2375 1811 2431 vixit

169 2462 321 2533 pauperius
348 2463 542 2520 estimabatur
568 2467 611 2520 sel
638 2466 773 2538 abjectius
799 2467 966 2525 coenobinm.
1010 2473 1162 2538 solitarius,
1171 2471 1297 2542 gaudeus
1311 2467 1385 2541 qnod
1400 2463 1587 2532 nesciebatur,
1594 2469 1696 2537 preter
1705 2481 1810 2536 paucos

169 2548 253 2605 Forte
279 2554 348 2606 tunc
375 2552 460 2609 abbas
485 2555 659 2611 exstruendae
679 2556 786 2611 fornaci
807 2565 967 2630 occupatus,
1010 2562 1111 2636 quibus
1126 2559 1277 2634 aliquando
1291 2555 1469 2628 loquebatur,
1478 2553 1609 2609 omnibus
1624 2553 1744 2623 ignotus.
1755 2555 1811 2610 Ru-

166 2637 287 2710 ipsemet
300 2641 470 2712 operabatur
484 2644 613 2700 manibus
638 2645 714 2714 suis;
741 2650 769 2701 et
787 2647 921 2702 accedens
936 2649 971 2704 ed
1014 2656 1122 2716 mor,nt
1137 2651 1191 2705 lmc
1199 2650 1306 2704 lactum
1316 2645 1449 2719 prodidit,
1457 2644 1539 2715 longe
1554 2643 1667 2715 lateque
1681 2643 1808 2714 protulit,

168 2744 234 2784 enm
252 2728 340 2785 dixit:
358 2731 433 2787 Deus
448 2737 477 2788 te
489 2733 596 2789 salsum
609 2733 703 2789 saciat.
721 2736 756 2790 st
772 2735 859 2792 abbas
872 2754 878 2791 :
895 2737 969 2794 Deus
1011 2747 1041 2796 et
1053 2741 1128 2794 lama
1141 2737 1191 2794 viri
1203 2735 1415 2810 praeclarissima
1424 2735 1554 2798 Becoum,
1563 2737 1592 2788 et
1602 2731 1730 2788 abbatem
1742 2732 1812 2787 Her·

168 2821 197 2872 te
217 2816 374 2880 benedicat,
388 2820 489 2892 inquit.
502 2823 538 2876 Es
557 2823 747 2878 lombardus?
761 2831 791 2878 at
806 2825 870 2880 ille:
888 2825 966 2882 Sum.
1009 2829 1119 2885 luinum
1135 2827 1211 2884 brevi
1225 2824 1379 2898 perorbem
1390 2829 1531 2878 terrarum
1543 2821 1642 2876 extulit
1652 2821 1694 2888 (ὅ).
1711 2819 1811 2876 Clerici

168 2905 204 2962 Et
213 2906 299 2962 abbas
312 2926 317 2960 :
335 2908 483 2974 Quidvis?
495 2911 657 2978 Monachus,
669 2913 789 2978 ait,sreri
804 2915 876 2969 volo.
891 2916 969 2971 'l'uno
1009 2922 1169 2982 accurrunt,
1190 2917 1294 2971 ducum
1318 2913 1377 2976 lllii,
1407 2909 1624 2967 nominatissimi
1650 2909 1810 2965 scholarum

168 2993 255 3056 abbas
273 2996 400 3069 precipit
416 2998 528 3053 cuidam
544 3001 691 3068 monacho,
708 3001 822 3057 nomine
836 3004 966 3077 Rogerio,
977 3012 998 3074 c
1010 3006 1138 3078 magistri
1153 3003 1323 3067 Latinitatis,
1339 3001 1403 3056 laici
1418 3005 1556 3072 potentes,
1582 3002 1611 3054 et
1636 2999 1743 3054 nobiles
1760 2997 1810 3053 viri

171 3083 257 3157 quiin
268 3090 350 3156 parte
362 3102 432 3158 opus
443 3104 526 3143 suum
539 3087 661 3144 faciebat
669 3085 711 3160 (ὅ),
720 3095 752 3146 ut
763 3090 804 3145 illi
812 3092 972 3147 ostenderet
1013 3096 1158 3167 multi,pro
1167 3094 1255 3167 ipsius
1266 3108 1361 3147 amore
1376 3090 1465 3145 multa
1477 3089 1568 3144 eidem
1581 3087 1702 3143 eoelesiae
1714 3093 1811 3142 contu-

169 3172 272 3228 librum
299 3176 403 3245 regulae
415 3176 466 3245 (9).
483 3177 545 3241 Qua
559 3178 692 3249 perlecta,
710 3180 853 3252 respondit
876 3181 971 3236 omnia
1011 3177 1114 3240 lerunt.
1128 3184 1178 3238 llic
1188 3199 1254 3253 ergo
1271 3181 1452 3244 Lanlrancus,
1469 3175 1517 3249 qui
1528 3193 1579 3248 pro
1589 3177 1646 3231 Deo
1658 3193 1688 3232 se
1702 3175 1812 3231 abdica·

168 3260 226 3316 Deo
239 3277 270 3316 se
282 3264 399 3334 juvante
417 3264 539 3321 libenter
559 3273 745 3324 servaturum.
769 3269 834 3324 llaec
854 3270 971 3325 audiens
1012 3280 1091 3328 verat
1112 3272 1175 3338 sibi,
1198 3270 1275 3325 omni
1295 3268 1401 3324 vilitate
1415 3273 1443 3322 et
1458 3265 1635 3322 extremitate
1650 3270 1808 3332 contentus,

167 3348 264 3416 abbas,
281 3357 311 3406 et
323 3352 414 3408 sciens
435 3353 499 3425 qnis
521 3361 596 3411 esset
620 3361 649 3411 et
674 3357 758 3423 unde,
783 3359 919 3413 concessit
942 3359 967 3415 ei
1009 3362 1086 3419 omrri
1102 3360 1262 3416 obedientia
1276 3375 1305 3414 se
1318 3356 1484 3413 submittere
1497 3353 1614 3410 curabat
1627 3353 1738 3424 uan'ori.
1759 3354 1812 3409 De·

169 3439 244 3510 quod
267 3440 390 3511 petebat.
417 3443 455 3497 st
481 3443 529 3499 ille
550 3461 601 3516 per
622 3459 654 3499 os
675 3445 753 3500 furni
769 3446 917 3518 procidens
939 3449 967 3502 in
1008 3453 1103 3522 nique,
1120 3455 1152 3506 ut
1173 3449 1271 3512 fertur,
1297 3446 1445 3502 lectionem
1470 3460 1526 3499 non
1549 3443 1660 3498 volebat
1672 3443 1765 3514 legere
1780 3443 1809 3497 in

168 3524 279 3592 ficiem·
294 3530 436 3584 multius
451 3535 494 3586 est
512 3531 596 3602 pedes
609 3532 861 3604 elus.1›anslan0us
875 3535 967 3589 humi·
1009 3540 1127 3597 ecclesis
1141 3539 1194 3595 nisi
1207 3538 1284 3610 prius
1300 3551 1361 3592 earu
1375 3538 1473 3590 cantor
1484 3532 1750 3598 audissetQuadam
1762 3532 1808 3588 die

168 3613 277 3672 litatem
302 3617 391 3674 animi
414 3621 607 3693 sermonisque
624 3623 792 3693 gravitatem
820 3623 849 3678 in
869 3623 969 3680 abbate
1009 3630 1076 3684 dum
1084 3629 1120 3683 ad
1136 3643 1262 3682 mensam
1277 3623 1470 3696 legeretdixit
1484 3621 1617 3694 quiddam
1633 3621 1707 3675 inter
1717 3620 1810 3692 legen-

168 3704 323 3776 plurimum
341 3713 491 3764 veneratus
521 3715 551 3766 et
570 3727 677 3780 amans,
700 3712 734 3782 (θ)
753 3713 907 3769 monachus
929 3713 968 3769 ibi
1010 3720 1077 3774 dum
1093 3717 1167 3772 sicut
1188 3715 1281 3770 dicere
1297 3711 1403 3778 debuit,
1422 3711 1496 3783 quod
1510 3725 1567 3765 non
1588 3709 1694 3781 placuit
1717 3709 1810 3781 praesi-

169 3793 298 3850 elllcitnr.
362 3829 368 3838 ·
915 3849 918 3854 ,
1010 3805 1097 3873 denti,
1113 3811 1143 3860 et
1163 3804 1246 3859 aliter
1260 3803 1351 3858 dicere
1362 3800 1463 3872 jussit;
1480 3799 1556 3854 velut
1569 3798 1593 3852 si
1613 3798 1659 3852 ille
1682 3796 1806 3865 dixisset,

203 3886 229 3938 8.
246 3883 307 3950 Quo
320 3884 392 3941 lacto
402 3885 433 3956 (Ἰ)
445 3887 613 3943 venerabilis
629 3889 716 3944 Pater
732 3889 884 3946 Herlninus
896 3907 967 3962 gau·
1010 3897 1110 3961 domne,
1128 3892 1220 3948 media
1230 3891 1375 3963 producta,
1383 3896 1416 3944 ut
1425 3893 1481 3956 est3
1493 3892 1522 3942 et
1535 3887 1587 3942 iste
1601 3886 1699 3940 eadem
1715 3886 1809 3941 media

168 3971 215 4027 dio
227 3972 352 4045 repletus
366 3981 408 4030 est
426 3991 482 4031 non
503 3977 621 4042 modico,
639 3978 705 4048 quia
721 3978 854 4034 credebat
872 3997 889 4035 a
910 3980 967 4036 Deo
1009 3987 1137 4055 correpta
1163 3981 1340 4037 emendasset
1366 3979 1468 4042 dooere,
1498 3975 1572 4048 quod
1593 3991 1650 4030 non
1671 3980 1723 4031 est.
1745 3975 1808 4030 Non

168 4077 265 4133 preces
278 4079 344 4118 suas
363 4081 424 4121 esse
444 4067 598 4123 exauditas.
624 4069 697 4124 Nam
719 4070 786 4140 quia
804 4075 968 4143 sumptuum
1009 4072 1084 4128 enim
1100 4071 1176 4143 prior
1186 4070 1232 4125 ille
1244 4068 1386 4124 litteratus
1395 4072 1465 4121 erat.
1482 4066 1520 4121 At
1534 4065 1576 4119 vir
1590 4065 1703 4136 sapiens
1716 4064 1808 4120 sciens

169 4153 411 4222 procurandorum
435 4155 588 4212 necessitas
606 4157 687 4213 illum
711 4163 790 4214 extra
811 4159 967 4215 claustrum
1008 4158 1296 4232 magisobedientiam
1304 4153 1615 4226 cbristodeberiquam
1633 4154 1752 4217 Donato,
1764 4153 1808 4208 di-

168 4241 310 4299 demorari
319 4244 445 4316 cogebat,
454 4262 504 4301 nec
515 4253 576 4301 erat
588 4249 636 4319 qui
645 4249 807 4320 presideret
815 4249 964 4316 introrsus,
1008 4250 1086 4305 misit
1098 4247 1171 4320 quod
1186 4248 1257 4302 bene
1272 4244 1514 4318 pronuntiaverat,
1531 4247 1561 4297 et
1577 4241 1648 4296 dixit
1662 4240 1736 4313 qnod
1751 4255 1807 4296 non

169 4333 198 4384 et
212 4329 376 4402 religionem
390 4341 559 4402 asservaret;
576 4337 720 4394 multoties
734 4337 823 4392 Deum
840 4353 904 4391 cum
920 4353 967 4391 ex·
976 4341 999 4400 D
1009 4343 1083 4394 recte
1097 4337 1190 4392 dicere
1201 4334 1364 4408 J'ubebatur.
1379 4333 1452 4387 Nam
1466 4331 1619 4404 producere
1632 4330 1755 4396 brevem,
1765 4331 1808 4384 vel

168 4424 285 4486 orasset,
313 4421 406 4476 divina
432 4422 575 4480 miseratio
586 4425 639 4480 sibi
649 4425 869 4480 accommodavit
888 4425 968 4481 auxi·
1008 4428 1121 4498 longam
1138 4425 1278 4497 corripere
1301 4421 1448 4496 syllabam,
1463 4435 1519 4476 non
1540 4419 1661 4491 capitale
1689 4422 1808 4473 noverat

167 4505 248 4573 lium,
259 4508 400 4564 sufficiens
410 4511 446 4564 ad
456 4512 552 4568 omnia
565 4529 626 4584 quas
640 4515 749 4584 agenda
765 4515 858 4570 forent
869 4515 968 4570 sudre-
1009 4517 1129 4583 crimen;
1144 4529 1241 4568 verum
1249 4511 1361 4584 jubenti
1373 4526 1406 4564 ex
1416 4514 1496 4580 perte
1505 4507 1556 4563 Ilei
1565 4523 1622 4562 non
1638 4507 1808 4579 percrepui-

167 4593 378 4666 gium.llideres
390 4613 459 4670 ergo
472 4600 548 4656 inter
561 4618 608 4656 eos
623 4602 699 4673 pium
710 4609 862 4658 certamen.
876 4603 969 4659 Abbas
1011 4621 1075 4678 pam
1092 4620 1148 4659 non
1162 4603 1252 4658 lesem
1267 4617 1328 4656 esse
1339 4599 1456 4654 sciebat.

169 4699 201 4738 ex
212 4684 362 4756 grendaevo
375 4687 447 4744 laico
460 4705 549 4762 nuper
563 4689 593 4744 in
603 4691 709 4745 clerum
721 4697 874 4763 promotus,
891 4709 968 4746 vere-
1043 4694 1070 4748 5.
1087 4692 1206 4758 Quidam
1221 4688 1361 4746 secularis
1375 4687 1454 4742 dedit
1472 4685 1603 4742 Becransi
1617 4684 1739 4740 ecclesiae
1752 4689 1809 4739 ter-

170 4771 253 4828 batur
267 4773 320 4830 sibi
334 4774 476 4831 subditam
487 4776 559 4832 tenti
569 4778 691 4834 doctoris
704 4779 911 4848 celsitudinem
922 4779 967 4835 ille
1009 4798 1071 4837 ram
1091 4780 1155 4852 110),
1170 4780 1206 4835 ed
1221 4795 1305 4852 quam
1320 4777 1423 4832 missos
1436 4780 1482 4831 est
1499 4775 1682 4840 Lanfrancus,
1696 4779 1730 4828 ut
1744 4789 1808 4828 eam

169 4861 276 4918 nullam
302 4880 353 4936 pro
377 4864 511 4920 eminenti
531 4864 647 4921 scientia
660 4885 762 4939 gerens
775 4867 966 4936 insolentiam,
1008 4876 1133 4925 servaret
1143 4874 1171 4924 et
1180 4868 1360 4924 instauraret.
1376 4867 1439 4922 Una
1451 4865 1561 4920 dierum
1576 4865 1644 4920 dum
1664 4862 1699 4917 de
1710 4879 1806 4918 mona-

168 4950 325 5008 hnmillime
338 4953 374 5008 ad
396 4953 492 5010 omnia
505 4954 630 5028 parebat,
654 4956 826 5025 attendebat,
846 4957 967 5012 admira·
1006 4959 1092 5014 sterio
1106 4958 1142 5014 ad
1156 4959 1248 5014 locuur
1260 4957 1339 5012 illum
1350 4952 1764 5026 regrederetur,detulitcotum
1775 4951 1806 5008 in

169 5039 254 5098 batur
277 5046 307 5096 et
332 5042 502 5114 predicabat
528 5061 613 5116 quam
639 5045 693 5118 ipsi
719 5046 749 5102 in
776 5046 965 5120 intelligendis
1005 5065 1099 5121 panno
1112 5047 1280 5112 involutum,
1300 5047 1364 5118 post
1377 5059 1408 5099 se
1421 5044 1457 5098 ad
1475 5043 1574 5100 sellam
1588 5043 1716 5113 ligatum.
1731 5041 1805 5096 Dum

169 5129 321 5202 Scripturis
341 5132 463 5203 gratiam
486 5134 561 5190 Deus
583 5140 768 5202 mncessemt,
787 5142 816 5191 et
830 5136 941 5192 dicebat
955 5157 961 5191 :
1005 5138 1061 5194 iter
1072 5137 1185 5204 taceret,
1200 5135 1315 5208 quidam
1329 5132 1458 5205 adjunxit
1471 5149 1501 5188 se
1514 5131 1556 5188 illi
1568 5150 1574 5200 ς
1585 5147 1706 5204 cumque
1720 5129 1805 5185 simul

205 5271 241 5356 (S)
256 5275 341 5330 Juxta
351 5273 455 5358 regula
470 5275 501 5358 S.
517 5275 549 5332 P.
563 5277 706 5360 Benedicti
727 5279 920 5350 praecriptum
935 5278 965 5335 in
1006 5281 1073 5336 olim
1096 5279 1182 5334 istum
1207 5275 1421 5356 monasterium,
1451 5274 1525 5346 quod
1543 5272 1658 5328 omnino
1677 5271 1804 5355 dirutum

167 5350 258 5416 capite
271 5345 355 5402 bilds
369 5345 516 5417 drscrplma
526 5347 909 5433 suscipiendorumflfratrum.
1006 5358 1076 5412 erat,
1092 5344 1610 5428 utcunquerestauravrt.·Postea·data
1619 5342 1804 5427 Becaensrbus

168 5415 966 5549 ,“sternensnannents
1006 5419 1476 5551 ntsnntntdslns
1492 5413 1805 5543 essetne:

168 5504 336 5642 mogachum
365 5559 466 5628 induit,
494 5561 622 5620 tradidit.
649 5561 692 5620 lbi
719 5533 965 5621 lantrancus'ali-
1005 5535 1194 5638 rem’recspit.
1347 5530 1354 5546 ⁸
1496 5505 1514 5561 p
1689 5504 1707 5559 p

167 5629 293 5702 quandiu
314 5631 398 5705 dege
424 5649 488 5690 mm
502 5633 611 5709 aliquot
625 5635 779 5706 monachis,
803 5652 836 5692 ac
857 5636 977 5720 celebre·
1078 5663 1091 5671 ¹-
1131 5664 1135 5669 ·
1177 5663 1180 5670 »
