3896 6170
229 315 300 378 1099
741 317 770 373 S.
791 316 987 374 auctuum
1005 315 1158 374 merus
1176 315 1346 374 massua.
1774 311 1832 379 litt

227 443 411 518 apportanda,
426 442 485 514 lpse
507 441 646 498 cucullam
672 441 805 500 decenter
828 441 1124 515 complicatamAlum
1138 445 1233 497 tamen
1243 454 1300 513 quo
1314 439 1409 496 minds
1420 437 1593 496 camimum
1606 435 1704 511 putiau
1719 439 1834 514 qamture

228 535 323 590 secum
342 531 372 588 in
385 529 499 586 brechio
514 535 617 602 portat.
1069 534 1163 601 potest
1180 528 1369 601 competentia
1389 527 1500 584 obtecto
1514 529 1630 584 chortam
1642 525 1782 586 tanausis
1793 545 1835 587 au·

263 621 341 676 luter
355 619 509 674 radendum
525 625 656 676 cantatur
670 620 826 693 psalmodia
854 621 936 676 Veros
956 633 1026 686 mec,
1069 623 1137 684 tem,
1154 619 1250 675 smum
1266 618 1402 674 adfinem
1421 618 1498 673 hores
1512 615 1662 688 eg'rcdituri
1676 615 1703 674 iri
1716 617 1836 675 calebdo

227 707 329 762 deinde
342 705 468 779 psalmus
483 709 603 764 Mallote
615 727 622 772 ;
635 710 658 763 si
670 709 740 764 forte
754 725 788 763 ea
801 709 898 764 dieest
910 725 961 780 pro
975 708 1029 764 cel·
1069 707 1111 762 rio
1121 705 1194 761 infra
1209 705 1324 761 missam
1342 705 1551 776 perradendus3
1566 706 1639 777 quod
1654 711 1740 763 lamen
1760 703 1836 763 unlus

225 795 329 852 lerario
343 796 508 862 ceumndus,
520 795 563 852 vel
576 803 634 854 tres
649 797 751 871 psalmi
766 798 904 852 usualiter
914 813 965 868 pro
974 798 1026 852 tri-
1069 796 1142 850 alius
1156 795 1218 853 sine
1228 793 1343 850 licentia
1357 793 1434 850 facit.
1448 794 1554 850 Verum
1564 795 1588 849 si
1597 800 1640 850 est
1649 801 1750 868 tempus
1759 798 1836 852 etfre-

227 885 369 940 bulutione
383 885 486 957 eliqua,
504 890 533 940 et
544 886 569 940 si
579 903 642 957 quse
657 893 725 942 sunl
737 884 900 958 hujusmodi
911 895 974 958 post
985 901 1029 940 ca·
1068 889 1127 939 tres
1138 889 1201 955 post
1214 888 1320 938 sextam
1347 883 1513 939 deecclesia
1536 881 1683 939 redeuutes
1696 885 1723 938 in
1736 885 1837 942 derue

226 970 346 1047 pitulurn
359 974 745 1045 canendasequiturcursus
764 974 961 1030 canonicorum
978 991 1028 1030 eo·
1068 973 1176 1040 sedent,
1193 973 1236 1027 vel
1252 989 1307 1044 quc
1321 971 1452 1027 sacerdos
1466 973 1615 1044 ceterique
1631 973 1744 1028 ministri
1758 975 1838 1030 altaris

224 1062 288 1118 dem
298 1063 465 1135 ordineque
473 1062 508 1117 ad
519 1079 729 1133 cpusmanuum
738 1063 857 1119 canitur.
870 1061 1027 1133 Insuperiu
1068 1063 1103 1116 ad
1118 1061 1233 1116 missam
1260 1067 1327 1116 sunt
1350 1060 1487 1116 vestiendi
1504 1067 1572 1116 ante
1585 1060 1691 1128 horam,
1710 1061 1774 1117 neu
1786 1063 1837 1117 ori·

224 1151 281 1206 fiue
290 1151 391 1223 psalmi
401 1149 702 1207 familiaresadduntur
714 1151 818 1224 absque
826 1151 972 1222 bis,quiad
983 1169 1027 1207 ve·
1068 1152 1153 1215 tione,
1171 1157 1231 1205 tarn
1255 1150 1307 1217 illi,
1330 1150 1379 1221 qui
1401 1150 1506 1222 fbrcipc
1528 1150 1639 1205 tonderi
1657 1151 1755 1218 volunt,
1770 1145 1838 1222 qussi

224 1239 587 1312 sperospertinent.Quibus
595 1240 680 1296 etiarn
689 1239 902 1311 subjunguntur
912 1240 1023 1311 psalmi,
1067 1241 1220 1295 semirasus
1235 1239 1265 1293 in
1290 1239 1424 1306 claustro,
1448 1239 1517 1304 loco,
1543 1235 1839 1310 quoatpriu's,licedter

224 1329 272 1400 qui
285 1345 303 1382 a
315 1328 464 1399 prostratis
482 1329 574 1383 solent
595 1329 716 1392 recitari,
746 1329 819 1384 sicut
844 1329 873 1382 in
900 1335 1026 1400 ternpore
1066 1327 1120 1382 hoc
1133 1327 1249 1384 famant.
1260 1326 1304 1382 Ad
1314 1326 1462 1382 intervalla
1475 1331 1570 1381 autem
1583 1325 1611 1382 id
1624 1333 1667 1381 est
1676 1332 1735 1398 post
1744 1327 1839 1383 missam

224 1417 483 1487 Quadragesimali:
499 1417 622 1489 exceptis
641 1417 816 1489 uespertinis.
837 1419 872 1472 Et
896 1418 1025 1474 sacerdos
1067 1423 1096 1471 et
1109 1423 1173 1487 post
1183 1430 1348 1489 percussum
1362 1413 1524 1487 cymbalum
1537 1430 1572 1470 ea
1585 1415 1632 1470 dic
1646 1415 1675 1470 ln
1688 1411 1838 1471 calefactorio

222 1503 468 1572 hebdomadarius,
480 1507 529 1576 qui
538 1506 667 1560 collectas
676 1505 777 1562 dicitin
789 1507 882 1562 medio
891 1505 1023 1574 fratrum,
1065 1505 1171 1578 absque
1185 1506 1299 1560 licentia
1314 1516 1378 1559 cum
1391 1503 1496 1576 forcipe
1506 1503 1625 1575 quilibet
1632 1503 1744 1560 tondere
1755 1501 1839 1576 potasti

222 1594 263 1651 ita
278 1593 361 1650 debet
373 1594 480 1659 sedere,
497 1599 529 1649 ut
542 1594 577 1648 ab
587 1594 811 1666 omuibuspossit
822 1594 922 1650 audiri.
936 1595 1024 1650 Etbic
1066 1595 1096 1649 Si
1107 1595 1155 1666 qui
1167 1611 1243 1660 vero,
1261 1593 1308 1665 qui
1322 1593 1377 1648 fuit
1395 1593 1425 1648 in
1450 1592 1582 1660 claustro,
1596 1609 1661 1648 eum
1676 1594 1762 1648 camsi
1777 1587 1840 1647 rede

221 1699 304 1739 cursu
318 1682 408 1750 finito,
422 1688 572 1754 antequam
587 1684 697 1756 reliqua
719 1684 875 1756 psalmodia
897 1683 1022 1749 finiatur,
1065 1689 1173 1751 rentur,
1196 1683 1305 1738 irrasus
1327 1669 1493 1754 permansit,
1519 1682 1562 1736 vel
1586 1682 1623 1737 de
1646 1681 1690 1736 ria
1707 1682 1776 1737 venit
1790 1687 1841 1754 post

220 1773 268 1826 alii
279 1772 416 1843 expedito,
431 1771 518 1826 ricem
532 1771 615 1827 olsrcii
629 1773 673 1827 sui
700 1772 832 1844 injungit,
848 1777 882 1827 ut
907 1777 936 1827 et
963 1766 1053 1845 ipseB
1064 1771 1143 1826 illam
1167 1789 1273 1828 rasurae
1295 1772 1405 1836 horam,
1421 1787 1478 1826 non
1504 1771 1566 1825 sine
1586 1770 1707 1834 beentia,
1725 1785 1772 1837 nec
1788 1777 1841 1825 tuno

218 1861 281 1916 rudi
293 1860 389 1932 possit.
405 1861 485 1916 Unus
499 1861 542 1916 vel
557 1861 612 1916 duo
627 1861 776 1918 circatores
801 1861 930 1926 litterati,
952 1861 1021 1916 dum
1063 1860 1134 1914 alias
1146 1877 1230 1931 quarn
1246 1860 1276 1914 in
1288 1860 1466 1914 calefactorio
1480 1859 1591 1914 raditur
1606 1873 1613 1926 r
1629 1858 1677 1914 ubi
1688 1856 1776 1914 mmsis
1788 1869 1842 1930 quc

218 1949 374 2021 psalmodia
384 1949 503 2015 canitur,
513 1949 695 2016 circumeunt,
706 1950 1022 2005 utfrutresadmoneant
1061 1949 1102 2003 ris
1128 1955 1255 2022 tempore
1278 1947 1443 2004 radentibus
1469 1949 1528 2003 sive
1557 1947 1663 2020 forcipe
1685 1948 1841 2003 unlmcbus

218 2037 254 2091 ed
268 2037 454 2110 psallendum.
464 2037 584 2093 Nonnisi
599 2039 678 2094 fruita
692 2039 856 2110 psalmodia,
871 2045 939 2093 tuuc
954 2043 1019 2092 tsn-
1061 2037 1201 2092 silendum
1214 2045 1266 2094 est.
1284 2039 1352 2092 Post
1366 2053 1474 2092 rasura
1490 2051 1632 2109 quemque
1646 2036 1718 2092 dmm
1730 2045 1840 2107 superis

217 2125 282 2179 dem
298 2124 424 2194 radendi,
442 2125 760 2182 abhocoffrcioccssant.
781 2126 811 2181 Si
831 2127 895 2198 quis
905 2143 956 2197 per
972 2143 1020 2181 eos
1061 2128 1152 2194 niens,
1168 2128 1254 2183 etiam
1273 2127 1340 2183 siin
1359 2127 1507 2182 duodecim
1532 2127 1710 2192 lectionibus,
1722 2126 1789 2198 quod
1797 2135 1841 2180 nod

218 2213 379 2268 admonitus
393 2215 543 2270 emendare
558 2215 695 2286 quidlibet
709 2215 868 2286 neglectum
884 2214 1016 2280 noluerit,
1060 2217 1188 2283 feriatur,
1204 2217 1251 2284 sit,
1268 2223 1333 2288 post
1350 2215 1504 2288 capitulum
1526 2229 1589 2270 cum
1609 2213 1842 2271 ucenmitsmrs'

216 2297 260 2356 rel
274 2302 495 2358 admonitionem
508 2303 634 2374 graviter
643 2303 749 2370 tulerit,
768 2319 833 2358 raro
844 2302 1019 2359 inclamatio-
1059 2305 1125 2361 dit:
1142 2321 1289 2377 nunquam
1314 2311 1410 2362 autem
1432 2305 1460 2359 in
1475 2303 1623 2360 Dominico
1643 2301 1688 2360 dia
1702 2303 1743 2360 rel
1760 2302 1842 2358 inallo

216 2407 282 2446 uem
297 2391 405 2462 effugit.
417 2392 484 2457 Ques
495 2393 655 2447 necessaria
668 2398 736 2448 sunt
744 2409 859 2458 rasura,
872 2392 938 2447 licet
951 2391 1019 2446 alte·
1059 2394 1131 2450 festo
1157 2395 1378 2467 processionum,
1405 2394 1533 2464 quamvis
1569 2393 1663 2449 eidem
1681 2405 1735 2448 nou
1759 2391 1842 2447 debeat

215 2495 279 2534 rum
290 2477 325 2534 ab
333 2480 627 2552 alterosignispctere.
639 2481 911 2548 (un.ucr.)Caeterum
919 2496 1020 2551 usque·
1061 2484 1218 2552 iuteresse;
1237 2483 1284 2538 sed
1310 2483 1341 2537 in
1355 2483 1485 2553 sequenti
1511 2481 1557 2537 dle
1577 2487 1643 2553 post
1667 2479 1841 2537 mitutiualem

215 2567 282 2623 dum
291 2569 448 2640 psalmodia
456 2570 493 2624 sit
502 2575 708 2634 consummata,
718 2570 773 2624 erit
782 2585 924 2624 summum
936 2569 1020 2623 silen-
1059 2573 1185 2639 missam,
1200 2573 1299 2644 spatiis
1320 2570 1556 2643 competentibus.
1579 2571 1616 2626 Et
1636 2565 1738 2644 siquis
1757 2571 1842 2624 nostru

212 2657 296 2723 dum,
313 2657 368 2712 nisi
384 2658 432 2730 qui
446 2657 529 2725 radit,
548 2659 688 2730 imprimis
701 2658 769 2712 dicit
783 2659 944 2721 Benedictis,
959 2663 1018 2712 eta
1059 2661 1284 2733 congregationis
1296 2661 1452 2716 monachus
1466 2665 1547 2715 extra
1570 2659 1700 2724 manens,
1715 2659 1744 2714 iu
1760 2658 1842 2713 cellam

210 2745 337 2801 radendo
359 2748 556 2819 respondetur,
578 2749 723 2804 Dcrru'ner.
740 2747 794 2812 Qui
810 2746 930 2814 raditur,
946 2745 1017 2802 nibil
1059 2753 1154 2808 venire
1169 2752 1215 2807 die
1234 2765 1341 2806 rasurae
1353 2751 1396 2805 rel
1409 2751 1440 2804 in
1455 2747 1641 2823 sequentibus
1655 2745 1750 2804 diebus
1770 2746 1844 2802 tribui

209 2834 347 2906 loquitur,
359 2835 414 2890 nisi
429 2837 539 2892 cuculla
550 2835 675 2890 indutus.
688 2836 769 2890 Prius
795 2852 878 2890 neruo
903 2835 1019 2907 capillos
1060 2841 1209 2914 disposuit,
1221 2840 1307 2896 etiam
1319 2840 1343 2894 si
1357 2839 1402 2894 die
1417 2837 1473 2893 elia
1484 2837 1589 2904 ueniat,
1606 2850 1693 2909 quam
1707 2837 1797 2892 eadem
1810 2834 1847 2888 did

211 2938 275 2979 cum
284 2924 389 2996 forcipe
406 2925 524 2980 tondere
546 2925 698 2995 presumit,
714 2941 799 2995 quem
815 2923 1020 2994 psalmodissit
1060 2947 1116 3002 qua
1139 2928 1446 2996 raditur,rnsurenire
1471 2942 1531 2982 uon
1554 2927 1711 2998 praesumit.
1730 2919 1846 2980 Similiter

211 3013 375 3085 finitazqua
389 3013 469 3069 linita
485 3021 514 3072 et
527 3015 602 3071 dicto
617 3033 632 3070 u
645 3015 737 3085 priore
750 3015 909 3079 benedicite,
926 3011 955 3066 hi
970 3013 1019 3086 qui
1061 3025 1091 3074 st
1113 3019 1239 3074 exiturus
1253 3017 1299 3072 die
1327 3017 1386 3084 illa,
1414 3015 1594 3088 quantumvis
1619 3015 1705 3086 louge
1726 3011 1844 3085 proficisci

210 3118 325 3158 necesse
338 3103 452 3168 habent,
469 3104 569 3172 frocco,
593 3101 772 3177 quantumvis
786 3101 894 3156 fervida
907 3101 945 3156 sit
963 3119 1016 3157 aes-
1028 3081 1049 3142 G
1060 3107 1172 3172 debeat,
1188 3123 1280 3178 neque
1294 3105 1355 3160 radi
1369 3109 1436 3160 anta
1450 3111 1563 3177 tempus
1581 3110 1701 3173 murm,
1716 3117 1800 3174 neque
1813 3101 1844 3154 lr'·

211 3196 266 3258 tes,
281 3207 345 3246 cum
367 3193 477 3247 cuculla
504 3193 635 3248 reinduta
662 3207 748 3264 prope
775 3189 931 3257 cellarium,
959 3206 1015 3245 uon
1059 3213 1143 3252 rasus
1159 3195 1339 3262 debstaxirs,
1358 3192 1414 3249 nisi
1438 3210 1489 3266 pro
1502 3209 1608 3265 magna
1627 3191 1845 3260 necaesitatejus·

212 3280 291 3347 alias‚
304 3278 409 3353 forcipe
424 3281 548 3336 tondent.
567 3281 704 3336 Similiter
727 3284 756 3335 ct
774 3280 822 3352 qui
838 3280 936 3334 volunt
947 3283 1016 3335 tuuc
1056 3302 1114 3352 sus,
1130 3285 1170 3342 sie
1187 3289 1298 3340 utente
1321 3299 1431 3339 coenam
1452 3287 1546 3354 speret
1569 3281 1675 3336 redire.
1690 3282 1748 3337 Nec
1765 3291 1846 3352 quem·

211 3369 325 3424 tandem
340 3369 369 3424 in
379 3369 469 3425 frocco
482 3371 543 3424 sine
558 3370 667 3426 cuculla
676 3375 761 3441 caput
775 3369 878 3436 lavant,
894 3369 918 3424 si
931 3385 963 3422 ex
973 3375 1016 3423 to-
1055 3373 1298 3447 quamsorumvel
1307 3373 1439 3436 aliorum,
1455 3372 1605 3443 seriusque
1618 3370 1713 3443 ipsum
1728 3369 1843 3441 priorum

210 3463 241 3512 to
258 3457 417 3512 suntresi:
434 3457 598 3525 sinautem,
620 3473 675 3512 non
688 3457 828 3522 lavantur,
846 3457 1014 3528 priusquam
1056 3463 1111 3518 nisi
1129 3462 1249 3518 novitios
1272 3479 1306 3517 ex
1323 3461 1489 3517 obedientie
1512 3475 1571 3515 suas
1588 3461 1657 3530 J'ure
1677 3457 1752 3514 radit
1767 3451 1846 3512 unios

211 3545 358 3600 radantur.
375 3546 473 3600 Crateri
485 3547 540 3600 rasi
554 3547 595 3601 sic
608 3545 716 3612 sedent,
728 3550 761 3600 ut
773 3545 848 3600 iuter
860 3561 907 3600 eos
919 3547 1015 3600 nullus
1056 3551 1244 3618 rasoriorum
1266 3551 1315 3605 sed
1330 3565 1392 3621 quse
1402 3550 1431 3604 iu
1442 3553 1571 3604 suasunt
1584 3546 1716 3605 custodia
1730 3540 1845 3601 radendis

211 3631 303 3700 radat,
318 3650 370 3688 uec
382 3633 443 3689 sine
458 3633 544 3689 libris.
560 3636 594 3689 Et
604 3636 656 3689 hoc
666 3633 809 3689 sciendum
821 3634 894 3704 quod
903 3633 1016 3704 juvenis
1056 3641 1200 3696 ministrat
1221 3640 1389 3694 necessaria.
1406 3637 1537 3694 Scutellae
1556 3653 1624 3692 vero
1643 3652 1696 3708 per
1714 3635 1845 3703 eleemosy-

212 3722 357 3779 oustodem
376 3739 457 3778 suuni
474 3723 553 3796 prius
564 3739 620 3779 uon
631 3723 714 3790 radit,
731 3739 816 3794 quam
830 3723 890 3794 ipse
905 3722 1020 3776 radetur
1060 3728 1171 3784 narium
1185 3727 1464 3799 ministrataejugiter
1474 3718 1846 3792 eruntincalefacmrio‚quei

212 3807 248 3864 ab
261 3825 305 3876 eo,
317 3813 415 3881 postea
427 3815 456 3865 et
470 3809 556 3866 alium
566 3810 731 3882 quemlibet,
747 3826 804 3866 uon
826 3815 922 3864 tamen
941 3809 1020 3880 iure·
1060 3818 1104 3874 his
1117 3817 1291 3885 necessaria,
1301 3817 1325 3872 si
1336 3815 1386 3890 qui
1399 3815 1483 3870 imai
1492 3813 1709 3886 superveniunt.

211 3912 277 3954 nem
293 3913 357 3954 cum
372 3898 486 3955 licentia
500 3899 624 3954 custodis
658 3899 757 3954 rudere
782 3903 884 3968 potest,
908 3903 938 3952 et
958 3898 1019 3970 ipse
1362 3903 1480 3960 CAPUT
1499 3903 1556 3958 XL.

212 3987 340 4060 quamvis
360 4005 504 4061 uunquam
525 4005 588 4042 cum
614 3988 702 4043 linteo
730 3986 881 4052 radendus,
898 3987 1016 4042 licenter
1182 3997 1246 4064 0102
1258 3997 1316 4050 sint
1330 3997 1400 4048 vias
1418 3993 1538 4048 radendi·
1550 4007 1602 4061 per
1618 4005 1740 4047 annum.

213 4081 308 4133 tamen
323 4094 356 4132 eo
371 4079 462 4133 utitur
475 4077 579 4150 forcipe
594 4077 762 4132 tondendus.
777 4075 891 4132 Ceteris
918 4081 1013 4131 summ
1091 4085 1149 4153 (unt
1169 4083 1251 4140 Visos
1274 4087 1371 4138 autem
1385 4079 1503 4138 mdsndi
1521 4080 1565 4135 ha
1584 4085 1655 4136 sunt
1673 4091 1725 4152 per
1744 4075 1845 4134 mium
1911 4093 1912 4098 ¹

208 4165 369 4237 junioribus
386 4168 519 4223 etiamad
534 4165 689 4222 radendum
705 4165 868 4220 conceditur·
881 4165 1010 4232 linteum,
1054 4173 1150 4230 Primo
1170 4178 1237 4229 ants
1251 4171 1376 4244 vigiliam
1386 4169 1509 4238 Domini,
1519 4168 1595 4224 inter
1606 4185 1696 4243 quam
1710 4173 1740 4223 et
1751 4170 1846 4237 septus

210 4253 234 4310 si
243 4255 317 4326 quod
329 4255 499 4338 superfuerit
508 4254 674 4310 senioribus
683 4253 810 4320 Rescria,
823 4268 885 4325 quae
893 4253 1013 4324 quisque
1054 4263 1190 4334 gesimam
1205 4261 1273 4334 quia
1297 4277 1356 4316 non
1378 4273 1490 4330 semper
1513 4257 1576 4330 par-i
1589 4258 1676 4314 modo
1698 4253 1847 4328 septimane

209 4343 246 4399 ad
259 4344 391 4400 ultimum
410 4343 549 4412 habuerit,
571 4344 675 4400 siccate
688 4343 722 4398 ad
740 4341 875 4397 scrinium
888 4346 1015 4413 reportet
1054 4356 1222 4422 contingunt
1235 4365 1327 4421 neque
1342 4349 1437 4422 plures
1451 4360 1545 4420 nsque
1567 4346 1728 4419 pensione,
1743 4341 1780 4399 ibi
1791 4339 1846 4397 riui

209 4437 273 4502 post
286 4431 386 4488 horam
401 4433 558 4506 proximam
573 4450 590 4487 o
604 4433 691 4486 fratre
705 4430 877 4487 rasoriorum
898 4430 1014 4484 custode
1023 4432 1099 4495 Dius
1108 4437 1370 4496 terminusomnino
1381 4437 1582 4509 estprmfixus3
1598 4435 1650 4491 sed
1660 4435 1739 4507 prior
1749 4433 1846 4488 mlum
1910 4459 1911 4463 =

208 4519 239 4573 in
252 4520 313 4576 loco
327 4529 461 4576 consueto
480 4521 676 4592 recolligenda,
691 4519 744 4574 nisi
767 4536 828 4590 quse
857 4517 929 4574 forte
957 4518 1015 4573 fra-
1055 4523 1738 4601 oonsidemtquomodocompetentiusse'cundum
1748 4521 1847 4590 itmpus

209 4606 303 4663 tribus
316 4609 503 4680 perradendis
517 4611 547 4664 in
571 4609 759 4674 calefactorio,
772 4607 821 4663 ubi
836 4613 865 4662 et
878 4607 967 4664 lintea
979 4605 1015 4662 ab
1055 4635 1154 4674 rasura
1168 4617 1230 4673 fieri
1250 4615 1351 4670 valeat.
1366 4617 1378 4640 '
1392 4615 1531 4670 Veniente
1550 4629 1617 4668 raro
1644 4609 1846 4684 septuagesima

210 4693 309 4751 eodem
324 4698 359 4752 ad
370 4697 531 4754 siccandum
547 4705 614 4754 sunt
624 4713 772 4770 suspensa,
785 4712 849 4752 cum
862 4695 1014 4768 forcipibus
1055 4707 1091 4763 ds
1105 4706 1163 4762 vics
1174 4705 1210 4761 ad
1224 4705 1313 4761 vicem
1325 4709 1384 4760 tres
1407 4701 1572 4775 septimane
1585 4715 1701 4772 semper
1717 4695 1847 4755 intermit-

209 4783 423 4857 reliuquantur.
1054 4801 1163 4862 tantur,
1179 4793 1318 4866 usquead
1341 4792 1456 4864 pascus.
1478 4779 1553 4846 Ante
1566 4788 1673 4862 pascha
1690 4788 1723 4844 im
1743 4783 1847 4844 sabbato
1909 4799 1910 4812 ³

247 4883 305 4940 Nec
319 4886 372 4940 hoc
384 4885 524 4940 silendum
537 4891 589 4952 est,
604 4883 702 4957 siquis
717 4884 900 4950 rede1·s‚curu
914 4884 1011 4954 possit,
1054 4890 1161 4951 sancto,
1176 4881 1343 4954 sedeboque
1356 4895 1443 4937 cursu
1453 4879 1664 4935 mnouicmmm.

206 5000 265 5042 non
278 4981 338 5035 vult
352 4978 468 5046 discere,
480 4985 562 5050 potus
575 4978 666 5049 portio
680 4977 706 5033 ei
717 4995 775 5033 uon
789 4978 873 5034 datur
898 4977 928 5030 in
950 4977 1014 5048 ipsa
1088 4973 1133 5029 Ad
1149 4972 1263 5030 initium
1275 4969 1392 5026 radendi
1402 4969 1492 5025 semei
1504 4985 1522 5023 a
1540 4967 1635 5040 prium
1648 4961 1846 5056 tabbluplitcll*

204 5073 251 5130 die
276 5084 390 5125 resurae.
417 5067 445 5122 Si
472 5066 508 5121 ud
526 5067 651 5138 aliquam
674 5067 774 5121 horam
798 5065 938 5144 pulsatur,
962 5065 1011 5138 qui
1052 5063 1133 5131 titur,
1161 5067 1191 5117 et
1216 5065 1315 5132 postea
1336 5057 1481 5115 silendum
1509 5059 1646 5122 anatur,
1672 5056 1764 5126 utique
1786 5049 1847 5144 dum

203 5159 324 5216 necdum
345 5157 444 5212 rudere
458 5156 669 5220 inchoaverunt,
690 5155 719 5209 in
740 5155 858 5210 eborum
882 5153 1009 5222 veniunt,
1051 5151 1224 5223 juxtaliuem
1236 5139 1844 5218 rasurae,(uo.)apriorelimediciteidieatur·

204 5247 299 5304 sadud
314 5263 409 5318 pacem
425 5261 481 5299 nou
497 5243 661 5316 procedunt.
674 5245 762 5298 Porro
776 5242 929 5296 semirasus
944 5241 1007 5313 qui·
1047 5240 1150 5297 Postea
1164 5238 1268 5311 pascha
1285 5237 1323 5292 ad
1349 5235 1429 5291 illam
1452 5233 1647 5292 Dominicem:
1663 5227 1846 5324 diiudicandis

204 5340 244 5394 ris
255 5338 377 5393 froccum
393 5331 720 5390 induitetadccclesiem
732 5331 833 5402 pergit,
845 5335 1007 5385 nontamen
1048 5329 1170 5387 Domini.
1186 5327 1259 5382 Ante
1286 5324 1448 5396 rogationes
1466 5323 1495 5378 in
1518 5323 1570 5379 illa
1589 5319 1661 5376 feria
1685 5319 1805 5392 quintu
1824 5327 1845 5365 η

202 5426 362 5498 ingreditur
376 5425 503 5488 eliorum,
520 5421 569 5476 sed
584 5425 640 5474 slat
654 5421 682 5474 in
693 5425 800 5474 secreto
818 5419 913 5490 aliquo
927 5435 1006 5473 seor·
1047 5423 1144 5475 tamen
1163 5415 1241 5472 nulle
1267 5413 1420 5470 festivitate
1441 5411 1646 5469 interveniente
1670 5405 1843 5480 praepediere,
1907 5445 1908 5456 ,

203 5529 265 5567 sum
281 5531 287 5566 :
304 5520 332 5567 ot
347 5513 418 5566 hora
434 5510 522 5574 linita,
538 5509 562 5563 si
584 5513 750 5577 accepturus
768 5511 811 5560 est
834 5505 1005 5561 benedictio·
1046 5509 1120 5564 Aute
1134 5509 1325 5580 pentecostem
1348 5503 1420 5558 feria
1437 5501 1546 5576 quintu.
1572 5499 1615 5556 Da
1633 5511 1695 5571 qua
1712 5495 1768 5560 dis,
1783 5489 1844 5564 quir

202 5619 278 5671 nem,
293 5605 384 5676 capite
394 5603 509 5676 quidem
523 5617 579 5658 uon
593 5603 736 5672 cooperto,
753 5599 803 5661 scd
813 5598 889 5658 infra
910 5597 1004 5678 capel-
1045 5595 1350 5655 mansueriscam
1360 5591 1530 5676 septim
1541 5579 1843 5666 mqueadffimsi.
