3882 6172
92 263 141 319 tii
702 258 915 315 CHRONlOON
934 255 1128 315 BEOCENSF..
1679 259 1732 318 678

91 390 181 450 Luna,
208 387 285 442 dicto
304 385 464 450 benedicto,
486 401 546 456 quaa
565 384 619 438 sibi
634 389 717 438 antea
747 383 890 438 subtracta
898 383 966 444 Aad
983 383 1099 438 fluvium
1112 381 1197 448 Rislc,
1213 387 1326 455 excepto
1340 387 1434 438 monte
1451 383 1546 438 Sancti
1567 385 1724 448 Michaelis.

91 479 192 544 fuerat,
221 477 369 532 occasione
392 474 551 531 schismatis
579 473 652 544 quod
682 479 749 528 tunc
777 477 838 526 erat
863 473 892 528 in
934 473 1064 539 Etetiam
1078 471 1199 526 obtinuit
1222 471 1445 527 Cenomanorum
1469 475 1644 543 comitatum,
1664 493 1729 532 curn

91 565 227 632 Ecclesia,
244 565 361 637 quidam
373 563 529 620 Ludovicus
539 562 629 618 dictus
644 561 679 616 de
689 561 892 627 chantemelle,
934 563 1073 635 adjacenti
1088 563 1214 634 regione.

90 655 176 712 abbas
188 654 374 720 deTroarno,
395 651 563 725 procurabat
583 651 658 722 apud
679 650 826 722 prefatum
847 666 895 721 pa·
970 653 1005 707 Et
1017 653 1067 707 illo
1081 658 1208 726 tempore
1223 669 1320 708 omnes
1343 653 1399 708 fere
1422 654 1581 710 habitantes
1604 661 1632 710 et
1651 674 1729 713 com·

90 761 152 816 pam
169 743 285 798 institui
297 743 326 798 in
338 741 472 814 praedicto
484 740 655 796 monasterio
670 738 811 806 Beccensi,
828 739 894 811 quia
934 747 1077 796 morantes
1092 741 1165 796 circa
1179 741 1308 808 Beccum,
1320 747 1378 796 tam
1393 741 1500 798 nobiles
1522 760 1606 814 quam
1619 743 1726 814 incolae,

90 831 175 886 abbas
186 831 338 886 Beccensis
353 832 478 887 nondum
494 829 610 885 miserat
621 829 657 884 ad
668 828 894 894 curiemmecva·
933 834 1111 886 retraxerunt
1125 847 1155 886 se
1176 847 1239 886 cum
1263 830 1342 886 bonis
1365 831 1424 886 suis
1446 831 1475 884 in
1497 831 1637 888 fortericia
1661 835 1729 890 dicti

90 927 200 976 cantem
217 921 350 986 solverat,
364 919 509 975 occasione
519 916 889 990 praedictoesubstractionis;
932 919 1105 986 monasterii,
1119 919 1147 973 in
1157 921 1238 974 tanta
1247 919 1404 990 quantitate
1414 920 1488 990 quod
1497 921 1729 992 oportuitdictam

89 1010 191 1066 idcirco
212 1009 335 1081 arripuit
348 1009 403 1064 iter
418 1009 453 1064 ad
464 1008 627 1075 Massiliam,
643 1007 691 1062 ubi
703 1011 771 1062 tunc
784 1011 892 1078 tempo·
930 1005 1100 1062 fortericiam
1114 1007 1245 1078 gentibus
1260 1013 1288 1062 et
1300 1007 1476 1074 victualibus,
1498 1010 1625 1082 expensis
1640 1012 1728 1067 eccle·

91 1099 127 1153 ris
141 1098 297 1171 praedictus
316 1097 484 1153 Benedictus
497 1095 625 1168 degebat,
646 1093 703 1167 qui,
725 1111 758 1148 eo
780 1093 838 1148 viso
863 1097 892 1147 et
931 1095 989 1162 siae,
1011 1095 1130 1150 munire.
1152 1095 1285 1168 Oportuit
1304 1095 1391 1150 etiam
1420 1096 1536 1152 coneilio
1569 1099 1728 1172 aliquorum

91 1189 167 1260 gravi
197 1190 262 1260 eJ'us
277 1187 436 1242 constantia
451 1186 625 1242 considerata
636 1189 665 1237 et
679 1182 814 1238 electione
832 1183 892 1253 ejus
932 1183 1077 1239 destruere
1090 1189 1117 1238 et
1131 1184 1260 1239 demoliri
1270 1186 1366 1240 omnia
1377 1185 1569 1242 aedifrciad'rcti
1586 1195 1727 1245 monaste-

91 1277 212 1344 visitem,
230 1277 293 1350 ipse
314 1293 375 1331 eam
401 1275 585 1342 confirmavit,
609 1279 637 1328 et
658 1271 771 1327 licentia
789 1287 805 1326 a
826 1272 891 1326 sede
933 1271 977 1335 rii,
994 1277 1072 1328 extra
1095 1273 1254 1328 clausuram
1273 1274 1420 1329 fortericiae
1443 1275 1600 1342 existentia,
1623 1279 1729 1332 scilicet

91 1368 245 1440 apostolica
273 1371 388 1438 accepta
415 1366 450 1420 ad
478 1363 679 1420 monasterium
701 1363 805 1430 rediit,
830 1378 892 1434 qua
933 1361 1027 1416 auiam
1041 1361 1143 1416 dictam
1158 1361 1374 1430 laMalmaison,
1388 1361 1485 1418 domos
1498 1364 1730 1438 anteelecmosy·

91 1455 284 1512 controversia
311 1454 392 1510 valde
420 1453 546 1527 gravavit
572 1452 734 1519 Ecclesiam,
757 1457 816 1506 taur
841 1465 892 1522 pro
933 1465 1009 1514 narn,
1028 1449 1143 1504 domum
1159 1449 1312 1515 labrorum,
1324 1450 1421 1505 domos
1435 1451 1730 1526 hospitum,capellam

91 1545 217 1615 expensis
232 1559 321 1615 quam
336 1558 387 1616 pro
401 1547 515 1597 vacante
529 1538 670 1595 solvenda.
933 1538 1028 1594 Sancti
1040 1537 1178 1603 Herluini,
1190 1555 1255 1593 cum
1261 1538 1323 1593 aliis
1335 1539 1431 1594 multis
1441 1539 1731 1600 domibusetolfrcinis

123 1633 197 1687 Nota
212 1631 290 1704 quod
305 1646 381 1686 anno
392 1629 504 1685 Domini
515 1627 664 1683 millesimo
677 1627 893 1699 quadringente·
932 1625 1006 1681 circa
1020 1627 1222 1698 adjacentibus.
1234 1627 1367 1698 Oportuit
1376 1629 1565 1684 etiamtaxare
1575 1628 1689 1686 bladum
1699 1633 1730 1688 in

91 1721 157 1776 simo
173 1722 288 1794 quinto,
303 1724 440 1792 regnante
452 1719 551 1774 Oarolo
570 1731 637 1788 rege
657 1717 838 1781 Francorum,
859 1717 889 1771 in
899 1701 1077 1770 Brefectorio
1094 1723 1121 1770 et
1134 1715 1229 1770 fenum
1244 1715 1273 1770 in
1287 1716 1419 1788 capitulo,
1436 1715 1466 1771 in
1476 1718 1600 1772 maxima
1609 1719 1729 1774 tribula-

93 1827 162 1866 anno
176 1810 261 1880 regni
275 1809 321 1864 sui
344 1808 476 1880 vigesimo
495 1813 605 1879 quarto,
630 1805 683 1862 fuit
700 1805 809 1860 reddita
823 1804 890 1859 obe·
931 1803 1282 1860 tioneetdoloreommium
1295 1805 1522 1862 domesticorum.
1534 1807 1569 1862 Et
1578 1814 1729 1879 posttanta

93 1901 194 1955 dientm
207 1901 325 1954 domino
339 1915 427 1970 papae,
445 1915 495 1969 per
508 1913 593 1969 quam
608 1894 891 1950 anteaerantbenefi·
931 1893 1109 1948 incommoda
1121 1893 1271 1965 pradictus
1285 1893 1454 1950 reverendus
1465 1895 1551 1950 Pater
1560 1896 1728 1953 Guillelmus

93 1988 131 2042 cia
143 1989 173 2042 in
186 1987 377 2059 dispositione
391 1986 596 2041 ordinariorum
613 1983 792 2050 conferenda,
801 1989 829 2038 et
844 1999 890 2038 or·
931 1981 1027 2050 abbas,
1049 1983 1211 2053 hujusmodi
1233 1983 1418 2038 incommodis
1445 1985 1546 2039 anxius
1575 1991 1603 2040 et
1628 1986 1727 2055 tristis,

93 2075 152 2130 dine
168 2077 244 2147 juris
268 2075 420 2131 electiones
443 2072 670 2141 celebrabantur;
691 2076 803 2142 etpost
823 2071 890 2126 obe·
930 2071 1075 2142 agrotavit
1087 2072 1145 2128 fere
1159 2089 1209 2143 per
1228 2079 1349 2142 quatuor
1362 2088 1481 2128 menses.
1493 2073 1555 2138 Qua
1563 2075 1729 2132 infirmitate

93 2164 223 2220 denham
232 2164 375 2220 redditam
385 2164 413 2219 in
424 2180 510 2219 manu
518 2179 606 2235 papa,
618 2162 707 2217 voluit
715 2177 788 2232 papa
796 2161 891 2217 levare
931 2160 1151 2232 ingravescente,
1179 2161 1300 2216 decessit
1328 2161 1413 2215 tertia
1437 2161 1483 2216 die
1509 2163 1636 2218 ianuarii
1662 2164 1730 2220 anni

93 2253 248 2309 vacantiam
264 2252 463 2308 beneficiorum
478 2257 536 2306 tam
547 2251 720 2323 regularium
735 2265 819 2321 quam
837 2267 891 2305 sa·
931 2249 1056 2321 predicti
1069 2248 1486 2322 millesimiquadringentesimi
1495 2251 1596 2306 decimi
1604 2253 1728 2325 septimi,

93 2344 237 2408 salarium,
250 2359 313 2414 quar
336 2346 503 2396 vacaverant
528 2345 595 2395 ante
621 2338 810 2395 redditionem
827 2339 892 2394 obe-
931 2339 1057 2410 sepultus
1070 2338 1102 2394 in
1116 2338 1208 2393 medio
1222 2339 1300 2394 chori
1315 2344 1381 2394 ante
1397 2339 1565 2411 pedaneum,
1586 2339 1633 2396 ubi
1657 2341 1730 2398 solet

92 2431 210 2487 denda.
228 2431 311 2496 Quod
321 2445 379 2486 non
395 2429 486 2502 potuit
500 2428 637 2494 obtinere,
657 2445 724 2498 rege
749 2427 891 2483 contradi·
931 2427 1020 2498 accipi
1034 2426 1199 2482 benedictio.
1218 2427 1305 2498 Cujus
1319 2427 1582 2501 animarequiescat
1595 2429 1625 2484 in
1643 2447 1726 2502 pace.

92 2532 177 2576 cante.
186 2519 385 2576 Ftdcclaravit
397 2517 582 2574 intentionem
594 2533 686 2582 suam,
699 2522 728 2572 et
738 2517 891 2588 predicare
943 2589 948 2594 Ι
967 2516 1041 2570 Nota
1055 2516 1130 2588 quod
1145 2517 1181 2571 ad
1195 2516 1365 2572 fortericiam
1385 2517 1465 2572 Becci
1491 2517 1654 2587 faciendam,
1677 2519 1729 2575 ho-

90 2609 190 2664 fesitin
204 2608 326 2664 ecclesia
338 2612 440 2662 nostra
455 2607 582 2662 Domina
597 2605 737 2673 Parisius;
751 2605 890 2677 quodnon
931 2603 1022 2658 mines
1032 2606 1160 2659 tenentes
1175 2603 1209 2659 de
1224 2603 1340 2660 ecclesia
1354 2605 1443 2671 Becci,
1457 2607 1595 2678 compulsi
1614 2613 1679 2664 sunt
1694 2608 1729 2664 ad

92 2697 180 2768 potuit
193 2697 334 2764 obtinere,
349 2712 415 2767 rege
431 2694 647 2750 contradicente.
930 2693 1164 2773 contribuendum
1183 2709 1233 2766 pro
1248 2694 1447 2770 qnalibetacra
1461 2700 1649 2767 serraquae
1665 2698 1730 2754 inda

123 2791 205 2842 Anno
214 2785 486 2842 Dominimillesimo
496 2783 772 2856 quadringentesimo
781 2783 891 2838 decimo
931 2781 1074 2848 tenebant,
1085 2782 1192 2854 solvere
1200 2782 1348 2837 dimidium
1357 2783 1493 2839 florenum
1502 2785 1574 2840 auri.
1584 2785 1618 2840 Et
1627 2787 1729 2841 iterum

93 2875 197 2946 quinto,
215 2891 313 2930 mense
325 2873 457 2945 Augusti,
474 2873 502 2928 in
518 2873 614 2944 vigilia
627 2872 716 2927 sancti
730 2871 885 2942 Laurentii,
932 2887 1093 2926 concessum
1109 2871 1189 2926 nobis
1204 2878 1247 2926 est
1260 2872 1355 2928 educe
1366 2871 1589 2944 Northmanniae,
1596 2880 1628 2929 ut
1637 2876 1731 2930 levare

93 2980 162 3018 auno
182 2963 333 3033 regiminis
355 2961 480 3034 predicti
503 2961 650 3017 Guillermi
669 2961 778 3016 decimo
801 2965 889 3028 sexto,
932 2976 1077 3032 possemus
1101 2977 1151 3032 per
1174 2961 1289 3015 modum
1322 2959 1449 3030 subsidii,
1475 2961 1510 3017 ab
1535 2980 1591 3018 uno
1618 2981 1730 3038 quoque

95 3053 231 3108 heuneus
245 3069 294 3107 rex
316 3051 471 3122 Anglorum
490 3051 606 3122 quintus
620 3050 756 3122 applicuit
767 3049 797 3105 in
818 3049 891 3106 Nor-
902 3017 1079 3105 Chominum
1089 3055 1260 3118 nostrorum,
1275 3066 1326 3123 pro
1336 3050 1462 3121 quolibet
1472 3054 1729 3120 mense,duodccim

93 3141 351 3208 thmanniam,cum
362 3155 463 3211 magno
473 3139 606 3206 exercitu,
618 3144 646 3194 et
655 3138 769 3194 navium
779 3139 892 3211 copiosa
932 3137 1071 3204 denarios,
1086 3155 1137 3210 pro
1160 3138 1246 3194 simili
1265 3155 1351 3194 causa
1368 3139 1524 3208 fortericia,
1550 3147 1582 3196 ut
1600 3148 1677 3215 patet
1699 3145 1729 3199 in

95 3229 287 3298 multitudine,
303 3234 333 3284 et
346 3227 464 3294 obsedit,
479 3245 511 3283 ar
524 3228 553 3282 in
566 3226 641 3292 brevi
656 3227 778 3283 obtinuit
798 3228 891 3282 villam
931 3227 1086 3300 repertorio
1105 3243 1185 3294 novo,
1202 3228 1230 3282 in
1242 3229 1324 3284 titulo
1339 3229 1556 3286 fortificationis.

95 3317 126 3372 de
140 3320 287 3374 Haretloto
302 3317 396 3390 [vulgo
410 3317 562 3388 Hordeum,
577 3321 674 3372 eteam
685 3317 892 3387 munivitgente
967 3317 1040 3372 Nota
1055 3317 1130 3388 quod
1150 3318 1271 3373 ioannes
1285 3317 1319 3372 de
1344 3317 1505 3392 chambray
1520 3319 1586 3377 fecit
1602 3322 1731 3378 tumbam

95 3424 151 3474 sua,
167 3406 304 3480 expulsis,
326 3405 441 3460 civibus.
466 3406 566 3460 Postea
585 3406 705 3477 arripuit
724 3406 778 3460 iter
794 3423 892 3461 versus
932 3405 1039 3460 domini
1054 3405 1196 3460 Guillelmi
1210 3405 1327 3474 abbatis,
1340 3408 1469 3464 etsoluta
1490 3415 1551 3476 w
1570 3415 1637 3466 sunt
1659 3427 1729 3482 qua-

97 3497 243 3563 Calcsium,
261 3512 313 3567 per
321 3511 426 3566 pagum
435 3494 620 3559 Caletensem,
633 3499 661 3550 ct
670 3494 891 3565 percomitatum
933 3494 1063 3566 draginta
1078 3503 1166 3564 scuta,
1182 3501 1214 3550 ut
1225 3502 1301 3568 patet
1314 3496 1344 3551 in
1359 3497 1529 3552 chartulario
1545 3516 1595 3571 per·
1605 3500 1730 3572 quittan-

96 3585 127 3640 de
138 3585 310 3652 pontumal,
327 3590 432 3638 etcum
448 3583 607 3638 venissetin
622 3599 725 3655 pagum
735 3584 893 3640 Tarvanen·
934 3583 1016 3652 ciam,
1031 3585 1060 3638 in
1075 3569 1191 3640 fardello
1206 3584 1316 3656 signato
1331 3602 1390 3657 per.
1409 3626 1425 3640 ..
1441 3593 1469 3641 et
1491 3593 1559 3643 nota
1573 3589 1648 3660 quod
1670 3591 1730 3662 ipse

97 3691 160 3740 sem,
184 3676 215 3728 in
242 3673 337 3728 locum
356 3672 405 3744 qui
425 3671 528 3728 dicitur
547 3672 683 3744 Agincort
706 3671 887 3742 (Arincourt),
932 3671 1733 3744 tenebaturcameraeapostolicaeinmilleflorenis-annua·
1832 3663 1834 3670 ¹

97 3763 191 3818 babuit
204 3761 336 3834 praelium
363 3777 428 3816 cum
448 3760 572 3816 exercitu
594 3761 768 3816 Francorum
793 3761 822 3815 in
847 3759 892 3816 die
932 3763 994 3830 tim,
1009 3767 1040 3818 ut
1048 3769 1126 3833 patet
1136 3780 1187 3834 per
1199 3764 1376 3835 quittancias,
1386 3763 1416 3820 in
1426 3766 1729 3839 arcaquittanciarum.

96 3857 254 3908 sanctarum
270 3850 392 3921 Crispini
412 3855 441 3904 et
460 3850 638 3922 crispiniani.
663 3851 696 3906 ln
716 3866 771 3922 quo
796 3850 891 3922 prelio
1242 3865 1427 3918 arrrnrrrrurr.

96 3939 146 3994 fuit
163 3957 270 4011 magna
290 3939 379 3994 caedes
403 3939 585 4006 Francorum,
612 3943 641 3994 et
665 3939 705 3994 ibi
725 3944 894 3995 corruerunt
1003 3941 1055 3996 Hic
1063 3943 1135 4010 jacet
1143 3945 1298 4010 coemptum
1312 3943 1453 4010 bonitatis,
1468 3947 1565 4011 repnte
1589 3961 1711 4016 cnorum,

97 4029 184 4097 multi,
201 4035 262 4084 tam
275 4029 359 4083 duces
374 4044 458 4099 quam
469 4028 584 4082 comites
599 4033 628 4083 et
641 4026 771 4094 barones,
784 4044 894 4084 necnon
1004 4031 1123 4084 lustitia
1132 4033 1277 4098 temptum,
1290 4029 1354 4097 fidei
1364 4046 1419 4094 aas,
1439 4034 1491 4086 luc
1505 4034 1714 4106 monachorum,

97 4124 124 4172 et
136 4119 219 4174 multi
247 4116 366 4183 nobiles,
383 4123 525 4172 eteorum
535 4116 618 4172 multi
628 4117 713 4188 capti.
730 4121 760 4172 et
773 4117 849 4172 ducti
863 4117 893 4172 in
1007 4117 1186 4183 Guttterrnus,
1203 4118 1293 4184 scater
1306 4118 1446 4186 quondum
1456 4121 1488 4173 de
1510 4119 1578 4174 Vette
1595 4128 1715 4190 vocatus,

98 4207 224 4278 hugliam
253 4205 372 4261 vinculis
396 4205 548 4278 mancipati
574 4206 697 4273 fuerunt,
727 4210 756 4260 et
774 4205 823 4260 alii
860 4206 898 4269 de,
1006 4207 1175 4276 Ounobiipue
1187 4207 1269 4260 Pater
1282 4207 1428 4274 beccensis,
1439 4210 1548 4276 criptae
1563 4215 1647 4264 nutus

100 4297 215 4352 exercitu
231 4295 409 4350 Francorum
432 4295 573 4366 fugerunt.
596 4295 780 4350 Postmodum
791 4293 925 4368 praedi·1)
1004 4295 1045 4350 Fe
1062 4295 1267 4360 munitoribus,
1283 4297 1399 4350 diocesis
1416 4297 1594 4352 Leaooicnsr's.

97 4389 158 4440 ctus
170 4401 215 4442 rex
227 4383 423 4440 transfretavit
433 4384 464 4438 in
478 4384 619 4456 hugliam,
637 4399 701 4440 cum
720 4383 816 4456 prada
832 4399 894 4439 ma·
1004 4384 1246 4453 Abbcsvipesr'mus
1255 4388 1366 4450 sectus,·
1380 4398 1461 4454 quem
1474 4385 1573 4456 flebitis
1589 4389 1660 4442 ensis

98 4473 169 4529 xima
185 4479 303 4546 accepta
313 4471 463 4555 intpraelio.
1005 4474 1123 4528 Funeris
1136 4473 1382 4541 extenderimus
1396 4476 1497 4544 filaque
1511 4479 1591 4532 rosit.

129 4565 165 4620 Et
177 4570 307 4637 tempore
321 4562 450 4632 durante,
468 4559 671 4618 monasterium
685 4562 822 4618 Beocense
832 4577 894 4618 ma·
1005 4563 1080 4618 Nam
1096 4564 1179 4617 nicus
1192 4561 1308 4628 Christo,
1326 4563 1431 4618 mundo
1442 4565 1575 4632 migravit
1590 4567 1625 4622 ab
1637 4568 1704 4637 fsto,

94 4668 179 4724 gnam
191 4669 311 4727 passum
325 4657 369 4708 est
380 4651 502 4720 ruinam,
516 4655 631 4724 totaque
641 4651 718 4724 ragio
737 4667 754 4706 a
767 4651 891 4720 Francis,
1004 4650 1087 4708 Anno
1097 4653 1211 4707 milleno
1225 4656 1336 4706 centum
1350 4656 1457 4722 quater,
1474 4655 1595 4724 addeque
1609 4657 1679 4714 deno

96 4743 142 4816 qui
154 4743 295 4800 insultum
321 4739 461 4798 faciebant
485 4746 583 4797 contra
605 4758 702 4813 regem
727 4741 892 4818 bogiorum,
1004 4739 1120 4812 Septem,
1135 4745 1201 4795 tunc
1215 4742 1429 4810 ternojcmjom
1444 4741 1549 4796 lucente
1560 4745 1685 4800 lucerna.

96 4832 276 4903 oportuitque
291 4830 478 4885 munitionem
488 4829 592 4885 habere
609 4830 639 4885 in
652 4829 794 4886 fortericia
806 4830 894 4903 ipsius
1010 4831 1085 4886 Vicat
1098 4835 1258 4886 sanctorum
1268 4844 1377 4886 comors
1389 4845 1471 4900 super
1492 4835 1569 4886 astro
1590 4837 1730 4903 polorum.

96 4919 260 4977 monasterii
274 4919 405 4991 expensis
418 4919 551 4987 ccclesiae,
567 4923 683 4992 propter
704 4919 847 4975 cursiones
866 4924 896 4974 et
1040 4920 1141 4974 Amen.

96 5009 254 5066 invasiones
264 5009 432 5082 anglorum,
446 5009 476 5064 in
488 5011 622 5065 damnum
636 5013 665 5066 et
675 5009 895 5066 destructionem
969 5009 1051 5064 Anno
1064 5007 1177 5064 Domini
1184 5005 1332 5064 millesimo
1339 5007 1617 5081 quadringentesimo
1625 5012 1733 5070 decimo

96 5097 183 5172 ipsius
197 5098 334 5159 ecclesia.
938 5098 1068 5171 septimo,
1093 5114 1179 5170 supra
1197 5103 1354 5154 memorato
1376 5099 1422 5154 die
1440 5099 1536 5168 Lunae,
1554 5105 1620 5156 ante
1638 5118 1733 5158 sacros

131 5191 167 5246 Et
180 5207 255 5245 anuo
269 5187 385 5246 Domini
403 5187 552 5244 millesimo
567 5187 898 5261 quadringentesimode·
938 5188 1062 5257 Cineres,
1087 5193 1165 5244 sexta
1182 5187 1228 5243 die
1249 5188 1354 5244 mensis
1374 5187 1528 5258 Februarii,
1550 5195 1614 5260 post
1625 5188 1734 5246 obitum

97 5279 170 5334 cimo
184 5279 318 5352 septimo,
328 5278 420 5351 prima
434 5277 478 5333 die
489 5279 594 5333 mensis
609 5279 738 5350 Augusti,
748 5277 897 5350 praedictus
938 5277 1092 5350 supradicti
1105 5276 1273 5332 venerabilis
1288 5277 1435 5334 Guiliermi
1449 5277 1575 5348 vigesimi
1595 5279 1665 5334 sexti
1686 5275 1733 5334 ab·

99 5368 236 5425 lienricus
249 5384 300 5423 rex
319 5367 475 5439 auglorum
499 5367 602 5422 iterum
617 5367 753 5442 applicuit
774 5367 803 5422 in
823 5369 897 5424 Nor·
938 5365 1019 5433 batis,
1037 5367 1200 5422 venerande
1209 5357 1396 5432 discretionis,
1407 5381 1439 5420 ac
1450 5365 1600 5422 eminentis
1610 5367 1733 5424 scientior

98 5457 287 5526 thmanniam,
300 5458 375 5529 apud
385 5457 637 5529 Tolcam(Fouque)
650 5463 696 5526 ;et
704 5457 734 5512 in
741 5457 898 5512 sexmcnsi·
937 5457 980 5512 vir
993 5456 1124 5512 dominus
1135 5456 1275 5514 Robcrtns
1288 5455 1323 5512 de
1337 5456 1435 5522 Becco,
1455 5453 1547 5508 dictus
1565 5454 1672 5526 vanae,
1686 5458 1736 5514 de·

98 5545 381 5605 busobtinuittotam
391 5545 897 5619 inferioremNorthmanniam,usque
936 5550 1079 5603 oratorum
1089 5546 1181 5604 doctor
1205 5544 1335 5616 eximius,
1358 5543 1392 5600 de
1416 5541 1568 5599 villaBecci
1584 5543 1734 5617 oriundus,
