3896 6170
249 271 315 333 1151
751 288 779 344 S.
800 289 1000 352 GUILLELMI
1020 296 1172 354 tenetls
1191 297 1362 358 HIRSAUG.
1782 293 1835 358 titt
1912 333 1913 342 .

245 397 407 456 sublimium
431 403 502 458 colla
523 405 755 480 philosophorum
777 415 875 481 calcat,
902 419 1835 500 sapientiaAspecierum,dispositiotroporum,dilierentiamodarun

245 487 365 556 videtur,
380 491 447 560 quia
460 495 552 548 omnis
562 497 673 554 musicas
686 501 758 556 artis
771 503 1045 580 disciplina,totaque
1085 513 1142 568 sive
1152 514 1259 585 agnitio
1276 516 1315 570 vel
1331 517 1487 588 proprietas
1496 523 1646 589 troporum,
1660 514 1768 585 operatio
1776 515 1836 586 prin·
1912 541 1913 548 ¹

245 579 428 634 monochordi
436 587 588 652 structura,
605 603 637 641 ex
648 589 696 643 illo
707 593 781 662 quod
795 597 923 664 grauium
933 605 1041 665 vocant,
1085 601 1217 672 cipalium
1228 604 1408 671 chordarum,
1424 607 1546 662 naturali
1561 603 1675 678 quadarn
1689 609 1715 658 et
1725 603 1838 673 insepara·

245 680 297 736 ego
315 673 410 723 autem
440 672 594 745 principale
622 679 746 747 nomino,
772 685 938 753 producitur
955 692 1043 743 tetra·
1085 691 1134 746 bili
1144 693 1316 764 proprietate
1327 694 1368 749 ita
1378 691 1837 767 principalibusinsunttetrachordis,

245 755 359 810 chordo.
385 759 444 814 Hoc
460 761 598 834 siquidem
614 766 643 821 in
658 769 785 825 interiori
799 773 935 845 diapason
950 778 1043 849 dupli·
1086 787 1118 837 ut
1132 782 1153 836 si
1169 799 1204 837 ea
1214 783 1243 838 in
1260 783 1315 838 illis
1330 801 1391 855 quaa
1406 783 1441 839 ad
1457 799 1614 839 mensuram
1635 780 1767 854 pertinent,
1783 797 1839 850 quav
1912 807 1913 864 q

245 849 339 899 catum
351 854 469 917 generat
487 868 519 906 ex
535 871 565 908 se
581 858 791 915 tetrachordum
807 863 943 931 finalium,
965 872 994 922 et
1012 884 1044 922 cx
1086 889 1141 936 rus,
1159 872 1236 926 nullo
1250 874 1421 944 competenti
1440 873 1547 938 ordine,
1563 873 1635 926 sicut
1652 867 1839 940 insequentibus
1912 865 1913 917 l

244 933 288 987 his
316 935 425 992 duobus
454 943 608 1010 procedunt
632 953 739 1017 septem
765 951 929 1024 principalia
943 972 1041 1010 vocum
1084 961 1159 1014 claro
1178 963 1218 1020 ot.
1237 961 1370 1016 invenias.
1402 962 1456 1017 Sed
1475 962 1560 1016 etiarn
1579 957 1839 1032 opportunumdirere

244 1022 417 1083 discrimina.
431 1029 503 1082 Nam
518 1033 621 1102 septies
636 1043 752 1106 septena
762 1039 1042 1100 diversadiscrimina
1082 1048 1202 1114 videtur,
1219 1051 1293 1120 quod
1306 1051 1422 1105 memini
1438 1067 1482 1106 me
1496 1051 1525 1105 in
1540 1046 1720 1120 superioribus
1728 1062 1802 1116 usque
1814 1045 1839 1098 ad

244 1129 343 1168 vocum
364 1115 392 1170 in
409 1121 597 1176 monochordo
612 1127 800 1196 reperiuntur.
818 1131 852 1186 Et
873 1132 934 1204 ipsa
950 1136 1042 1192 denuo
1083 1141 1158 1195 hunc
1183 1141 1274 1196 locum
1298 1142 1449 1208 distulisse,
1476 1142 1591 1202 scilicet,
1612 1139 1683 1212 quod
1696 1138 1838 1193 tetrachorda

244 1201 273 1256 in
284 1205 421 1273 superiori
430 1207 563 1280 diapason
577 1215 705 1284 repetita,
717 1218 861 1290 phthongo
869 1230 933 1278 nete
944 1225 1043 1297 hyper·
1083 1230 1180 1284 eadem
1195 1230 1225 1285 in
1242 1236 1363 1302 quatuor
1375 1233 1489 1303 primas,
1505 1233 1534 1286 in
1550 1235 1669 1303 quatuor
1680 1226 1804 1290 secundas,
1817 1226 1838 1280 in
1912 1253 1913 1292 ᾗ

167 1361 172 1372 Ι
242 1289 344 1348 boleon
359 1305 514 1369 assumpto,
530 1301 689 1359 universam
712 1310 893 1365 monochordi
906 1313 1041 1371 fabricam
1083 1325 1205 1391 quatuor
1231 1321 1339 1386 tertias,
1366 1322 1395 1376 in
1420 1328 1541 1394 quatuor
1565 1325 1678 1392 quartas
1699 1316 1838 1372 dividuntur.

242 1383 404 1438 conficiunt.
432 1387 504 1442 Nam
525 1392 735 1450 tetrachordum
756 1400 933 1468 superiorum
947 1404 1041 1475 ipsum
1083 1409 1178 1464 Prima
1192 1427 1258 1481 ergo
1272 1411 1400 1481 gravium
1415 1416 1458 1466 est
1472 1413 1506 1466 A.
1522 1409 1653 1474 secunda,
1669 1406 1755 1471 tertia,
1764 1413 1840 1477 quarta

244 1475 286 1524 est
300 1473 452 1545 principale
468 1483 496 1531 et
510 1481 718 1538 tetrachordum
735 1488 929 1546 excellentium
946 1494 1039 1561 finale,
1082 1497 1119 1552 B.
1134 1499 1165 1553 C.
1186 1500 1218 1554 D.
1245 1500 1294 1554 Est
1311 1500 1379 1555 item
1403 1501 1496 1572 prima
1514 1499 1642 1554 finalium
1664 1497 1753 1552 eadem
1770 1495 1797 1548 ll.
1813 1511 1841 1548 se

239 1559 373 1632 nullaque
383 1562 458 1618 inter
465 1565 524 1621 haec
537 1575 644 1626 naturae
652 1572 706 1628 nisi
718 1576 805 1631 solius
817 1580 938 1636 nominis
955 1577 1041 1655 et‘po·
1082 1588 1183 1653 cunda,
1200 1589 1293 1654 tertia,
1311 1596 1411 1660 quarta
1421 1589 1453 1644 ll.
1469 1590 1499 1644 F.
1516 1589 1549 1644 G.
1565 1587 1636 1643 Item
1650 1586 1735 1658 prima
1746 1583 1842 1655 superio

239 1648 350 1704 sitionis
364 1654 416 1707 erit
431 1655 567 1725 alteritas,
580 1659 621 1714 ite
634 1666 729 1719 tamen
744 1672 775 1721 ut
783 1667 937 1740 principale
951 1689 1038 1728 unum
1082 1685 1243 1733 rumesta.
1259 1680 1392 1746 secunda,
1415 1679 1499 1734 tertia
1523 1683 1552 1734 et
1574 1683 1675 1749 quarta
1693 1674 1718 1729 b·
1739 1692 1760 1729 c.
1774 1673 1844 1727 (1181

241 1743 326 1808 atque
341 1741 416 1796 idern
430 1743 467 1798 sit
477 1745 506 1799 in
522 1749 661 1805 omnibus.
675 1753 809 1811 Sedsicut
823 1757 859 1812 ab
869 1760 929 1831 ipso
940 1768 1040 1817 cuncta
1052 1741 1150 1822 Bitem
1175 1767 1265 1838 prima
1283 1769 1478 1823 excellentium
1493 1769 1591 1823 eadem
1602 1769 1629 1822 d.
1647 1764 1769 1831 secunda,
1781 1761 1843 1816 tertia

240 1826 380 1898 oriuntur,
395 1832 434 1886 sic
449 1835 557 1891 asinali
574 1847 711 1910 reguntur
730 1845 834 1912 omnia,
852 1848 1041 1921 disponuntur
1082 1861 1110 1910 et
1124 1862 1259 1927 quartae.
1276 1857 1295 1910 t.
1305 1873 1332 1928 g.
1348 1857 1568 1912 Tetrachordum
1580 1856 1667 1928 igitur
1683 1850 1843 1925 principalium

239 1919 268 1971 et
281 1917 473 1987 dijudicantur
484 1931 527 1991 ;et
542 1927 604 1982 ideo
619 1930 697 1986 inhis
706 1931 814 1990 duobus
828 1938 1041 2008 vigetuniversa
1081 1945 1178 2017 primae
1192 1945 1303 2002 chordae
1315 1952 1383 2001 sunt
1396 1948 1428 2000 Α.
1445 1947 1478 2004 D.
1494 1962 1520 2000 a.
1533 1947 1564 2002 d.
1584 1944 1709 2000 secunde
1719 1943 1748 1996 B.
1759 1941 1785 1994 li.
1796 1939 1843 1992 he.

239 2008 378 2062 naturalis
394 2011 606 2080 eisharmonire,
621 2019 690 2075 adeo
704 2028 736 2076 ut
750 2029 849 2081 caetera
861 2030 975 2085 omnino
988 2048 1039 2086 ne·
1081 2035 1171 2090 tertiae
1186 2037 1217 2090 C.
1234 2035 1267 2090 F.
1284 2053 1308 2090 c.
1329 2036 1348 2090 s.
1370 2044 1476 2107 quartae
1495 2037 1528 2090 D.
1552 2036 1586 2090 G.
1602 2035 1629 2089 d.
1646 2051 1673 2105 g.
1689 2029 1845 2103 quasidaotl

239 2096 361 2150 cessaria
371 2114 427 2154 non
435 2109 538 2170 essent,
547 2105 570 2158 si
577 2111 738 2176 generalem
754 2113 871 2170 istorum
885 2121 1039 2189 potentiam
1081 2123 1246 2194 singillatim
1272 2130 1301 2178 et
1326 2125 1517 2195 congregatim
1540 2123 1689 2193 designare
1704 2135 1754 2174 non
1769 2113 1844 2188 piguit

239 2183 343 2255 quique
353 2186 536 2260 simpliciores
546 2196 689 2265 pervidere
703 2203 868 2272 potuissent,
880 2214 949 2263 sunt
962 2226 1040 2264 num·
1081 2213 1148 2284 quia
1162 2213 1305 2284 sequentis
1322 2214 1414 2285 operis
1427 2219 1541 2268 textura
1555 2212 1654 2268 crebro
1669 2203 1846 2282 ipsarumindi-

239 2273 338 2342 quein
354 2275 403 2342 eis,
418 2283 449 2332 ut
463 2279 569 2336 dictum
584 2291 636 2350 est,
649 2295 756 2358 septem
766 2309 862 2348 vocum
876 2295 1040 2355 discrimina
1079 2309 1128 2370 get
1150 2301 1318 2357 subtemine.
1342 2303 1376 2358 Et
1389 2319 1425 2358 ne
1440 2301 1550 2356 mireris
1563 2300 1639 2372 quod
1658 2305 1720 2354 nete
1738 2293 1847 2368 hyperbr

240 2362 399 2432 omnigenae
415 2369 527 2424 musicae
544 2374 613 2427 artis
628 2377 755 2434 varietati
773 2382 951 2452 sufficientia,
967 2387 1039 2444 sicut
1079 2390 1142 2445 leon
1153 2392 1342 2462 praetermissa
1355 2397 1519 2447 caeterarum
1535 2387 1743 2462 quatuordecim
1755 2381 1846 2439 choma·

239 2449 358 2522 quisque
370 2453 455 2525 hujus
471 2458 623 2532 disciplinae
631 2466 737 2535 peritus
747 2468 836 2537 tacile,
851 2473 874 2527 si
885 2476 1035 2545 quaesierit,
1079 2496 1141 2533 rum
1166 2480 1195 2535 in
1218 2481 1358 2536 sexdecim
1385 2482 1435 2536 liat
1455 2479 1580 2551 partitio.
1606 2483 1704 2550 quater
1716 2477 1782 2530 eninr
1796 2470 1844 2526 llll.

237 2539 370 2597 inveniet.
396 2546 449 2600 Ubi
475 2558 504 2603 et
517 2551 569 2605 hoc
585 2556 842 2616 manifestissimum
858 2564 893 2618 de
907 2566 1037 2637 originali
1079 2574 1164 2624 erunt
1172 2567 1247 2623 XVI.
1258 2570 1328 2624 duas
1337 2570 1446 2642 exipsis
1454 2569 1582 2625 XIlll.id
1597 2574 1650 2634 est,
1665 2568 1698 2621 D.
1708 2573 1734 2620 et
1743 2563 1767 2618 d.
1778 2561 1845 2616 bitor-
1912 2581 1913 2646 r

236 2629 400 2703 principalis
423 2639 594 2696 tetrachordi
614 2644 750 2716 dignitate
768 2666 800 2704 ac
825 2651 860 2706 de
874 2655 1037 2712 omnimoda
1078 2673 1147 2725 mes,
1165 2660 1257 2727 bisque
1271 2659 1462 2713 raumerundas
1480 2675 1535 2712 esse
1549 2661 1668 2712 narreris.
1695 2656 1848 2723 Orrotiteruu·
1912 2667 1913 2738 p

236 2717 326 2788 ipsius
348 2738 411 2777 cum
434 2729 613 2786 tetrachordo
637 2736 813 2806 superiorum
829 2741 938 2798 unitate
953 2745 1037 2800 datur
1078 2753 1131 2801 tem
1147 2749 1276 2816 biforme
1291 2749 1386 2803 sintin
1396 2748 1581 2819 dispositione
1595 2754 1746 2818 troporum,
1759 2739 1846 2814 plenius
1912 2775 1913 2838 l

236 2806 381 2879 indicium,
398 2817 471 2885 quod
492 2821 582 2874 omnis
597 2824 745 2892 cantilena,
762 2844 824 2898 quae
839 2832 922 2887 modo
936 2850 1036 2890 secun·
1075 2835 1209 2902 clarebit;
1231 2842 1297 2892 sunt
1318 2853 1441 2908 namque
1459 2837 1534 2892 inter
1553 2831 1848 2908 praedictatetraelorda
1912 2839 1913 2908 l

157 2937 159 2944 .
236 2895 303 2952 dum
317 2902 470 2972 spatiosam
480 2907 599 2964 duorum
611 2912 746 2984 diapason
761 2921 881 2989 rogandi
894 2921 1034 2978 licentiam
1076 2926 1214 2996 quasdam,
1231 2943 1292 2998 quaa
1315 2932 1478 2998 comparata
1501 2927 1650 2998 proterunt
1668 2941 1698 2979 ex
1720 2918 1847 2991 sespecies
1912 2923 1913 3010 j

237 2984 267 3039 in
281 2991 472 3059 superioribus
495 2996 604 3071 incipit,
624 3001 648 3055 si
663 3001 736 3057 inira
755 3006 853 3061 endem
872 3009 1034 3068 discrimina
1075 3013 1267 3070 diatessaron:
1285 3016 1412 3087 quadam
1435 3015 1501 3070 item
1523 3021 1602 3083 sunt,
1621 3030 1682 3087 quae
1695 3011 1787 3067 collata
1802 3007 1849 3062 dia·

235 3082 343 3148 septem
359 3084 1031 3168 naturalirefragationecohibeatur‚ingravibus,
1075 3109 1159 3175 pente
1173 3105 1280 3176 specics
1293 3121 1326 3158 ex
1339 3121 1369 3159 se
1383 3105 1552 3176 producunt.

234 3163 263 3219 id
278 3173 330 3231 est,
345 3171 442 3226 eodem
458 3175 605 3247 principali
619 3182 797 3238 tetrachordo
812 3188 899 3242 sumit
908 3189 1032 3250 initium.
1439 3192 1503 3247 VII.

234 3253 318 3312 Verbi
330 3261 444 3328 gratia:
463 3280 560 3320 omnes
574 3266 783 3327 differentiaead
800 3275 933 3346 primum,
947 3296 1033 3351 quar·
1074 3283 1107 3336 In
1125 3283 1226 3350 quibus
1247 3283 1356 3336 chordis
1373 3287 1471 3352 species
1490 3283 1676 3344 diatessaron,
1699 3280 1810 3348 diapente
1831 3277 1848 3322 rt

233 3348 306 3413 turn,
328 3355 436 3404 sextum
452 3357 550 3409 tonum
574 3358 740 3427 pertinentis
756 3363 891 3430 melodia,
917 3385 979 3438 quae
1002 3370 1031 3425 in
1228 3373 1363 3440 diapason
1379 3373 1720 3426 aeternaliterconsistant.

233 3439 317 3489 acuta
331 3453 356 3490 a.
374 3438 553 3511 inchoantur,
569 3447 672 3501 eedem
690 3448 718 3503 in
735 3452 814 3520 gravi
829 3455 860 3507 h.
878 3457 953 3512 utin
970 3459 1031 3513 dia·
1108 3458 1259 3514 Videamus
1270 3475 1348 3530 ergo,
1360 3476 1422 3530 que
1436 3465 1502 3514 sunt
1515 3459 1574 3520 itta.
1594 3467 1624 3514 et
1637 3459 1755 3530 qualiter
1763 3451 1848 3522 exipsis

234 3521 344 3591 phoniae
358 3536 496 3601 precepto
506 3537 729 3602 patet,naturale
739 3539 1029 3617 habentprincipium.
1071 3547 1209 3619 probabili
1223 3549 1332 3604 ratione
1349 3549 1454 3620 absque
1478 3549 1585 3603 ordinis
1601 3547 1769 3604 confusione,
1783 3542 1848 3614 plano

233 3609 268 3665 Et
289 3628 363 3668 nunc
385 3617 451 3687 quia
473 3619 508 3673 de
535 3639 608 3693 sepe
631 3624 706 3680 dicto
736 3629 893 3702 saepiusque
914 3634 1030 3691 dicendo
1069 3637 1216 3692 itinercac
1231 3638 1290 3692 sine
1309 3638 1477 3693 offendiculo
1501 3640 1669 3710 procedant.
1692 3637 1729 3691 Ex
1749 3629 1849 3688 naturali

233 3700 380 3773 principali
403 3708 580 3764 tetrachordo
602 3716 692 3768 totum
713 3717 836 3786 quidem,
853 3737 904 3776 cur
925 3725 1029 3794 princi·
1071 3727 1275 3782 coadunatione
1295 3728 1539 3782 tetrachordorum
1560 3726 1763 3798 principalisac
1776 3719 1848 3776 finalis

234 3790 297 3859 pale
315 3807 347 3846 aa
362 3793 467 3850 iontem
482 3803 511 3852 et
530 3800 665 3870 originem
680 3810 854 3873 caeterorum,
871 3811 930 3865 sive
944 3814 1030 3868 totius
1071 3830 1168 3870 omnes
1195 3815 1370 3870 diatessaron
1391 3817 1503 3888 vspecies
1521 3815 1674 3886 prodeunt.
1696 3814 1782 3870 Prima
1797 3823 1849 3876 argo

232 3880 696 3958 monochordisummamdixerim,
708 3910 740 3947 ex
749 3903 1029 3972 parteautem,quam
1070 3905 1199 3977 gravium
1224 3911 1253 3960 et
1276 3905 1368 3976 prima
1392 3905 1518 3960 finalium
1543 3905 1717 3976 depromunt
1734 3901 1849 3975 primam

233 3966 289 4021 vim
312 3975 341 4024 et
360 3973 514 4042 potentiam
535 3983 642 4034 naturae
658 3981 686 4035 in
699 3999 729 4037 ae
749 3983 852 4041 habere
866 3989 1030 4058 predicare·
1071 3994 1194 4048 secunda
1207 3994 1273 4048 item
1286 3994 1414 4065 gravium
1431 4000 1460 4049 et
1474 3993 1598 4048 secunda
1609 3993 1735 4048 finalium
1751 3987 1851 4044 reddunt

232 4055 296 4122 rim,
305 4057 422 4124 audistn
434 4063 526 4118 adhuc
534 4066 645 4136 plenius
657 4073 1030 4149 lr'cetutaudiasdeipsaori·
1070 4083 1220 4138 secundam
1233 4103 1238 4151 ;
1253 4083 1355 4138 iterum
1366 4083 1451 4137 tertia
1463 4084 1593 4153 gravium
1605 4088 1635 4137 et
1648 4083 1733 4136 tertia
1745 4077 1849 4134 finalium

229 4144 363 4215 ginaliter
374 4148 402 4203 in
418 4167 450 4204 eo
465 4159 590 4211 scatente
601 4160 737 4228 potentia,
749 4163 932 4237 ejusdemque
940 4169 968 4224 in
979 4187 1030 4225 cae-
1070 4173 1216 4244 prolerunt
1228 4173 1341 4228 tertiam
1352 4191 1359 4237 ;
1375 4183 1476 4243 quarta
1491 4171 1558 4227 item
1576 4173 1709 4242 gravium
1727 4175 1754 4224 ct
1766 4171 1847 4239 quarti

229 4238 291 4289 tera
301 4239 478 4294 tetrachorda
494 4243 651 4301 diffusione.
662 4249 751 4313 Quam
763 4252 873 4309 facilius
882 4257 1028 4327 ridebis,si
1071 4263 1197 4316 finalium
1211 4262 1270 4316 vice
1284 4268 1392 4333 quarta
1407 4262 1509 4316 iterum
1522 4265 1729 4332 repraesentant
1740 4258 1850 4331 primani

229 4322 317 4394 prius,
328 4343 361 4380 ex
372 4345 490 4400 aquarum
507 4349 601 4388 rerum
612 4340 860 4409 comprehensione
874 4344 1028 4416 ipsiusmn·
1070 4351 1137 4414 sive,
1158 4358 1191 4405 ut
1213 4351 1305 4406 verius
1327 4351 1463 4420 dicamus,
1479 4351 1510 4406 in
1524 4351 1617 4405 torma
1637 4351 1735 4422 prima
1748 4345 1853 4401 retinent

230 4412 293 4468 sicae
316 4417 386 4471 artis
409 4425 511 4475 natura
533 4425 651 4479 inarime
669 4429 848 4500 percipiatur,
865 4441 892 4488 et
907 4413 1213 4510 qualitequuartam.
1233 4441 1301 4505 Quae
1325 4441 1391 4494 licet
1418 4442 1510 4512 specie
1530 4441 1625 4511 prima
1649 4457 1711 4496 esse
1733 4439 1850 4494 vidum.

231 4504 334 4560 eaedem
348 4522 393 4561 res
408 4507 437 4562 in
451 4509 494 4564 his
506 4513 694 4570 tetrachordis
708 4521 895 4590 reperiantur,
914 4525 1024 4582 videris.
1069 4529 1222 4584 harmoniae
1237 4536 1332 4584 tamen
1347 4521 1449 4583 natura
1470 4529 1635 4600 diligentius
1650 4531 1798 4602 perspecta,
1814 4521 1853 4577 tri·

606 4603 654 4658 Vl·
1069 4617 1115 4689 plo
1131 4623 1232 4688 quarta
1243 4634 1304 4672 csse
1318 4617 1486 4683 declaratur,
1507 4619 1599 4689 primo
1610 4619 1687 4690 quod
1700 4619 1771 4673 inter
1780 4628 1852 4684 quar·

268 4685 340 4739 Unde
355 4692 459 4741 natura
474 4692 585 4745 musica
596 4697 667 4748 artis
678 4701 798 4752 marinae
809 4707 989 4768 cognoscitur.
1068 4713 1112 4760 tas
1125 4707 1294 4771 continetur,
1308 4707 1430 4762 secundo
1449 4707 1522 4777 quod
1539 4707 1566 4760 in
1584 4707 1714 4777 generali
1723 4711 1852 4775 troporum

264 4772 375 4828 Nature
388 4774 500 4831 musicae
514 4779 583 4834 artis
597 4787 662 4852 post
673 4801 772 4841 novem
784 4787 933 4846 intervella
947 4809 1028 4848 sono·
1068 4795 1261 4866 dispositione,
1274 4800 1306 4849 ut
1316 4795 1503 4866 prediximus,
1514 4795 1640 4867 pertinet
1649 4795 1684 4850 ad
1700 4791 1851 4849 tetrardum.

228 4876 293 4916 rum
319 4861 497 4932 potissimum
519 4883 551 4922 ex
570 4871 767 4939 praedicturum
787 4884 908 4948 quatuor
931 4897 1026 4938 rerum
1066 4884 1150 4938 tertio
1167 4885 1242 4955 quod
1255 4884 1397 4938 contraria
1410 4889 1454 4938 est
1465 4885 1572 4956 prime,
1580 4883 1715 4956 quoniam
1729 4882 1797 4937 sicut
1805 4893 1853 4932 me-

228 4949 346 5005 scientia
368 4951 525 5023 inspicitur,
549 4957 577 5012 id
600 4967 644 5014 est
657 4963 684 5016 l.
703 4969 766 5019 rata
780 4971 809 5020 et
823 4967 1027 5026 rationabiliter
1067 4973 1142 5026 lodia
1153 4988 1170 5026 a
1181 4973 1273 5044 pn'ma
1283 4973 1448 5040 intenditur,
1456 4974 1497 5028 ita
1506 4991 1524 5028 a
1533 4979 1636 5045 quarta
1645 4988 1756 5044 semper
1768 4967 1852 5024 remit·

227 5039 359 5096 ordinata
371 5043 734 5119 constitutionespecierum
746 5053 831 5109 trium
846 5059 1026 5129 symphonia·
1065 5061 1145 5123 titur,
1164 5060 1240 5116 utin
1257 5062 1310 5116 hoc
1333 5061 1432 5116 eodem
1452 5062 1578 5116 finalium
1603 5059 1781 5116 tetrachordo
1802 5057 1852 5110 hec

226 5145 290 5185 rum
302 5131 487 5192 diatessaron.
497 5135 638 5207 diapente,
654 5140 789 5213 diapason
803 5163 808 5198 :
824 5144 851 5203 2.
863 5149 1026 5204 cautissima
1066 5155 1208 5205 testantur
1220 5151 1358 5222 exempla.
1374 5151 1476 5206 Protus
1493 5157 1551 5204 ant.
1575 5152 1622 5217 sac
1639 5167 1755 5204 marusa
1774 5153 1851 5201 anta

228 5226 256 5274 et
271 5221 437 5276 naturaliter
449 5221 522 5280 lacta
535 5225 718 5297 dispositione
733 5236 898 5304 troporum:
913 5235 939 5291 3.
953 5238 1023 5309 uigi—
1067 5241 1181 5293 bimatu.
1196 5239 1349 5294 Tetrardus
1364 5245 1413 5293 ant
1438 5239 1507 5292 dabo
1524 5243 1555 5294 iu
1569 5238 1647 5293 Sion.
1660 5239 1764 5293 Judra.

226 5308 318 5365 lenter
331 5319 478 5384 perspecta
493 5315 639 5372 modorum
656 5315 822 5388 differentia,
832 5340 916 5395 quam
930 5328 1024 5384 verius
1100 5327 1192 5382 Media
1201 5328 1268 5382 item
1280 5329 1469 5392 tetrachorda,
1478 5329 1605 5383 finalium
1616 5327 1689 5394 dico,
1700 5332 1729 5382 et
1741 5322 1852 5396 supcria

226 5397 344 5455 dixerim
362 5401 536 5472 agnitionem
558 5403 616 5458 sive
640 5407 841 5478 proprietatem
857 5419 1022 5485 troporum,·
1066 5433 1139 5481 rum,
1152 5419 1176 5471 si
1191 5418 1381 5481 conserantur,
1392 5433 1490 5472 omncs
1500 5417 1631 5489 diapente
1646 5416 1752 5488 speeies
1764 5412 1850 5466 eodem

227 5485 252 5541 l.
272 5489 351 5546 valde
373 5493 532 5548 necessaria
553 5493 748 5566 principalium
768 5501 937 5558 chordarum
961 5521 1025 5577 ope·
1066 5511 1174 5560 naturae
1198 5510 1228 5560 et
1248 5505 1355 5561 ordinis
1377 5505 1478 5560 decore
1499 5509 1663 5560 nascuntur.
1685 5504 1756 5558 Nam
1771 5499 1851 5573 pri-a

229 5575 348 5641 ratione,
379 5579 445 5636 Haec
473 5587 568 5642 autem
588 5589 720 5656 quatuor,
742 5587 843 5656 idest,
863 5592 1025 5651 constitutio
1066 5593 1192 5660 tinellum
1206 5595 1332 5668 etprima
1345 5594 1523 5672 superiorum
1537 5593 1850 5666 anemonen-inane
