3934 6174
108 303 158 364 189
431 308 471 364 ΙΝ
490 307 522 362 D.
545 307 652 366 PAULI
672 305 784 364 EPIST.
804 305 990 363 donnana.
1012 339 1044 351 -
1066 309 1382 367 EPIS'I'.1ADGDR.
1689 317 1743 375 tao

103 447 191 504 snpra
202 431 231 486 id
243 430 319 502 qnod
329 431 447 502 potestis
461 436 595 488 sustinere
610 453 617 497 ,·
638 419 786 491 sed‘laoiet
799 436 884 490 etiam
899 439 961 492 c'um
977 437 1132 493 tentatione
1147 437 1186 493 li.
1203 444 1379 510 proventum,
1395 441 1560 509 subsidium,
1577 447 1610 500 ut
1628 444 1742 515 possitis

101 519 253 574 sustinere.
270 517 311 574 13.
329 519 450 590 Propter
464 521 547 592 quod,
564 526 614 590 yui
627 526 785 578 ceciderunt
798 541 831 579 ce
845 527 911 593 ipsis
923 521 970 578 i3.
981 527 1084 591 millia,
1102 526 1259 582 charissimi
1276 528 1353 594 mihi,
1375 529 1463 600 lugite
1478 529 1513 584 ab
1527 531 1665 588 idolorum
1680 535 1740 589 cul·

101 615 176 672 lura,
195 613 229 661 ut
243 608 432 678 prudentibus
447 610 545 680 loquor
558 615 709 680 sequentia,
721 611 831 683 vosipsi
844 612 968 683 iudicate
980 613 1053 684 quod
1068 614 1139 669 dieo.
1155 613 1199 670 lt.
1213 615 1290 669 Calix
1304 615 1516 684 benedictionis,
1531 619 1577 673 eni
1593 636 1640 674 nos
1654 637 1742 676 succr-

101 700 172 751 dolcs
204 695 407 760 benedicimus,
426 714 518 752 nonne
532 700 748 754 communicatio
763 701 916 770 Sanguinis
930 701 1035 756 Christi
1049 705 1101 768 est,
1118 705 1185 771 facit
1201 719 1248 757 nos
1264 708 1497 760 communicantes
1509 711 1645 775 sunyuini
1659 711 1740 764 utri-

99 788 155 838 sti?
169 783 208 838 Et
227 785 321 856 panis,
339 801 422 856 quern
436 786 602 856 frangimus,
619 787 905 872 nonne'participatio
919 791 1044 862 corporis
1057 796 1122 856 66
1137 791 1248 846 Domini
1262 792 1324 847 est?
1341 791 1384 850 15.
1400 793 1538 856 Quoniam
1555 801 1586 849 ut
1600 814 1673 852 unus
1688 815 1741 870 pa-

100 872 153 939 nis,
167 879 255 926 estes
269 876 378 934 vitullis,
394 890 481 928 unum
492 891 593 946 corpus
607 876 688 930 multi
704 893 811 943 sumus,
827 891 924 930 omnes
939 878 1035 949 quide
1058 896 1114 933 uno
1139 896 1211 951 pane
1226 879 1437 952 participamus.
1471 879 1510 938 lb.
1537 883 1638 939 Videte
1653 887 1740 942 lsrael

99 961 258 1014 secundum
273 976 399 1024 ear-nem,
415 963 487 1030 (elic
501 965 690 1018 similitudine
703 965 801 1032 probat
810 966 975 1020 consedentes
985 967 1168 1034 idolothytum
1183 971 1245 1036 iteri
1258 973 1405 1040 participes
1411 971 1630 1026 demoniornml.
1640 975 1739 1030 Nonne

99 1048 146 1118 qni
160 1047 254 1102 edunt
269 1049 386 1112 hostias,
397 1049 438 1104 17.
447 1049 792 1122 participassentaltaris?
801 1051 873 1116 Quid
882 1053 966 1123 ergol
973 1055 1155 1122 perhocyuod
1163 1058 1294 1110 dicolutes
1304 1059 1367 1124 fleri
1373 1061 1519 1127 participes
1527 1060 1738 1116 demoniorum.

100 1136 165 1191 Dico
181 1137 261 1208 quod
276 1138 359 1192 idolis
379 1139 554 1193 immolatum
565 1139 603 1193 sit
614 1139 740 1210 aliquid?
752 1145 800 1194 eut
812 1140 887 1212 quod
897 1140 1002 1195 idolum
1017 1142 1054 1197 sit
1064 1143 1188 1214 aliquid?
1203 1161 1258 1198 non
1280 1146 1334 1200 Sed
1342 1147 1402 1200 dico
1410 1147 1623 1217 quaeimmolant
1630 1157 1739 1220 gentes,

99 1225 249 1280 daemoniis
265 1227 425 1290 immolant,
443 1233 472 1282 et
487 1244 542 1282 non
554 1229 621 1282 Deo.
634 1229 705 1282 Nolo
719 1233 815 1283 autern
825 1229 977 1294 nossocios,
995 1233 1156 1285 comedendo
1167 1234 1327 1301 idolothyto,
1345 1234 1407 1288 lieri
1417 1235 1628 1291 daemoniorum.
1638 1240 1740 1292 tdousc

97 1331 146 1368 cur
162 1316 323 1382 idolothyta
337 1318 474 1372 courcdere
484 1333 540 1371 non
554 1316 687 1386 debeant).
703 1317 765 1371 Non
780 1317 898 1388 potestis
913 1317 1029 1373 calicem
1039 1319 1152 1374 Domini
1162 1318 1270 1386 bibere,
1286 1327 1315 1376 et
1328 1322 1440 1377 calicem
1451 1325 1664 1394 premoniornm.
1678 1326 1740 1380 Non

96 1403 217 1473 potestis
232 1419 340 1458 mensae
356 1404 468 1458 Domini
481 1405 630 1476 participes
640 1422 710 1471 esse,
730 1411 759 1459 et
774 1422 877 1460 mense
887 1405 1099 1462 demoniorum.
1117 1405 1161 1464 18.
1177 1410 1219 1462 An
1234 1411 1399 1465 aemulamur
1414 1411 1585 1466 Dominum?
1605 1413 1739 1483 Nunqnid

96 1491 231 1546 lortiores
246 1491 296 1546 illo
311 1495 432 1548 sumus?
451 1493 553 1549 Omnia
567 1494 637 1548 mihi
648 1494 742 1560 licant,
753 1500 881 1563 potestate
895 1497 978 1549 liberi
991 1497 1116 1560 arbitrii,
1130 1497 1179 1550 sed
1192 1513 1247 1551 non
1258 1499 1353 1553 omnia
1362 1499 1522 1571 expediunt,
1529 1508 1657 1570 prosunt.
1671 1502 1741 1558 Om-

95 1579 142 1634 nia
156 1580 232 1633 mihi
248 1580 346 1644 licent,
358 1581 406 1636 sed
420 1599 475 1636 non
491 1582 586 1638 omnia
600 1583 749 1648 aedificant,
759 1589 877 1651 prosunt
889 1585 964 1637 eliis.
985 1583 1075 1637 Nemo
1090 1583 1164 1655 quod
1179 1601 1262 1639 suum
1276 1590 1437 1656 estquaerat
1457 1589 1504 1643 sed
1522 1589 1595 1660 quod
1610 1590 1738 1645 alterius.

95 1670 231 1722 debemus
246 1673 343 1722 autem
356 1685 477 1738 quarere
491 1686 548 1724 non
561 1675 652 1725 solum
665 1677 770 1738 nostro,
795 1674 840 1725 sed
863 1674 947 1725 ctiam
962 1673 1088 1739 fratrum
1114 1675 1263 1728 commoda.
1281 1674 1381 1740 Omne,
1396 1675 1476 1744 (quia
1490 1679 1618 1745 superius
1631 1679 1740 1731 diceret

97 1760 180 1810 licere
196 1757 386 1824 idolothytum
406 1760 559 1822 comedere:
572 1775 719 1814 nrincuero
732 1761 858 1829 probauit
875 1777 930 1814 non
944 1761 1047 1816 debere.
1071 1761 1241 1815 determinet
1255 1763 1323 1832 quid
1342 1766 1446 1817 comedi
1466 1766 1567 1830 debeat,
1588 1767 1656 1834 quid
1671 1767 1737 1833 non)

97 1843 170 1914 quod
186 1843 218 1898 in
235 1844 357 1899 macello
372 1846 466 1908 vaenit,
482 1847 660 1912 manducate,
674 1848 719 1903 lu,
735 1847 806 1901 nihil
819 1848 1025 1919 interrogantes
1038 1853 1153 1920 propter
1166 1849 1376 1916 conscientiam,
1392 1857 1441 1918 (uu
1455 1854 1491 1905 sit
1505 1853 1689 1920 idolothytum
1701 1867 1739 1906 un

97 1949 168 1986 non·
185 1938 217 1986 ul
230 1937 283 2002 qui
294 1939 387 2003 postea
402 1937 524 1990 uiderint
540 1953 585 1990 uos
599 1938 772 2008 comedentes,
789 1938 864 1991 illud
877 1953 921 1992 vos
932 1952 984 2006 pro
991 1941 1084 1990 sancto
1097 1937 1193 1990 hahere
1203 1953 1259 1991 non
1266 1940 1407 2008 estiment)
1417 1940 1540 2004 Domini,
1548 1943 1651 2008 inquit,
1661 1955 1740 1994 osane
1812 1999 1819 2012 Ι

97 2023 169 2090 cuod
185 2025 218 2074 in
233 2024 351 2076 umcetlo
366 2027 457 2090 uenit,
474 2028 635 2078 terruenirn
649 2030 673 2078 cl
688 2029 777 2080 oannis
790 2025 933 2094 planitudo
948 2027 1015 2093 ejus,
1029 2031 1136 2090 suucst,
1149 2029 1231 2080 ulcil
1244 2028 1392 2080 nselmum
1405 2025 1641 2082 :inhominius
1651 2032 1738 2090 terra,

96 2109 286 2181 etplenitudo
296 2111 367 2179 ejus.
378 2111 408 2166 Si
418 2112 638 2182 quisedcumom
652 2120 789 2168 vocatvos
806 2112 973 2178 infidelium,
989 2128 1045 2166 non
1056 2113 1236 2180 credentium,
1251 2119 1280 2167 et
1293 2114 1377 2168 vultis
1385 2114 1427 2168 ire
1435 2133 1447 2181 ;v
1465 2131 1548 2170 omne
1563 2114 1638 2186 quod
1659 2114 1736 2173 robis

95 2199 253 2270 apponitur
266 2199 447 2264 manducate,
461 2199 532 2254 nihil
547 2200 755 2272 interrogantes
768 2203 802 2258 tsi
811 2203 886 2254 enim
896 2202 1093 2267 interroyurcs,
1109 2205 1134 2255 ct
1142 2207 1232 2270 postea
1254 2205 1341 2257 sciens
1356 2205 1514 2268 contcderes,
1540 2204 1740 2274 blasphemium

95 2290 300 2357 aspicientium
311 2291 479 2356 incurreres)
494 2294 610 2360 propter
622 2288 831 2356 conscientiam,
845 2289 1111 2358 prebentiscunum.
1128 2288 1156 2342 Si
1173 2287 1234 2359 quis
1249 2294 1346 2344 autem
1361 2289 1464 2345 dixerit
1478 2308 1483 2343 :
1497 2291 1556 2346 Hoc
1564 2291 1741 2346 immolatum

96 2381 140 2430 est
156 2375 246 2430 idolis
256 2395 262 2443 ;
273 2376 362 2431 nolite
380 2377 561 2444 manducare,
575 2383 690 2450 propter
702 2377 781 2432 illurn
797 2375 845 2449 qui
859 2373 1001 2441 indicavit,
1025 2384 1054 2428 et
1068 2381 1182 2446 propter
1200 2375 1417 2444 conscientiam
1433 2378 1634 2434 conscientiam
1646 2385 1740 2434 autern

94 2465 171 2532 dico,
189 2482 251 2522 non
268 2473 357 2535 mam,
372 2469 422 2524 sed
436 2468 563 2535 alterius,
575 2471 630 2524 hee
638 2471 808 2538 aspicientis.
820 2466 865 2530 tl,
882 2462 927 2522 ΤΞ.
936 2463 974 2518 Ut
987 2463 1054 2535 quid
1068 2463 1142 2520 enim
1154 2468 1236 2532 ilicet,
1245 2470 1347 2536 inquit,
1363 2469 1545 2522 tualibertuti
1557 2470 1740 2540 idolothytum

94 2554 253 2616 minentem
265 2569 323 2608 non
333 2559 426 2611 mmen
439 2559 502 2624 pati
514 2559 584 2610 ulios
595 2562 618 2611 le
625 2562 737 2627 propter
748 2558 796 2610 troc
809 2559 935 2624 arcuerat
945 2559 1007 2619 ω
1024 2553 1139 2609 libertas
1159 2571 1222 2610 mea
1230 2555 1376 2626 judicatur
1389 2554 1425 2610 ab
1440 2556 1532 2612 aliena
1544 2557 1716 2612 conscientia
1729 2556 1741 2610 l

94 2638 125 2694 Si
145 2655 202 2710 ego
215 2639 264 2710 23,
275 2639 321 2711 ii,
335 2658 399 2698 cum
410 2644 502 2715 gratia
516 2644 663 2717 participo,
680 2644 748 2716 qnid
760 2643 940 2715 blasphemor
946 2658 997 2712 pro
1003 2658 1036 2696 eo
1044 2643 1118 2713 quod
1125 2643 1232 2714 gratias
1242 2644 1316 2714 agol
1328 2645 1391 2700 Sive
1400 2661 1467 2717 ergo
1478 2645 1742 2716 manducatis(quiu

786 2731 1081 2789 COMMENTARIUS.

93 2820 482 2878 Promissiteniminmultis
492 2823 699 2895 Scripturarum
709 2819 1009 2889 suarumlooisAquia
1023 2820 1083 2891 ipse
1096 2836 1147 2875 nos
1161 2821 1283 2891 puniret.
1308 2821 1357 2876 list
1372 2822 1446 2876 enirn
1465 2822 1546 2877 nobis
1568 2821 1685 2890 sortior;
1713 2827 1743 2876 at

92 2926 123 2962 se
133 2909 239 2964 fideles
254 2927 321 2965 suos
336 2928 392 2966 non
407 2912 595 2968 deserturum.
944 2924 1059 2963 nosnon
1075 2924 1173 2963 sumus
1184 2910 1322 2976 tortiores,
1339 2925 1390 2965 nec
1404 2911 1533 2981 aquales.

132 2997 181 3051 iu.
197 3001 380 3064 Prooenlum,
397 3001 424 3055 id
440 3006 492 3068 est,
507 3017 570 3056 cum
583 2999 702 3055 tentatio
727 2999 843 3065 uenerit,
858 2998 902 3052 sa·
981 2995 1012 3053 ts
1039 2997 1116 3050 Nihil
1130 3001 1340 3066 interroyanles.
1355 2997 1440 3061 Quasi
1454 2997 1556 3068 aliquis
1576 2995 1682 3052 diceret
1698 3013 1704 3049 :
1718 2995 1743 3051 si

92 3084 152 3138 ciet
164 3085 253 3140 etiam
268 3087 426 3157 provenire.
942 3084 1191 3155 interrogaveritis,
1218 3092 1247 3139 et
1260 3084 1337 3140 vobis
1357 3101 1523 3156 responsum
1551 3084 1644 3151 luerit,
1667 3085 1742 3156 quod

132 3171 178 3229 13.
200 3176 398 3244 Proptcrquod
412 3177 581 3245 charissimi,
595 3176 686 3242 idest,
699 3175 767 3246 quia
780 3174 841 3228 sola
853 3190 903 3228 sa-
944 3172 1026 3227 idolis
1038 3173 1271 3237 sitimmolatum,
1283 3173 1452 3229 conscientia
1467 3174 1605 3228 auditoris
1626 3172 1743 3227 robora·

92 3267 246 3318 eramenta
260 3263 323 3318 illos
335 3265 443 3320 salvare
453 3282 509 3320 non
520 3270 660 3338 poterant.
674 3265 709 3318 Et
723 3263 770 3335 qui
784 3267 850 3332 stat,
861 3263 903 3316 vi·
944 3259 1021 3316 bitur
1034 3262 1070 3317 ad
1081 3261 1250 3317 credendum
1263 3263 1337 3333 quod
1353 3261 1456 3333 aliquid
1470 3262 1508 3317 sit
1521 3261 1638 3318 idolum.
1729 3323 1732 3331 ⁴

93 3348 166 3404 dere
180 3350 312 3407 debetne
326 3354 417 3410 eadat.
979 3347 1024 3406 20.
1043 3352 1155 3404 Domini
1173 3357 1210 3404 est
1237 3356 1322 3406 terra.
1338 3351 1459 3406 causam
1475 3350 1566 3406 reddit
1581 3367 1631 3406 cur
1643 3350 1745 3406 dixerit

129 3439 178 3493 tl.
196 3441 282 3495 Gallu
297 3443 499 3499 benedictionis.
519 3443 637 3500 Summa
651 3442 739 3498 totius
757 3441 904 3498 sententie
944 3438 1680 3510 superius,omneyuodinmcceltumuunitmunduca.

94 3527 157 3582 haec
171 3533 236 3583 est:
254 3530 432 3602 quiaeorpus
446 3532 558 3587 Domini
573 3532 732 3598 comedens,
747 3537 776 3586 et
788 3531 903 3602 sangui·
979 3524 1024 3583 21.
1041 3528 1165 3582 hunnos,
1186 3529 1217 3582 lll
1242 3529 1310 3597 quid
1333 3530 1408 3583 anim
1422 3529 1561 3582 libertas?
1580 3528 1640 3583 lloc
1665 3527 1744 3590 dicit,

94 3631 162 3670 nera
177 3618 242 3687 ejus
256 3617 365 3684 bibens,
379 3621 461 3675 idolis
476 3621 623 3675 immolata
636 3622 798 3692 contingere
813 3625 842 3675 et
856 3636 903 3675 co·
945 3615 1011 3687 quia
1026 3632 1089 3670 cum
1104 3614 1140 3669 ab
1165 3616 1232 3670 idoli
1245 3615 1392 3671 devotione
1408 3615 1579 3670 conscientia
1593 3613 1631 3670 sit
1644 3614 1742 3680 libera,

96 3705 215 3760 medere
227 3723 286 3760 non
296 3707 395 3774 debet,·
409 3725 476 3763 narn
491 3709 629 3764 idolorum
645 3709 784 3781 particeps
795 3709 875 3763 lieret
894 3726 901 3773 ;
945 3704 1011 3775 quid
1027 3721 1098 3775 opus
1114 3710 1157 3758 est
1172 3710 1334 3777 utputetur
1363 3705 1430 3776 quia
1455 3704 1643 3760 venerationis
1661 3719 1746 3760 rausa

95 3794 175 3864 quod
190 3795 295 3866 probat
310 3813 316 3848 :
335 3797 389 3861 Qui
402 3798 477 3853 enim
489 3797 680 3854 bibitcalicem
688 3797 809 3864 Domini,
822 3804 904 3852 etco-
945 3790 1012 3846 edat
1025 3792 1107 3848 idolis
1123 3793 1275 3850 imm0latn.

93 3883 185 3936 medii
210 3900 333 3956 panem,
359 3885 388 3942 id
414 3892 458 3941 est
482 3903 584 3960 corpus
602 3888 674 3958 ejus,
699 3887 838 3958 particeps
862 3891 904 3942 est
980 3879 1025 3938 22.
1043 3882 1237 3938 Lauransous.
1257 3883 1288 3937 lll
1303 3885 1457 3952 quidenim
1480 3884 1601 3940 libertas.
1619 3880 1746 3938 libertas

91 3971 198 4043 ἱρέας,
946 3968 1170 4025 Christianorum
1201 3974 1245 4026 est
1269 3970 1401 4026 omnibus
1429 3970 1497 4026 cibis
1512 3987 1575 4026 curn
1587 3970 1745 4044 granorum

137 4062 177 4118 15,
196 4061 336 4129 Quoniam
347 4078 421 4118 unus
431 4067 523 4134 panis.
543 4065 662 4137 Exponit
674 4064 789 4120 modum
798 4069 827 4119 et
841 4081 904 4120 eau-
944 4059 1054 4114 actione
1070 4075 1151 4131 posse
1167 4059 1218 4114 uti.
1238 4059 1291 4114 Sed
1307 4059 1366 4114 haec
1381 4059 1496 4114 libertas
1512 4059 1547 4113 ab
1569 4059 1662 4114 aliena
1677 4076 1745 4115 oon·

93 4166 168 4214 sans,
181 4167 241 4221 quo
255 4155 352 4222 etqua
370 4152 441 4218 calix
469 4151 670 4208 benedictionis
698 4159 725 4208 at
749 4153 830 4224 panis
852 4147 1062 4233 quiBscientia
1084 4149 1253 4218 iudicatura,
1286 4147 1514 4220 reprehensibilis
1530 4151 1558 4202 et
1583 4146 1745 4202 damnanda

91 4239 242 4310 frangitur
264 4239 334 4294 fiant
360 4241 506 4312 accipienti
522 4259 587 4296 earo
602 4248 631 4297 et
645 4242 761 4314 sanguis
785 4242 899 4297 Christi.
944 4235 1113 4301 ostenditur,
1140 4237 1252 4308 quando
1267 4236 1412 4292 occasione
1427 4236 1515 4307 ipsius
1530 4234 1679 4298 libertatis,
1696 4234 1746 4290 ali-

93 4327 152 4380 Per
167 4327 308 4382 unitatem
321 4329 397 4383 enirn
412 4329 491 4401 panis
506 4334 535 4385 et
547 4331 686 4386 unitatem
693 4331 902 4401 corporis,cba·
943 4324 1011 4395 quid
1027 4324 1153 4386 facimus·
1173 4326 1257 4390 unde.
1275 4325 1400 4380 videm&
1413 4341 1475 4388 ¹¹⁰⁸»
1491 4324 1598 4395 aliquid
1624 4321 1743 4396 impium

91 4415 214 4470 ritatem
229 4421 342 4488 oportet
351 4416 486 4488 intelligi,
503 4435 564 4490 quas
574 4418 597 4473 si
607 4419 689 4484 desit,
699 4417 838 4489 judicium
848 4416 902 4473 sibi
943 4419 972 4466 et
987 4413 1152 4485 sacrilegum
1170 4414 1204 4468 de
1219 4413 1299 4468 nobis
1314 4413 1452 4486 suspicari
1467 4417 1616 4483 coguntur.

91 4509 219 4560 sumunt
232 4505 282 4576 qui
291 4513 416 4562 sumunt.
431 4507 544 4580 Tymion,
566 4508 632 4564 dum
658 4524 731 4564 unus
759 4508 848 4580 punis,
873 4517 903 4566 et
977 4501 1023 4558 23.
1037 4502 1069 4558 Si
1084 4519 1129 4570 eyo
1143 4519 1206 4558 cum
1220 4505 1323 4570 prelia.
1339 4501 1425 4567 Quasi
1442 4502 1548 4557 diceret
1563 4520 1569 4556 :
1582 4502 1617 4556 Et
1629 4500 1653 4556 si
1663 4500 1746 4558 liber·

90 4608 185 4646 unum
198 4607 312 4662 corpus.
330 4593 453 4648 Ecclesia
464 4593 568 4648 dieitur
582 4593 695 4650 Christi.
712 4610 763 4666 pro
780 4599 808 4649 le
827 4594 902 4649 vide·
943 4594 1001 4645 tate
1017 4591 1183 4646 Christiane
1198 4592 1351 4662 religionis,
1368 4608 1433 4647 eum
1456 4591 1613 4662 gratiarum
1636 4591 1746 4648 actione

91 4681 170 4745 licet,
190 4681 260 4752 quia
274 4681 346 4737 sient
360 4699 434 4738 unus
455 4683 536 4755 panis
563 4698 596 4738 ex
621 4683 716 4738 multis
743 4683 849 4754 granis,
874 4688 903 4738 et
943 4680 1111 4751 participare
1128 4697 1241 4754 possum
1262 4681 1348 4736 etiam
1378 4681 1460 4736 idolis
1481 4681 1637 4746 immolata,
1654 4680 1746 4738 sciam

90 4786 186 4826 unuin
215 4786 317 4841 eorpus
343 4771 476 4827 membris
495 4772 688 4844 componitur;
715 4772 755 4826 sic
782 4773 905 4827 Ecclesia
945 4769 1051 4824 idolum
1068 4769 1138 4826 nihil
1153 4787 1213 4825 esse
1228 4775 1256 4825 et
1273 4769 1353 4825 bonis
1373 4770 1510 4825 creaturis
1525 4769 1576 4824 Dei
1592 4770 1661 4824 nihil
1676 4770 1744 4826 mali

89 4858 206 4914 Christi
226 4875 261 4913 ex
280 4859 374 4914 multis
389 4859 527 4928 fidelibus,
542 4860 679 4916 charitate
712 4866 903 4915 connectente.
946 4873 979 4912 ex
1002 4859 1051 4914 illa
1065 4859 1257 4914 immolatione
1272 4860 1412 4924 secedere,
1436 4864 1465 4914 et
1484 4858 1540 4914 illis
1555 4864 1666 4915 tantum
1683 4875 1745 4916 esse

130 4948 175 5008 16.
202 4949 290 5004 l'idele
308 4949 393 5004 lucet
417 4952 568 5006 secundum
591 4967 715 5006 curnem.
744 4950 904 5007 Similitudo
946 4953 1099 5022 peceatum,
1113 4949 1161 5020 qui
1170 4964 1221 5020 pro
1236 4947 1392 5004 reverentia
1407 4947 1494 5019 ipsius
1508 4947 1575 5003 idoli
1594 4949 1746 5006 comedunt

87 5043 146 5100 est,
158 5037 198 5092 sd
214 5037 430 5109 intelligendum
445 5039 519 5110 quod
529 5039 659 5111 superius
670 5039 904 5100 dictumestcur-
944 5039 1019 5095 idolo
1031 5039 1218 5092 immolatum.
1230 5037 1354 5093 Stultum
1362 5037 1438 5092 enim
1454 5043 1554 5109 estpro
1565 5038 1628 5109 ipsa
1640 5037 1746 5108 gratia·

89 5143 169 5191 mm,
185 5127 217 5181 id
229 5132 284 5190 est;
300 5127 423 5182 carnalis
436 5127 506 5200 legis
514 5135 654 5201 precepta
662 5135 830 5184 servantem.
944 5146 1007 5186 rum
1023 5127 1132 5182 actione
1148 5128 1248 5182 eadere
1262 5127 1291 5181 in
1309 5126 1519 5200 blasphemiam,
1528 5132 1558 5182 et
1567 5126 1745 5198 vituperatio·
1768 5175 1774 5184 .

129 5215 174 5272 tl.
188 5217 538 5285 Participcssunlutluris.
563 5218 608 5274 Sic
618 5217 667 5290 qui
682 5219 769 5274 edunt
789 5235 902 5274 minem
943 5235 1007 5274 nem
1025 5217 1220 5290 imperitorum
1238 5216 1383 5272 hominum
1397 5216 1558 5288 putantium
1572 5233 1617 5270 me
1637 5215 1743 5270 idolum

87 5304 214 5372 chrisa,
229 5311 261 5359 et
278 5305 447 5376 sangiunem
463 5307 524 5377 eius
538 5305 646 5373 bibunt,
667 5307 817 5380 participes
843 5308 903 5379 ejus
929 5297 1051 5380 'aliquid
1065 5322 1199 5378 magnum
1219 5305 1531 5378 existimare,quoniam
1539 5303 1745 5360 mevidentim-
1803 5309 1806 5315 '

86 5401 171 5450 ⁵⁰1²&
943 5397 1090 5454 molatium
1103 5412 1167 5451 cum
1181 5395 1339 5468 gratiarum
1355 5395 1464 5450 actione
1478 5393 1633 5448 comedere.

128 5483 175 5538 18.
193 5483 239 5540 ln
248 5485 574 5540 emulemurllominum
585 5486 646 5541 tad
656 5486 829 5544 iracundiam
837 5504 901 5560 pro·
977 5486 1023 5544 tl.
1039 5488 1162 5540 hunnos.
1178 5483 1268 5553 Sicyo
1282 5485 1465 5552 cumyrctic.
1481 5481 1511 5538 Si
1521 5496 1573 5553 ego
1583 5480 1683 5552 gratia
1693 5480 1744 5538 Dei

85 5587 238 5638 summm,
261 5571 628 5647 idolothylaeomedentes3
645 5575 720 5647 qnod
738 5591 794 5632 non
808 5576 898 5646 decet,
941 5574 1128 5642 communico,
1144 5572 1211 5646 quia
1233 5573 1262 5628 in
1277 5572 1366 5645 ipsius
1378 5571 1491 5628 nomine
1504 5571 1569 5641 ado,
1585 5569 1653 5644 quid
1674 5579 1744 5644 opus
