<?xml version="1.0" encoding="UTF-8"?>
<!DOCTYPE html PUBLIC "-//W3C//DTD XHTML 1.0 Transitional//EN"
    "http://www.w3.org/TR/xhtml1/DTD/xhtml1-transitional.dtd">
<html xmlns="http://www.w3.org/1999/xhtml" xml:lang="en" lang="en">
 <head>
  <title>
</title>
<meta http-equiv="Content-Type" content="text/html;charset=utf-8" />
  <meta name='ocr-system' content='tesseract 3.04.00' />
  <meta name='ocr-capabilities' content='ocr_page ocr_carea ocr_par ocr_line ocrx_word'/>
</head>
<body>
  <div class='ocr_page' id='page_1' title='image "./patrologiaecurs92unkngoog_0648.png"; bbox 0 0 3896 6170; ppageno 0'>
   <div class='ocr_carea' id='block_1_1' title="bbox 132 255 1764 341">
    <p class='ocr_par' dir='ltr' id='par_1_1' title="bbox 132 255 1764 341">
     <span class='ocr_line' id='line_1_1' title="bbox 132 255 1764 341; baseline -0.003 -23"><span class='ocrx_word' id='word_1_1' title='bbox 132 258 205 321; x_wconf 80' lang='lat' dir='ltr'>nas</span> <span class='ocrx_word' id='word_1_2' title='bbox 734 255 1168 332; x_wconf 68' lang='lat' dir='ltr'>oneramurmrpusis</span> <span class='ocrx_word' id='word_1_3' title='bbox 1692 265 1764 341; x_wconf 55' lang='grc' dir='ltr'>ηερ</span> 
     </span>
    </p>
   </div>
   <div class='ocr_carea' id='block_1_2' title="bbox 116 381 1773 3660">
    <p class='ocr_par' dir='ltr' id='par_1_2' title="bbox 124 381 1773 2589">
     <span class='ocr_line' id='line_1_2' title="bbox 131 381 1772 468; baseline 0.003 -30"><span class='ocrx_word' id='word_1_4' title='bbox 131 385 252 448; x_wconf 81' lang='lat' dir='ltr'>lotiones</span> <span class='ocrx_word' id='word_1_5' title='bbox 267 382 404 452; x_wconf 80' lang='lat' dir='ltr'>Cassiani.</span> <span class='ocrx_word' id='word_1_6' title='bbox 416 381 636 456; x_wconf 78' lang='lat' dir='ltr'>christophorus</span> <span class='ocrx_word' id='word_1_7' title='bbox 651 382 830 456; x_wconf 84' lang='lat' dir='ltr'>pastoralem.</span> <span class='ocrx_word' id='word_1_8' title='bbox 848 382 1059 445; x_wconf 77' lang='lat' dir='ltr'>Adai-Aetium</span> <span class='ocrx_word' id='word_1_9' title='bbox 1074 385 1103 440; x_wconf 93' lang='lat' dir='ltr'>in</span> <span class='ocrx_word' id='word_1_10' title='bbox 1127 385 1188 456; x_wconf 85' lang='lat' dir='ltr'>ipsa</span> <span class='ocrx_word' id='word_1_11' title='bbox 1203 386 1318 456; x_wconf 79' lang='lat' dir='ltr'>eeclesia</span> <span class='ocrx_word' id='word_1_12' title='bbox 1337 388 1467 453; x_wconf 81' lang='lat' dir='ltr'>exhalare</span> <span class='ocrx_word' id='word_1_13' title='bbox 1487 391 1628 468; x_wconf 77' lang='lat' dir='ltr'>spiritum.</span> <span class='ocrx_word' id='word_1_14' title='bbox 1650 393 1719 458; x_wconf 82' lang='lat' dir='ltr'>Quis</span> <span class='ocrx_word' id='word_1_15' title='bbox 1737 393 1772 456; x_wconf 78' lang='lat' dir='ltr'>de</span> 
     </span>
     <span class='ocr_line' id='line_1_3' title="bbox 129 471 1771 554; baseline 0.006 -28"><span class='ocrx_word' id='word_1_16' title='bbox 129 473 210 544; x_wconf 82' lang='lat' dir='ltr'>gisus</span> <span class='ocrx_word' id='word_1_17' title='bbox 222 472 305 544; x_wconf 89' lang='lat' dir='ltr'>psalt.</span> <span class='ocrx_word' id='word_1_18' title='bbox 314 471 440 526; x_wconf 76' lang='lat' dir='ltr'><strong>Andreas</strong></span> <span class='ocrx_word' id='word_1_19' title='bbox 449 471 607 542; x_wconf 82' lang='lat' dir='ltr'>Remigium</span> <span class='ocrx_word' id='word_1_20' title='bbox 617 488 703 543; x_wconf 91' lang='lat' dir='ltr'>super</span> <span class='ocrx_word' id='word_1_21' title='bbox 713 471 933 544; x_wconf 72' lang='lat' dir='ltr'>psalmosCom-</span> <span class='ocrx_word' id='word_1_22' title='bbox 974 473 1078 530; x_wconf 88' lang='lat' dir='ltr'>talibus</span> <span class='ocrx_word' id='word_1_23' title='bbox 1092 473 1211 536; x_wconf 82' lang='lat' dir='ltr'>dubitet,</span> <span class='ocrx_word' id='word_1_24' title='bbox 1228 476 1302 546; x_wconf 91' lang='lat' dir='ltr'>quod</span> <span class='ocrx_word' id='word_1_25' title='bbox 1312 492 1368 530; x_wconf 92' lang='lat' dir='ltr'>non</span> <span class='ocrx_word' id='word_1_26' title='bbox 1380 477 1475 534; x_wconf 88' lang='lat' dir='ltr'>statim</span> <span class='ocrx_word' id='word_1_27' title='bbox 1490 479 1526 534; x_wconf 85' lang='lat' dir='ltr'>ad</span> <span class='ocrx_word' id='word_1_28' title='bbox 1541 497 1629 554; x_wconf 81' lang='lat' dir='ltr'>regne</span> <span class='ocrx_word' id='word_1_29' title='bbox 1642 483 1771 552; x_wconf 87' lang='lat' dir='ltr'>polorum</span> 
     </span>
     <span class='ocr_line' id='line_1_4' title="bbox 130 557 1770 640; baseline 0.004 -22"><span class='ocrx_word' id='word_1_30' title='bbox 130 569 221 618; x_wconf 87' lang='lat' dir='ltr'>ment.</span> <span class='ocrx_word' id='word_1_31' title='bbox 241 561 370 634; x_wconf 81' lang='lat' dir='ltr'>Origenis</span> <span class='ocrx_word' id='word_1_32' title='bbox 390 577 420 614; x_wconf 91' lang='lat' dir='ltr'>m</span> <span class='ocrx_word' id='word_1_33' title='bbox 439 561 505 614; x_wconf 87' lang='lat' dir='ltr'>lesu</span> <span class='ocrx_word' id='word_1_34' title='bbox 520 561 605 616; x_wconf 88' lang='lat' dir='ltr'>Nave.</span> <span class='ocrx_word' id='word_1_35' title='bbox 627 561 811 616; x_wconf 86' lang='lat' dir='ltr'>Bauzmarus.</span> <span class='ocrx_word' id='word_1_36' title='bbox 832 557 933 614; x_wconf 83' lang='lat' dir='ltr'><strong>Isidori</strong></span> <span class='ocrx_word' id='word_1_37' title='bbox 974 563 1147 632; x_wconf 82' lang='lat' dir='ltr'>penetrent?</span> <span class='ocrx_word' id='word_1_38' title='bbox 1171 563 1269 618; x_wconf 89' lang='lat' dir='ltr'>Dirinn</span> <span class='ocrx_word' id='word_1_39' title='bbox 1289 581 1375 636; x_wconf 88' lang='lat' dir='ltr'>opera</span> <span class='ocrx_word' id='word_1_40' title='bbox 1397 567 1490 623; x_wconf 87' lang='lat' dir='ltr'>dulcia</span> <span class='ocrx_word' id='word_1_41' title='bbox 1514 575 1581 624; x_wconf 91' lang='lat' dir='ltr'>sunt</span> <span class='ocrx_word' id='word_1_42' title='bbox 1605 569 1770 640; x_wconf 88' lang='lat' dir='ltr'>volentibus,</span> 
     </span>
     <span class='ocr_line' id='line_1_5' title="bbox 130 637 1772 732; baseline 0.004 -26"><span class='ocrx_word' id='word_1_43' title='bbox 130 651 359 706; x_wconf 79' lang='lat' dir='ltr'>testimoniorum</span> <span class='ocrx_word' id='word_1_44' title='bbox 388 649 422 703; x_wconf 90' lang='lat' dir='ltr'>de</span> <span class='ocrx_word' id='word_1_45' title='bbox 452 649 520 704; x_wconf 90' lang='lat' dir='ltr'>Deo.</span> <span class='ocrx_word' id='word_1_46' title='bbox 548 650 722 716; x_wconf 88' lang='lat' dir='ltr'>Frederieus,</span> <span class='ocrx_word' id='word_1_47' title='bbox 749 649 932 722; x_wconf 75' lang='lat' dir='ltr'><strong>cyprianum.</strong></span> <span class='ocrx_word' id='word_1_48' title='bbox 974 665 1072 703; x_wconf 74' lang='lat' dir='ltr'>antara</span> <span class='ocrx_word' id='word_1_49' title='bbox 1085 651 1217 706; x_wconf 85' lang='lat' dir='ltr'>ridentur</span> <span class='ocrx_word' id='word_1_50' title='bbox 1230 653 1397 708; x_wconf 86' lang='lat' dir='ltr'>nolentibus·</span> <span class='ocrx_word' id='word_1_51' title='bbox 1408 656 1450 712; x_wconf 88' lang='lat' dir='ltr'>lta</span> <span class='ocrx_word' id='word_1_52' title='bbox 1462 655 1565 712; x_wconf 88' lang='lat' dir='ltr'>debent</span> <span class='ocrx_word' id='word_1_53' title='bbox 1577 675 1647 730; x_wconf 87' lang='lat' dir='ltr'>opus</span> <span class='ocrx_word' id='word_1_54' title='bbox 1661 659 1711 713; x_wconf 87' lang='lat' dir='ltr'>Dei</span> <span class='ocrx_word' id='word_1_55' title='bbox 1719 637 1772 732; x_wconf 71' lang='lat' dir='ltr'>per</span> 
     </span>
     <span class='ocr_line' id='line_1_6' title="bbox 129 737 1773 818; baseline 0.004 -24"><span class='ocrx_word' id='word_1_56' title='bbox 129 741 285 804; x_wconf 79' lang='lat' dir='ltr'>Gerardus,</span> <span class='ocrx_word' id='word_1_57' title='bbox 297 740 452 794; x_wconf 85' lang='lat' dir='ltr'>Exameron</span> <span class='ocrx_word' id='word_1_58' title='bbox 465 737 613 792; x_wconf 75' lang='lat' dir='ltr'><strong>Ambrosii.</strong></span> <span class='ocrx_word' id='word_1_59' title='bbox 628 739 728 804; x_wconf 85' lang='lat' dir='ltr'>Gaulo,</span> <span class='ocrx_word' id='word_1_60' title='bbox 740 741 812 808; x_wconf 86' lang='lat' dir='ltr'>hug.</span> <span class='ocrx_word' id='word_1_61' title='bbox 825 738 860 792; x_wconf 93' lang='lat' dir='ltr'>de</span> <span class='ocrx_word' id='word_1_62' title='bbox 869 737 931 792; x_wconf 89' lang='lat' dir='ltr'>Tri·</span> <span class='ocrx_word' id='word_1_63' title='bbox 975 738 1070 793; x_wconf 91' lang='lat' dir='ltr'>omnia</span> <span class='ocrx_word' id='word_1_64' title='bbox 1081 755 1179 812; x_wconf 81' lang='lat' dir='ltr'>agere,</span> <span class='ocrx_word' id='word_1_65' title='bbox 1198 740 1270 795; x_wconf 86' lang='lat' dir='ltr'>sicut</span> <span class='ocrx_word' id='word_1_66' title='bbox 1281 741 1321 798; x_wconf 88' lang='lat' dir='ltr'>illi</span> <span class='ocrx_word' id='word_1_67' title='bbox 1333 743 1417 814; x_wconf 89' lang='lat' dir='ltr'>[sani]</span> <span class='ocrx_word' id='word_1_68' title='bbox 1431 744 1460 799; x_wconf 90' lang='lat' dir='ltr'>in</span> <span class='ocrx_word' id='word_1_69' title='bbox 1474 747 1644 800; x_wconf 88' lang='lat' dir='ltr'>monasterio</span> <span class='ocrx_word' id='word_1_70' title='bbox 1655 765 1661 814; x_wconf 90' lang='lat'>;</span> <span class='ocrx_word' id='word_1_71' title='bbox 1671 753 1773 818; x_wconf 87' lang='lat' dir='ltr'>praeter</span> 
     </span>
     <span class='ocr_line' id='line_1_7' title="bbox 127 826 1765 901; baseline 0.003 -17"><span class='ocrx_word' id='word_1_72' title='bbox 127 830 236 884; x_wconf 69' lang='lat' dir='ltr'>nitate:</span> <span class='ocrx_word' id='word_1_73' title='bbox 249 828 392 884; x_wconf 85' lang='lat' dir='ltr'>Gerardus</span> <span class='ocrx_word' id='word_1_74' title='bbox 408 827 462 884; x_wconf 82' lang='grc' dir='ltr'>ΧΠ</span> <span class='ocrx_word' id='word_1_75' title='bbox 480 826 678 882; x_wconf 85' lang='lat' dir='ltr'>Homiliarum.</span> <span class='ocrx_word' id='word_1_76' title='bbox 692 829 800 888; x_wconf 81' lang='lat' dir='ltr'>Petrus,</span> <span class='ocrx_word' id='word_1_77' title='bbox 815 826 932 880; x_wconf 88' lang='lat' dir='ltr'>moralia</span> <span class='ocrx_word' id='word_1_78' title='bbox 973 829 1048 898; x_wconf 92' lang='lat' dir='ltr'>quod</span> <span class='ocrx_word' id='word_1_79' title='bbox 1058 829 1160 884; x_wconf 87' lang='lat' dir='ltr'>leniter</span> <span class='ocrx_word' id='word_1_80' title='bbox 1168 835 1253 901; x_wconf 89' lang='lat' dir='ltr'>atque</span> <span class='ocrx_word' id='word_1_81' title='bbox 1266 831 1369 884; x_wconf 88' lang='lat' dir='ltr'>cursim</span> <span class='ocrx_word' id='word_1_82' title='bbox 1381 832 1476 888; x_wconf 90' lang='lat' dir='ltr'>dieunt</span> <span class='ocrx_word' id='word_1_83' title='bbox 1492 857 1498 889; x_wconf 76' lang='grc' dir='ltr'><strong>ε</strong></span> <span class='ocrx_word' id='word_1_84' title='bbox 1514 834 1693 890; x_wconf 88' lang='lat' dir='ltr'>intervallum</span> <span class='ocrx_word' id='word_1_85' title='bbox 1709 852 1765 890; x_wconf 92' lang='lat' dir='ltr'>non</span> 
     </span>
     <span class='ocr_line' id='line_1_8' title="bbox 128 915 1771 1001; baseline 0.004 -30"><span class='ocrx_word' id='word_1_86' title='bbox 128 917 158 971; x_wconf 88' lang='lat' dir='ltr'>in</span> <span class='ocrx_word' id='word_1_87' title='bbox 171 917 234 974; x_wconf 88' lang='lat' dir='ltr'>Job.</span> <span class='ocrx_word' id='word_1_88' title='bbox 246 917 397 976; x_wconf 89' lang='lat' dir='ltr'>Theobald.</span> <span class='ocrx_word' id='word_1_89' title='bbox 410 917 510 970; x_wconf 84' lang='lat' dir='ltr'>lohan.</span> <span class='ocrx_word' id='word_1_90' title='bbox 534 916 766 988; x_wconf 88' lang='lat' dir='ltr'>Chrysostomum</span> <span class='ocrx_word' id='word_1_91' title='bbox 796 916 823 970; x_wconf 93' lang='lat' dir='ltr'>in</span> <span class='ocrx_word' id='word_1_92' title='bbox 842 915 930 969; x_wconf 81' lang='lat' dir='ltr'>Malli.</span> <span class='ocrx_word' id='word_1_93' title='bbox 971 922 1057 988; x_wconf 86' lang='lat' dir='ltr'>agant</span> <span class='ocrx_word' id='word_1_94' title='bbox 1072 935 1078 970; x_wconf 92' lang='lat'><strong>:</strong></span> <span class='ocrx_word' id='word_1_95' title='bbox 1096 919 1166 972; x_wconf 80' lang='lat' dir='ltr'>Deus</span> <span class='ocrx_word' id='word_1_96' title='bbox 1177 920 1296 972; x_wconf 71' lang='lat' dir='ltr'>uteribus</span> <span class='ocrx_word' id='word_1_97' title='bbox 1310 919 1456 980; x_wconf 85' lang='lat' dir='ltr'>dimittant</span> <span class='ocrx_word' id='word_1_98' title='bbox 1470 940 1475 975; x_wconf 93' lang='lat'><strong>:</strong></span> <span class='ocrx_word' id='word_1_99' title='bbox 1491 921 1600 994; x_wconf 88' lang='lat' dir='ltr'>expleto</span> <span class='ocrx_word' id='word_1_100' title='bbox 1618 939 1701 1001; x_wconf 88' lang='lat' dir='ltr'>opere</span> <span class='ocrx_word' id='word_1_101' title='bbox 1720 923 1771 979; x_wconf 90' lang='lat' dir='ltr'>Dei</span> 
     </span>
     <span class='ocr_line' id='line_1_9' title="bbox 129 1004 1772 1086; baseline 0.003 -24"><span class='ocrx_word' id='word_1_102' title='bbox 129 1007 267 1078; x_wconf 83' lang='lat' dir='ltr'>Stephon.</span> <span class='ocrx_word' id='word_1_103' title='bbox 281 1005 366 1062; x_wconf 86' lang='lat' dir='ltr'>Psalt.</span> <span class='ocrx_word' id='word_1_104' title='bbox 383 1005 479 1076; x_wconf 82' lang='lat' dir='ltr'>Steph.</span> <span class='ocrx_word' id='word_1_105' title='bbox 496 1004 689 1072; x_wconf 77' lang='lat' dir='ltr'>Ambrosium,</span> <span class='ocrx_word' id='word_1_106' title='bbox 703 1011 753 1059; x_wconf 88' lang='lat' dir='ltr'>aut</span> <span class='ocrx_word' id='word_1_107' title='bbox 767 1007 881 1059; x_wconf 90' lang='lat' dir='ltr'>Petrum</span> <span class='ocrx_word' id='word_1_108' title='bbox 898 1005 930 1058; x_wconf 95' lang='lat' dir='ltr'>in</span> <span class='ocrx_word' id='word_1_109' title='bbox 971 1009 1150 1060; x_wconf 80' lang='lat' dir='ltr'>revertantur</span> <span class='ocrx_word' id='word_1_110' title='bbox 1161 1005 1189 1060; x_wconf 88' lang='lat' dir='ltr'>in</span> <span class='ocrx_word' id='word_1_111' title='bbox 1205 1007 1411 1064; x_wconf 88' lang='lat' dir='ltr'>dormitorium.</span> <span class='ocrx_word' id='word_1_112' title='bbox 1422 1010 1467 1066; x_wconf 91' lang='lat' dir='ltr'>Illi</span> <span class='ocrx_word' id='word_1_113' title='bbox 1478 1028 1551 1077; x_wconf 89' lang='lat' dir='ltr'>rero,</span> <span class='ocrx_word' id='word_1_114' title='bbox 1561 1012 1608 1086; x_wconf 85' lang='lat' dir='ltr'>qui</span> <span class='ocrx_word' id='word_1_115' title='bbox 1620 1012 1659 1067; x_wconf 88' lang='lat' dir='ltr'>ita</span> <span class='ocrx_word' id='word_1_116' title='bbox 1674 1012 1772 1086; x_wconf 86' lang='lat' dir='ltr'>nimie-</span> 
     </span>
     <span class='ocr_line' id='line_1_10' title="bbox 129 1091 1770 1170; baseline 0.004 -20"><span class='ocrx_word' id='word_1_117' title='bbox 129 1095 337 1168; x_wconf 84' lang='lat' dir='ltr'>Apocalypsim.</span> <span class='ocrx_word' id='word_1_118' title='bbox 347 1094 588 1166; x_wconf 84' lang='lat' dir='ltr'>Raymund.llug.</span> <span class='ocrx_word' id='word_1_119' title='bbox 604 1111 691 1164; x_wconf 91' lang='lat' dir='ltr'>super</span> <span class='ocrx_word' id='word_1_120' title='bbox 701 1093 833 1165; x_wconf 89' lang='lat' dir='ltr'>psalmos.</span> <span class='ocrx_word' id='word_1_121' title='bbox 846 1091 930 1146; x_wconf 90' lang='lat' dir='ltr'>Tedri</span> <span class='ocrx_word' id='word_1_122' title='bbox 971 1095 1210 1153; x_wconf 84' lang='lat' dir='ltr'>tateinfrrmitatis</span> <span class='ocrx_word' id='word_1_123' title='bbox 1223 1097 1770 1170; x_wconf 82' lang='lat' dir='ltr'>detinenturquodnullomodoconsur-</span> 
     </span>
     <span class='ocr_line' id='line_1_11' title="bbox 128 1182 1771 1256; baseline 0.004 -19"><span class='ocrx_word' id='word_1_124' title='bbox 128 1201 187 1252; x_wconf 56' lang='lat' dir='ltr'>cos</span> <span class='ocrx_word' id='word_1_125' title='bbox 210 1184 415 1256; x_wconf 82' lang='lat' dir='ltr'><strong>Hieronymum</strong></span> <span class='ocrx_word' id='word_1_126' title='bbox 445 1182 480 1236; x_wconf 92' lang='lat' dir='ltr'>de</span> <span class='ocrx_word' id='word_1_127' title='bbox 505 1182 683 1254; x_wconf 88' lang='lat' dir='ltr'>philosophia</span> <span class='ocrx_word' id='word_1_128' title='bbox 703 1182 769 1238; x_wconf 90' lang='lat' dir='ltr'>Joh.</span> <span class='ocrx_word' id='word_1_129' title='bbox 796 1189 825 1236; x_wconf 91' lang='lat' dir='ltr'>et</span> <span class='ocrx_word' id='word_1_130' title='bbox 846 1197 931 1252; x_wconf 92' lang='lat' dir='ltr'>super</span> <span class='ocrx_word' id='word_1_131' title='bbox 970 1182 1230 1254; x_wconf 82' lang='lat' dir='ltr'>gereraleantmox</span> <span class='ocrx_word' id='word_1_132' title='bbox 1244 1189 1275 1240; x_wconf 91' lang='lat' dir='ltr'>ut</span> <span class='ocrx_word' id='word_1_133' title='bbox 1287 1185 1317 1239; x_wconf 94' lang='lat' dir='ltr'>in</span> <span class='ocrx_word' id='word_1_134' title='bbox 1329 1188 1499 1244; x_wconf 87' lang='lat' dir='ltr'>monasterio</span> <span class='ocrx_word' id='word_1_135' title='bbox 1511 1188 1616 1245; x_wconf 84' lang='lat' dir='ltr'>suerint</span> <span class='ocrx_word' id='word_1_136' title='bbox 1630 1189 1771 1244; x_wconf 87' lang='lat' dir='ltr'>celebrata</span> 
     </span>
     <span class='ocr_line' id='line_1_12' title="bbox 127 1269 1767 1348; baseline 0.004 -22"><span class='ocrx_word' id='word_1_137' title='bbox 127 1273 291 1346; x_wconf 87' lang='lat' dir='ltr'>prophetas.</span> <span class='ocrx_word' id='word_1_138' title='bbox 314 1272 380 1328; x_wconf 79' lang='lat' dir='ltr'>ioh.</span> <span class='ocrx_word' id='word_1_139' title='bbox 413 1271 489 1325; x_wconf 91' lang='lat' dir='ltr'>dicta</span> <span class='ocrx_word' id='word_1_140' title='bbox 511 1271 599 1325; x_wconf 80' lang='lat' dir='ltr'>saneti</span> <span class='ocrx_word' id='word_1_141' title='bbox 624 1269 732 1325; x_wconf 89' lang='lat' dir='ltr'>Basilii.</span> <span class='ocrx_word' id='word_1_142' title='bbox 761 1269 928 1342; x_wconf 83' lang='lat' dir='ltr'>hidulphus,</span> <span class='ocrx_word' id='word_1_143' title='bbox 970 1271 1410 1344; x_wconf 72' lang='lat' dir='ltr'>nocturnaliaobsequiaannuat</span> <span class='ocrx_word' id='word_1_144' title='bbox 1421 1275 1528 1348; x_wconf 82' lang='lat' dir='ltr'>ille,qui</span> <span class='ocrx_word' id='word_1_145' title='bbox 1540 1278 1668 1332; x_wconf 91' lang='lat' dir='ltr'>ordinem</span> <span class='ocrx_word' id='word_1_146' title='bbox 1679 1285 1767 1345; x_wconf 90' lang='lat' dir='ltr'>tenet,</span> 
     </span>
     <span class='ocr_line' id='line_1_13' title="bbox 128 1358 1759 1436; baseline 0.004 -21"><span class='ocrx_word' id='word_1_147' title='bbox 128 1361 334 1434; x_wconf 84' lang='lat' dir='ltr'><strong>Hieronymum</strong></span> <span class='ocrx_word' id='word_1_148' title='bbox 351 1361 380 1414; x_wconf 90' lang='lat' dir='ltr'>in</span> <span class='ocrx_word' id='word_1_149' title='bbox 395 1360 513 1417; x_wconf 77' lang='lat' dir='ltr'>Isaiamr</span> <span class='ocrx_word' id='word_1_150' title='bbox 527 1359 671 1421; x_wconf 81' lang='lat' dir='ltr'>Amulius,</span> <span class='ocrx_word' id='word_1_151' title='bbox 686 1359 875 1432; x_wconf 85' lang='lat' dir='ltr'>Augustinum</span> <span class='ocrx_word' id='word_1_152' title='bbox 895 1358 929 1413; x_wconf 90' lang='lat' dir='ltr'>de</span> <span class='ocrx_word' id='word_1_153' title='bbox 971 1359 1079 1416; x_wconf 90' lang='lat' dir='ltr'>duobus</span> <span class='ocrx_word' id='word_1_154' title='bbox 1094 1359 1227 1416; x_wconf 79' lang='lat' dir='ltr'>iratribus</span> <span class='ocrx_word' id='word_1_155' title='bbox 1245 1363 1292 1432; x_wconf 90' lang='lat' dir='ltr'>qui</span> <span class='ocrx_word' id='word_1_156' title='bbox 1311 1362 1367 1417; x_wconf 88' lang='lat' dir='ltr'>illis</span> <span class='ocrx_word' id='word_1_157' title='bbox 1382 1363 1506 1426; x_wconf 88' lang='lat' dir='ltr'>divinum</span> <span class='ocrx_word' id='word_1_158' title='bbox 1521 1382 1592 1436; x_wconf 91' lang='lat' dir='ltr'>epus</span> <span class='ocrx_word' id='word_1_159' title='bbox 1607 1367 1759 1423; x_wconf 82' lang='lat' dir='ltr'>decantent</span> 
     </span>
     <span class='ocr_line' id='line_1_14' title="bbox 128 1447 1768 1523; baseline 0.002 -19"><span class='ocrx_word' id='word_1_160' title='bbox 128 1455 187 1504; x_wconf 82' lang='lat' dir='ltr'>nat.</span> <span class='ocrx_word' id='word_1_161' title='bbox 209 1457 239 1504; x_wconf 88' lang='lat' dir='ltr'>et</span> <span class='ocrx_word' id='word_1_162' title='bbox 251 1455 324 1522; x_wconf 77' lang='lat' dir='ltr'>grat.</span> <span class='ocrx_word' id='word_1_163' title='bbox 341 1448 514 1503; x_wconf 89' lang='lat' dir='ltr'>Humbertus</span> <span class='ocrx_word' id='word_1_164' title='bbox 529 1447 614 1501; x_wconf 80' lang='lat' dir='ltr'>uitam</span> <span class='ocrx_word' id='word_1_165' title='bbox 629 1449 657 1503; x_wconf 83' lang='lat' dir='ltr'>S.</span> <span class='ocrx_word' id='word_1_166' title='bbox 675 1447 769 1504; x_wconf 88' lang='lat' dir='ltr'>Silari.</span> <span class='ocrx_word' id='word_1_167' title='bbox 783 1447 927 1518; x_wconf 85' lang='lat' dir='ltr'>Leodega-</span> <span class='ocrx_word' id='word_1_168' title='bbox 971 1448 1156 1518; x_wconf 85' lang='lat' dir='ltr'>Surgentibus</span> <span class='ocrx_word' id='word_1_169' title='bbox 1169 1465 1234 1503; x_wconf 88' lang='lat' dir='ltr'>rero</span> <span class='ocrx_word' id='word_1_170' title='bbox 1245 1449 1299 1504; x_wconf 91' lang='lat' dir='ltr'>illis</span> <span class='ocrx_word' id='word_1_171' title='bbox 1317 1457 1348 1504; x_wconf 89' lang='lat' dir='ltr'>ut</span> <span class='ocrx_word' id='word_1_172' title='bbox 1367 1468 1452 1523; x_wconf 89' lang='lat' dir='ltr'>supra</span> <span class='ocrx_word' id='word_1_173' title='bbox 1463 1470 1496 1507; x_wconf 82' lang='lat' dir='ltr'>ex</span> <span class='ocrx_word' id='word_1_174' title='bbox 1507 1453 1616 1508; x_wconf 86' lang='lat' dir='ltr'>lectulis</span> <span class='ocrx_word' id='word_1_175' title='bbox 1627 1454 1695 1519; x_wconf 89' lang='lat' dir='ltr'>suis,</span> <span class='ocrx_word' id='word_1_176' title='bbox 1706 1454 1768 1508; x_wconf 82' lang='lat' dir='ltr'>luce</span> 
     </span>
     <span class='ocr_line' id='line_1_15' title="bbox 128 1535 1769 1622; baseline 0.002 -30"><span class='ocrx_word' id='word_1_177' title='bbox 128 1539 196 1599; x_wconf 84' lang='lat' dir='ltr'>rius,</span> <span class='ocrx_word' id='word_1_178' title='bbox 212 1537 414 1610; x_wconf 82' lang='lat' dir='ltr'>expositionem</span> <span class='ocrx_word' id='word_1_179' title='bbox 429 1536 457 1590; x_wconf 92' lang='lat' dir='ltr'>in</span> <span class='ocrx_word' id='word_1_180' title='bbox 469 1535 703 1592; x_wconf 74' lang='lat' dir='ltr'>pentateuchum.</span> <span class='ocrx_word' id='word_1_181' title='bbox 719 1537 862 1604; x_wconf 72' lang='lat' dir='ltr'>Ledrieus¹</span> <span class='ocrx_word' id='word_1_182' title='bbox 880 1536 928 1590; x_wconf 83' lang='lat' dir='ltr'>hi-</span> <span class='ocrx_word' id='word_1_183' title='bbox 969 1536 1023 1592; x_wconf 91' lang='lat' dir='ltr'>diei</span> <span class='ocrx_word' id='word_1_184' title='bbox 1032 1539 1327 1608; x_wconf 70' lang='lat' dir='ltr'>apppareutsvelorto</span> <span class='ocrx_word' id='word_1_185' title='bbox 1334 1541 1394 1610; x_wconf 89' lang='lat' dir='ltr'>jam</span> <span class='ocrx_word' id='word_1_186' title='bbox 1404 1541 1462 1596; x_wconf 91' lang='lat' dir='ltr'>sole</span> <span class='ocrx_word' id='word_1_187' title='bbox 1473 1541 1566 1598; x_wconf 85' lang='lat' dir='ltr'>lavent</span> <span class='ocrx_word' id='word_1_188' title='bbox 1576 1559 1676 1606; x_wconf 87' lang='lat' dir='ltr'>manus</span> <span class='ocrx_word' id='word_1_189' title='bbox 1684 1547 1769 1622; x_wconf 69' lang='lat' dir='ltr'>atque</span> 
     </span>
     <span class='ocr_line' id='line_1_16' title="bbox 127 1625 1768 1698; baseline 0.004 -16"><span class='ocrx_word' id='word_1_190' title='bbox 127 1644 242 1682; x_wconf 90' lang='lat' dir='ltr'>monem</span> <span class='ocrx_word' id='word_1_191' title='bbox 256 1643 341 1698; x_wconf 91' lang='lat' dir='ltr'>super</span> <span class='ocrx_word' id='word_1_192' title='bbox 353 1625 495 1682; x_wconf 88' lang='lat' dir='ltr'>Genesim.</span> <span class='ocrx_word' id='word_1_193' title='bbox 511 1626 661 1689; x_wconf 86' lang='lat' dir='ltr'>Martinus,</span> <span class='ocrx_word' id='word_1_194' title='bbox 676 1626 824 1680; x_wconf 77' lang='lat' dir='ltr'>aimonem</span> <span class='ocrx_word' id='word_1_195' title='bbox 844 1642 929 1698; x_wconf 91' lang='lat' dir='ltr'>super</span> <span class='ocrx_word' id='word_1_196' title='bbox 970 1625 1053 1680; x_wconf 79' lang='lat' dir='ltr'>iacies</span> <span class='ocrx_word' id='word_1_197' title='bbox 1067 1642 1141 1686; x_wconf 81' lang='lat' dir='ltr'>suas,</span> <span class='ocrx_word' id='word_1_198' title='bbox 1154 1634 1183 1680; x_wconf 88' lang='lat' dir='ltr'>et</span> <span class='ocrx_word' id='word_1_199' title='bbox 1196 1628 1363 1683; x_wconf 84' lang='lat' dir='ltr'>conveniant</span> <span class='ocrx_word' id='word_1_200' title='bbox 1375 1629 1402 1684; x_wconf 92' lang='lat' dir='ltr'>in</span> <span class='ocrx_word' id='word_1_201' title='bbox 1419 1631 1573 1688; x_wconf 86' lang='lat' dir='ltr'>oratorium</span> <span class='ocrx_word' id='word_1_202' title='bbox 1587 1632 1696 1689; x_wconf 83' lang='lat' dir='ltr'>Sanetae</span> <span class='ocrx_word' id='word_1_203' title='bbox 1706 1630 1768 1688; x_wconf 82' lang='lat' dir='ltr'>Ma·</span> 
     </span>
     <span class='ocr_line' id='line_1_17' title="bbox 127 1713 1767 1793; baseline 0.001 -23"><span class='ocrx_word' id='word_1_204' title='bbox 127 1717 242 1772; x_wconf 85' lang='lat' dir='ltr'>isaiam.</span> <span class='ocrx_word' id='word_1_205' title='bbox 258 1715 412 1770; x_wconf 83' lang='lat' dir='ltr'>Ambaldus</span> <span class='ocrx_word' id='word_1_206' title='bbox 420 1714 578 1786; x_wconf 81' lang='lat' dir='ltr'>Remigium</span> <span class='ocrx_word' id='word_1_207' title='bbox 598 1731 682 1786; x_wconf 90' lang='lat' dir='ltr'>super</span> <span class='ocrx_word' id='word_1_208' title='bbox 695 1714 958 1793; x_wconf 76' lang='lat' dir='ltr'>ecclesiasticumB</span> <span class='ocrx_word' id='word_1_209' title='bbox 970 1713 1026 1772; x_wconf 77' lang='lat' dir='ltr'>riae.</span> <span class='ocrx_word' id='word_1_210' title='bbox 1036 1720 1065 1768; x_wconf 93' lang='lat' dir='ltr'>et</span> <span class='ocrx_word' id='word_1_211' title='bbox 1078 1713 1195 1768; x_wconf 88' lang='lat' dir='ltr'>audiant</span> <span class='ocrx_word' id='word_1_212' title='bbox 1210 1716 1324 1769; x_wconf 90' lang='lat' dir='ltr'>missam</span> <span class='ocrx_word' id='word_1_213' title='bbox 1339 1716 1374 1776; x_wconf 91' lang='lat' dir='ltr'>ab</span> <span class='ocrx_word' id='word_1_214' title='bbox 1388 1716 1445 1772; x_wconf 88' lang='lat' dir='ltr'>illis</span> <span class='ocrx_word' id='word_1_215' title='bbox 1456 1719 1658 1783; x_wconf 88' lang='lat' dir='ltr'>sacerdotibus,</span> <span class='ocrx_word' id='word_1_216' title='bbox 1675 1719 1722 1790; x_wconf 89' lang='lat' dir='ltr'>qui</span> <span class='ocrx_word' id='word_1_217' title='bbox 1732 1719 1767 1773; x_wconf 91' lang='lat' dir='ltr'>il·</span> 
     </span>
     <span class='ocr_line' id='line_1_18' title="bbox 127 1801 1765 1874; baseline 0.002 -15"><span class='ocrx_word' id='word_1_218' title='bbox 127 1805 267 1860; x_wconf 83' lang='lat' dir='ltr'>Robertus</span> <span class='ocrx_word' id='word_1_219' title='bbox 277 1803 363 1859; x_wconf 86' lang='lat' dir='ltr'>ritum</span> <span class='ocrx_word' id='word_1_220' title='bbox 379 1805 468 1858; x_wconf 87' lang='lat' dir='ltr'>saneti</span> <span class='ocrx_word' id='word_1_221' title='bbox 480 1803 602 1858; x_wconf 88' lang='lat' dir='ltr'>Theutii.</span> <span class='ocrx_word' id='word_1_222' title='bbox 620 1803 768 1858; x_wconf 88' lang='lat' dir='ltr'>Girbertus</span> <span class='ocrx_word' id='word_1_223' title='bbox 778 1803 926 1858; x_wconf 88' lang='lat' dir='ltr'>Rabanum</span> <span class='ocrx_word' id='word_1_224' title='bbox 967 1801 1003 1856; x_wconf 90' lang='lat' dir='ltr'>lie</span> <span class='ocrx_word' id='word_1_225' title='bbox 1016 1801 1138 1874; x_wconf 89' lang='lat' dir='ltr'>primum</span> <span class='ocrx_word' id='word_1_226' title='bbox 1150 1803 1279 1858; x_wconf 75' lang='lat' dir='ltr'>menelai</span> <span class='ocrx_word' id='word_1_227' title='bbox 1294 1805 1464 1860; x_wconf 88' lang='lat' dir='ltr'>conveniunt</span> <span class='ocrx_word' id='word_1_228' title='bbox 1474 1823 1480 1858; x_wconf 92' lang='lat'>:</span> <span class='ocrx_word' id='word_1_229' title='bbox 1490 1806 1640 1868; x_wconf 84' lang='lat' dir='ltr'>atubinon</span> <span class='ocrx_word' id='word_1_230' title='bbox 1652 1808 1765 1874; x_wconf 82' lang='lat' dir='ltr'>adsunt,</span> 
     </span>
     <span class='ocr_line' id='line_1_19' title="bbox 126 1891 1765 1967; baseline 0.002 -20"><span class='ocrx_word' id='word_1_231' title='bbox 126 1911 213 1966; x_wconf 87' lang='lat' dir='ltr'>super</span> <span class='ocrx_word' id='word_1_232' title='bbox 227 1894 379 1949; x_wconf 84' lang='lat' dir='ltr'>ecclesiast.</span> <span class='ocrx_word' id='word_1_233' title='bbox 402 1893 545 1947; x_wconf 73' lang='lat' dir='ltr'>Vatrenus</span> <span class='ocrx_word' id='word_1_234' title='bbox 568 1893 768 1948; x_wconf 74' lang='lat' dir='ltr'>passionalem.</span> <span class='ocrx_word' id='word_1_235' title='bbox 791 1891 855 1946; x_wconf 89' lang='lat' dir='ltr'>Aito</span> <span class='ocrx_word' id='word_1_236' title='bbox 870 1893 927 1964; x_wconf 87' lang='lat' dir='ltr'>epi·</span> <span class='ocrx_word' id='word_1_237' title='bbox 967 1891 1061 1945; x_wconf 85' lang='lat' dir='ltr'>ueniat</span> <span class='ocrx_word' id='word_1_238' title='bbox 1072 1891 1167 1956; x_wconf 87' lang='lat' dir='ltr'>frater,</span> <span class='ocrx_word' id='word_1_239' title='bbox 1180 1891 1227 1962; x_wconf 91' lang='lat' dir='ltr'>qui</span> <span class='ocrx_word' id='word_1_240' title='bbox 1237 1892 1423 1948; x_wconf 85' lang='lat' dir='ltr'>sollieitusest</span> <span class='ocrx_word' id='word_1_241' title='bbox 1438 1912 1523 1967; x_wconf 90' lang='lat' dir='ltr'>super</span> <span class='ocrx_word' id='word_1_242' title='bbox 1537 1911 1584 1950; x_wconf 88' lang='lat' dir='ltr'>eos</span> <span class='ocrx_word' id='word_1_243' title='bbox 1593 1895 1622 1951; x_wconf 93' lang='lat' dir='ltr'>in</span> <span class='ocrx_word' id='word_1_244' title='bbox 1632 1897 1765 1965; x_wconf 88' lang='lat' dir='ltr'>claustro,</span> 
     </span>
     <span class='ocr_line' id='line_1_20' title="bbox 127 1967 1766 2054; baseline 0.001 -17"><span class='ocrx_word' id='word_1_245' title='bbox 127 1984 215 2038; x_wconf 89' lang='lat' dir='ltr'>stolas</span> <span class='ocrx_word' id='word_1_246' title='bbox 233 1983 323 2038; x_wconf 88' lang='lat' dir='ltr'>Pauli.</span> <span class='ocrx_word' id='word_1_247' title='bbox 339 1982 509 2038; x_wconf 84' lang='lat' dir='ltr'>Benedictus</span> <span class='ocrx_word' id='word_1_248' title='bbox 525 1981 644 2054; x_wconf 83' lang='lat' dir='ltr'><strong>Ephrem</strong></span> <span class='ocrx_word' id='word_1_249' title='bbox 656 1981 690 2035; x_wconf 90' lang='lat' dir='ltr'>de</span> <span class='ocrx_word' id='word_1_250' title='bbox 700 1981 924 2052; x_wconf 91' lang='lat' dir='ltr'>compunctione.</span> <span class='ocrx_word' id='word_1_251' title='bbox 967 1985 996 2034; x_wconf 89' lang='lat' dir='ltr'>et</span> <span class='ocrx_word' id='word_1_252' title='bbox 1006 1986 1112 2034; x_wconf 86' lang='lat' dir='ltr'>annuat</span> <span class='ocrx_word' id='word_1_253' title='bbox 1127 1980 1207 2035; x_wconf 85' lang='lat' dir='ltr'>fratri</span> <span class='ocrx_word' id='word_1_254' title='bbox 1231 1997 1314 2052; x_wconf 86' lang='lat' dir='ltr'>quem</span> <span class='ocrx_word' id='word_1_255' title='bbox 1340 1981 1400 2054; x_wconf 92' lang='lat' dir='ltr'>ipse</span> <span class='ocrx_word' id='word_1_256' title='bbox 1424 1983 1500 2049; x_wconf 88' lang='lat' dir='ltr'>velit,</span> <span class='ocrx_word' id='word_1_257' title='bbox 1517 1991 1625 2044; x_wconf 80' lang='lat' dir='ltr'>exeant.</span> <span class='ocrx_word' id='word_1_258' title='bbox 1643 1993 1671 2040; x_wconf 89' lang='lat' dir='ltr'>et</span> <span class='ocrx_word' id='word_1_259' title='bbox 1689 1967 1766 2040; x_wconf 88' lang='lat' dir='ltr'>dicat</span> 
     </span>
     <span class='ocr_line' id='line_1_21' title="bbox 125 2067 1765 2142; baseline 0.001 -16"><span class='ocrx_word' id='word_1_260' title='bbox 125 2071 272 2128; x_wconf 80' lang='lat' dir='ltr'>lohannes</span> <span class='ocrx_word' id='word_1_261' title='bbox 287 2073 373 2130; x_wconf 83' lang='lat' dir='ltr'>uitam</span> <span class='ocrx_word' id='word_1_262' title='bbox 396 2073 492 2128; x_wconf 71' lang='lat' dir='ltr'>Mariae</span> <span class='ocrx_word' id='word_1_263' title='bbox 513 2071 693 2142; x_wconf 76' lang='lat' dir='ltr'>AEgyptiacre.</span> <span class='ocrx_word' id='word_1_264' title='bbox 711 2071 859 2125; x_wconf 84' lang='lat' dir='ltr'>Saturnius</span> <span class='ocrx_word' id='word_1_265' title='bbox 873 2071 927 2126; x_wconf 88' lang='lat' dir='ltr'>En·</span> <span class='ocrx_word' id='word_1_266' title='bbox 967 2067 1025 2137; x_wconf 89' lang='lat' dir='ltr'>[ille</span> <span class='ocrx_word' id='word_1_267' title='bbox 1041 2068 1176 2140; x_wconf 78' lang='lat' dir='ltr'>missaml,</span> <span class='ocrx_word' id='word_1_268' title='bbox 1187 2068 1271 2139; x_wconf 92' lang='lat' dir='ltr'>etqui</span> <span class='ocrx_word' id='word_1_269' title='bbox 1284 2071 1491 2126; x_wconf 87' lang='lat' dir='ltr'>communicare</span> <span class='ocrx_word' id='word_1_270' title='bbox 1500 2072 1568 2136; x_wconf 86' lang='lat' dir='ltr'>vult,</span> <span class='ocrx_word' id='word_1_271' title='bbox 1584 2072 1765 2131; x_wconf 79' lang='lat' dir='ltr'>faeiatNullo</span> 
     </span>
     <span class='ocr_line' id='line_1_22' title="bbox 128 2157 1765 2234; baseline 0.001 -20"><span class='ocrx_word' id='word_1_272' title='bbox 128 2161 277 2218; x_wconf 87' lang='lat' dir='ltr'>chiridion.</span> <span class='ocrx_word' id='word_1_273' title='bbox 295 2164 413 2234; x_wconf 79' lang='lat' dir='ltr'>August.</span> <span class='ocrx_word' id='word_1_274' title='bbox 429 2161 460 2216; x_wconf 83' lang='lat' dir='ltr'>F.</span> <span class='ocrx_word' id='word_1_275' title='bbox 479 2161 628 2215; x_wconf 89' lang='lat' dir='ltr'>Wirardus</span> <span class='ocrx_word' id='word_1_276' title='bbox 638 2159 784 2214; x_wconf 87' lang='lat' dir='ltr'>historiam</span> <span class='ocrx_word' id='word_1_277' title='bbox 798 2159 924 2231; x_wconf 78' lang='lat' dir='ltr'>losephi.</span> <span class='ocrx_word' id='word_1_278' title='bbox 967 2157 1070 2227; x_wconf 92' lang='lat' dir='ltr'>quippe</span> <span class='ocrx_word' id='word_1_279' title='bbox 1084 2161 1211 2228; x_wconf 84' lang='lat' dir='ltr'>ternpore</span> <span class='ocrx_word' id='word_1_280' title='bbox 1226 2157 1369 2228; x_wconf 77' lang='lat' dir='ltr'>praeterire</span> <span class='ocrx_word' id='word_1_281' title='bbox 1387 2157 1492 2214; x_wconf 91' lang='lat' dir='ltr'>debent</span> <span class='ocrx_word' id='word_1_282' title='bbox 1504 2161 1578 2232; x_wconf 87' lang='lat' dir='ltr'>quod</span> <span class='ocrx_word' id='word_1_283' title='bbox 1592 2160 1645 2232; x_wconf 90' lang='lat' dir='ltr'>ipsi</span> <span class='ocrx_word' id='word_1_284' title='bbox 1658 2161 1765 2216; x_wconf 83' lang='lat' dir='ltr'>inhrmi</span> 
     </span>
     <span class='ocr_line' id='line_1_23' title="bbox 125 2245 1766 2324; baseline 0.003 -19"><span class='ocrx_word' id='word_1_285' title='bbox 125 2251 158 2306; x_wconf 87' lang='lat' dir='ltr'>F.</span> <span class='ocrx_word' id='word_1_286' title='bbox 172 2251 271 2324; x_wconf 88' lang='lat' dir='ltr'>Steph.</span> <span class='ocrx_word' id='word_1_287' title='bbox 287 2249 388 2306; x_wconf 91' lang='lat' dir='ltr'>Isidor.</span> <span class='ocrx_word' id='word_1_288' title='bbox 405 2249 592 2322; x_wconf 86' lang='lat' dir='ltr'>etymoligiar.</span> <span class='ocrx_word' id='word_1_289' title='bbox 609 2249 639 2304; x_wconf 87' lang='lat' dir='ltr'>F.</span> <span class='ocrx_word' id='word_1_290' title='bbox 657 2247 804 2305; x_wconf 88' lang='lat' dir='ltr'>Heinrious</span> <span class='ocrx_word' id='word_1_291' title='bbox 817 2248 864 2302; x_wconf 87' lang='lat' dir='ltr'>lib.</span> <span class='ocrx_word' id='word_1_292' title='bbox 880 2266 925 2303; x_wconf 88' lang='lat' dir='ltr'>re·</span> <span class='ocrx_word' id='word_1_293' title='bbox 967 2261 1078 2298; x_wconf 88' lang='lat' dir='ltr'>sacrum</span> <span class='ocrx_word' id='word_1_294' title='bbox 1093 2261 1145 2316; x_wconf 91' lang='lat' dir='ltr'>per</span> <span class='ocrx_word' id='word_1_295' title='bbox 1160 2245 1286 2316; x_wconf 82' lang='lat' dir='ltr'>singulos</span> <span class='ocrx_word' id='word_1_296' title='bbox 1300 2247 1361 2302; x_wconf 84' lang='lat' dir='ltr'>dies</span> <span class='ocrx_word' id='word_1_297' title='bbox 1374 2265 1431 2302; x_wconf 92' lang='lat' dir='ltr'>non</span> <span class='ocrx_word' id='word_1_298' title='bbox 1452 2249 1569 2304; x_wconf 90' lang='lat' dir='ltr'>audiant</span> <span class='ocrx_word' id='word_1_299' title='bbox 1595 2249 1701 2320; x_wconf 73' lang='lat' dir='ltr'>aegere</span> <span class='ocrx_word' id='word_1_300' title='bbox 1713 2266 1766 2310; x_wconf 81' lang='lat' dir='ltr'>au·</span> 
     </span>
     <span class='ocr_line' id='line_1_24' title="bbox 124 2333 1760 2412; baseline -0.001 -18"><span class='ocrx_word' id='word_1_301' title='bbox 124 2357 194 2412; x_wconf 80' lang='lat' dir='ltr'>gum</span> <span class='ocrx_word' id='word_1_302' title='bbox 214 2341 249 2397; x_wconf 86' lang='lat' dir='ltr'>F.</span> <span class='ocrx_word' id='word_1_303' title='bbox 273 2339 426 2395; x_wconf 88' lang='lat' dir='ltr'>Gerhertus</span> <span class='ocrx_word' id='word_1_304' title='bbox 442 2339 615 2394; x_wconf 79' lang='lat' dir='ltr'>Aurelianus</span> <span class='ocrx_word' id='word_1_305' title='bbox 636 2339 708 2410; x_wconf 82' lang='lat' dir='ltr'>Aug.</span> <span class='ocrx_word' id='word_1_306' title='bbox 734 2338 764 2395; x_wconf 86' lang='lat' dir='ltr'>F.</span> <span class='ocrx_word' id='word_1_307' title='bbox 785 2338 925 2396; x_wconf 86' lang='lat' dir='ltr'>Rainerus</span> <span class='ocrx_word' id='word_1_308' title='bbox 965 2338 1022 2387; x_wconf 89' lang='lat' dir='ltr'>tom</span> <span class='ocrx_word' id='word_1_309' title='bbox 1040 2339 1090 2387; x_wconf 91' lang='lat' dir='ltr'>aut</span> <span class='ocrx_word' id='word_1_310' title='bbox 1106 2333 1207 2387; x_wconf 88' lang='lat' dir='ltr'>missas</span> <span class='ocrx_word' id='word_1_311' title='bbox 1222 2350 1323 2388; x_wconf 89' lang='lat' dir='ltr'>canere</span> <span class='ocrx_word' id='word_1_312' title='bbox 1338 2335 1406 2390; x_wconf 91' lang='lat' dir='ltr'>nulli</span> <span class='ocrx_word' id='word_1_313' title='bbox 1426 2353 1458 2390; x_wconf 87' lang='lat' dir='ltr'>ex</span> <span class='ocrx_word' id='word_1_314' title='bbox 1478 2336 1546 2408; x_wconf 89' lang='lat' dir='ltr'>ipsis</span> <span class='ocrx_word' id='word_1_315' title='bbox 1561 2337 1643 2392; x_wconf 87' lang='lat' dir='ltr'>liceat</span> <span class='ocrx_word' id='word_1_316' title='bbox 1660 2337 1760 2403; x_wconf 84' lang='lat' dir='ltr'>lacere,</span> 
     </span>
     <span class='ocr_line' id='line_1_25' title="bbox 125 2416 1763 2502; baseline 0.001 -16"><span class='ocrx_word' id='word_1_317' title='bbox 125 2430 324 2486; x_wconf 84' lang='lat' dir='ltr'>Cassiodorum</span> <span class='ocrx_word' id='word_1_318' title='bbox 340 2429 567 2502; x_wconf 88' lang='lat' dir='ltr'>superpsalmos.</span> <span class='ocrx_word' id='word_1_319' title='bbox 584 2416 616 2484; x_wconf 76' lang='lat' dir='ltr'>l’.</span> <span class='ocrx_word' id='word_1_320' title='bbox 636 2427 924 2484; x_wconf 87' lang='lat' dir='ltr'>Ubertusliistoriam</span> <span class='ocrx_word' id='word_1_321' title='bbox 966 2422 1089 2492; x_wconf 63' lang='lat' dir='ltr'>quandiu</span> <span class='ocrx_word' id='word_1_322' title='bbox 1118 2421 1175 2476; x_wconf 69' lang='lat' dir='ltr'>illle</span> <span class='ocrx_word' id='word_1_323' title='bbox 1202 2423 1316 2489; x_wconf 63' lang='lat' dir='ltr'>fuerint,</span> <span class='ocrx_word' id='word_1_324' title='bbox 1336 2429 1438 2493; x_wconf 66' lang='lat' dir='ltr'>Plaeler</span> <span class='ocrx_word' id='word_1_325' title='bbox 1454 2425 1578 2496; x_wconf 64' lang='lat' dir='ltr'>psalmos</span> <span class='ocrx_word' id='word_1_326' title='bbox 1600 2426 1763 2481; x_wconf 69' lang='lat' dir='ltr'>memoriter</span> 
     </span>
     <span class='ocr_line' id='line_1_26' title="bbox 124 2510 1398 2589; baseline -0.006 -16"><span class='ocrx_word' id='word_1_327' title='bbox 124 2519 343 2574; x_wconf 85' lang='lat' dir='ltr'>ecelesiasticam</span> <span class='ocrx_word' id='word_1_328' title='bbox 360 2517 471 2572; x_wconf 83' lang='lat' dir='ltr'>Eusebii</span> <span class='ocrx_word' id='word_1_329' title='bbox 482 2517 835 2572; x_wconf 81' lang='lat' dir='ltr'>Caesariensis.hlmannus</span> <span class='ocrx_word' id='word_1_330' title='bbox 850 2519 921 2589; x_wconf 81' lang='lat' dir='ltr'>hug.</span> <span class='ocrx_word' id='word_1_331' title='bbox 965 2518 1015 2564; x_wconf 91' lang='lat' dir='ltr'>aut</span> <span class='ocrx_word' id='word_1_332' title='bbox 1034 2511 1198 2582; x_wconf 85' lang='lat' dir='ltr'>psalterium</span> <span class='ocrx_word' id='word_1_333' title='bbox 1212 2510 1236 2565; x_wconf 89' lang='lat' dir='ltr'>si</span> <span class='ocrx_word' id='word_1_334' title='bbox 1250 2513 1398 2568; x_wconf 86' lang='lat' dir='ltr'>voluerint.</span> 
     </span>
    </p>

    <p class='ocr_par' dir='ltr' id='par_1_3' title="bbox 116 2605 927 3660">
     <span class='ocr_line' id='line_1_27' title="bbox 123 2605 922 2663; baseline -0.001 -2"><span class='ocrx_word' id='word_1_335' title='bbox 123 2608 158 2662; x_wconf 90' lang='lat' dir='ltr'>de</span> <span class='ocrx_word' id='word_1_336' title='bbox 180 2609 254 2663; x_wconf 90' lang='lat' dir='ltr'>doct.</span> <span class='ocrx_word' id='word_1_337' title='bbox 276 2607 427 2662; x_wconf 83' lang='lat' dir='ltr'>Christian.</span> <span class='ocrx_word' id='word_1_338' title='bbox 449 2607 544 2661; x_wconf 85' lang='lat' dir='ltr'>Lando</span> <span class='ocrx_word' id='word_1_339' title='bbox 567 2605 686 2661; x_wconf 82' lang='lat' dir='ltr'>Ysilium</span> <span class='ocrx_word' id='word_1_340' title='bbox 708 2605 738 2660; x_wconf 90' lang='lat' dir='ltr'>in</span> <span class='ocrx_word' id='word_1_341' title='bbox 756 2606 922 2661; x_wconf 82' lang='lat' dir='ltr'>Levitinum.</span> 
     </span>
     <span class='ocr_line' id='line_1_28' title="bbox 123 2693 924 2768; baseline 0 -18"><span class='ocrx_word' id='word_1_342' title='bbox 123 2697 207 2768; x_wconf 86' lang='lat' dir='ltr'>llugo</span> <span class='ocrx_word' id='word_1_343' title='bbox 222 2697 466 2768; x_wconf 82' lang='lat' dir='ltr'>Hypognosticon.</span> <span class='ocrx_word' id='word_1_344' title='bbox 480 2696 658 2766; x_wconf 80' lang='lat' dir='ltr'>Petrushug.</span> <span class='ocrx_word' id='word_1_345' title='bbox 670 2695 705 2750; x_wconf 88' lang='lat' dir='ltr'>de</span> <span class='ocrx_word' id='word_1_346' title='bbox 721 2695 857 2766; x_wconf 88' lang='lat' dir='ltr'>symbolo.</span> <span class='ocrx_word' id='word_1_347' title='bbox 866 2693 924 2750; x_wconf 80' lang='lat' dir='ltr'>Lae-</span> 
     </span>
     <span class='ocr_line' id='line_1_29' title="bbox 122 2783 925 2842; baseline -0.001 -2"><span class='ocrx_word' id='word_1_348' title='bbox 122 2793 170 2840; x_wconf 90' lang='lat' dir='ltr'>tus</span> <span class='ocrx_word' id='word_1_349' title='bbox 185 2785 268 2840; x_wconf 81' lang='lat' dir='ltr'>hmb.</span> <span class='ocrx_word' id='word_1_350' title='bbox 281 2785 316 2840; x_wconf 89' lang='lat' dir='ltr'>de</span> <span class='ocrx_word' id='word_1_351' title='bbox 326 2785 458 2842; x_wconf 89' lang='lat' dir='ltr'>conllietu</span> <span class='ocrx_word' id='word_1_352' title='bbox 473 2785 613 2842; x_wconf 83' lang='lat' dir='ltr'>vitiorum.</span> <span class='ocrx_word' id='word_1_353' title='bbox 624 2783 767 2840; x_wconf 86' lang='lat' dir='ltr'>Auribnus</span> <span class='ocrx_word' id='word_1_354' title='bbox 778 2783 925 2839; x_wconf 87' lang='lat' dir='ltr'>Rabanum</span> 
     </span>
     <span class='ocr_line' id='line_1_30' title="bbox 122 2872 926 2931; baseline -0.001 -1"><span class='ocrx_word' id='word_1_355' title='bbox 122 2875 152 2930; x_wconf 91' lang='lat' dir='ltr'>in</span> <span class='ocrx_word' id='word_1_356' title='bbox 167 2875 272 2930; x_wconf 87' lang='lat' dir='ltr'>Thren.</span> <span class='ocrx_word' id='word_1_357' title='bbox 285 2875 421 2931; x_wconf 80' lang='lat' dir='ltr'>Jeremiae.</span> <span class='ocrx_word' id='word_1_358' title='bbox 431 2874 574 2928; x_wconf 86' lang='lat' dir='ltr'>Ebrardus</span> <span class='ocrx_word' id='word_1_359' title='bbox 584 2872 813 2928; x_wconf 79' lang='lat' dir='ltr'>ritamdohannis</span> <span class='ocrx_word' id='word_1_360' title='bbox 826 2874 926 2931; x_wconf 87' lang='lat' dir='ltr'>Helee-</span> 
     </span>
     <span class='ocr_line' id='line_1_31' title="bbox 122 2963 927 3045; baseline -0.001 -27"><span class='ocrx_word' id='word_1_361' title='bbox 122 2964 229 3018; x_wconf 87' lang='lat' dir='ltr'>monis.</span> <span class='ocrx_word' id='word_1_362' title='bbox 245 2965 352 3018; x_wconf 87' lang='lat' dir='ltr'>Edrard</span> <span class='ocrx_word' id='word_1_363' title='bbox 362 2967 437 3036; x_wconf 78' lang='lat' dir='ltr'>Aug.</span> <span class='ocrx_word' id='word_1_364' title='bbox 455 2980 542 3045; x_wconf 87' lang='lat' dir='ltr'>super</span> <span class='ocrx_word' id='word_1_365' title='bbox 555 2963 642 3036; x_wconf 83' lang='lat' dir='ltr'>Epist.</span> <span class='ocrx_word' id='word_1_366' title='bbox 653 2963 818 3018; x_wconf 88' lang='lat' dir='ltr'>Canonicas.</span> <span class='ocrx_word' id='word_1_367' title='bbox 828 2963 927 3018; x_wconf 86' lang='lat' dir='ltr'>loceli-</span> 
     </span>
     <span class='ocr_line' id='line_1_32' title="bbox 121 3052 925 3124; baseline -0.001 -17"><span class='ocrx_word' id='word_1_368' title='bbox 121 3070 177 3107; x_wconf 90' lang='lat' dir='ltr'>nus</span> <span class='ocrx_word' id='word_1_369' title='bbox 194 3053 401 3124; x_wconf 83' lang='lat' dir='ltr'>Gregoriumin</span> <span class='ocrx_word' id='word_1_370' title='bbox 413 3053 540 3112; x_wconf 88' lang='lat' dir='ltr'>ultimam</span> <span class='ocrx_word' id='word_1_371' title='bbox 550 3059 658 3124; x_wconf 91' lang='lat' dir='ltr'>partem</span> <span class='ocrx_word' id='word_1_372' title='bbox 671 3052 925 3108; x_wconf 80' lang='lat' dir='ltr'>EzechielisGirbi·</span> 
     </span>
     <span class='ocr_line' id='line_1_33' title="bbox 121 3141 924 3218; baseline 0.001 -22"><span class='ocrx_word' id='word_1_373' title='bbox 121 3159 178 3197; x_wconf 91' lang='lat' dir='ltr'>nus</span> <span class='ocrx_word' id='word_1_374' title='bbox 192 3141 330 3197; x_wconf 86' lang='lat' dir='ltr'>Libellum</span> <span class='ocrx_word' id='word_1_375' title='bbox 342 3143 377 3196; x_wconf 91' lang='lat' dir='ltr'>de</span> <span class='ocrx_word' id='word_1_376' title='bbox 387 3142 535 3218; x_wconf 80' lang='lat' dir='ltr'>disciplina</span> <span class='ocrx_word' id='word_1_377' title='bbox 545 3141 714 3198; x_wconf 87' lang='lat' dir='ltr'>Christiana.</span> <span class='ocrx_word' id='word_1_378' title='bbox 722 3142 864 3197; x_wconf 89' lang='lat' dir='ltr'>Gerardus</span> <span class='ocrx_word' id='word_1_379' title='bbox 875 3143 924 3197; x_wconf 91' lang='lat' dir='ltr'>Be-</span> 
     </span>
     <span class='ocr_line' id='line_1_34' title="bbox 120 3231 924 3304; baseline 0 -18"><span class='ocrx_word' id='word_1_380' title='bbox 120 3231 342 3303; x_wconf 82' lang='lat' dir='ltr'>demdetempln</span> <span class='ocrx_word' id='word_1_381' title='bbox 356 3231 524 3288; x_wconf 82' lang='lat' dir='ltr'>Salomonis</span> <span class='ocrx_word' id='word_1_382' title='bbox 538 3231 613 3304; x_wconf 89' lang='lat' dir='ltr'>Popo</span> <span class='ocrx_word' id='word_1_383' title='bbox 626 3231 782 3304; x_wconf 81' lang='lat' dir='ltr'>Eugepium</span> <span class='ocrx_word' id='word_1_384' title='bbox 798 3232 832 3285; x_wconf 93' lang='lat' dir='ltr'>de</span> <span class='ocrx_word' id='word_1_385' title='bbox 842 3249 924 3304; x_wconf 91' lang='lat' dir='ltr'>opus-</span> 
     </span>
     <span class='ocr_line' id='line_1_35' title="bbox 119 3319 923 3394; baseline 0 -18"><span class='ocrx_word' id='word_1_386' title='bbox 119 3321 275 3392; x_wconf 80' lang='lat' dir='ltr'>eulisllug.</span> <span class='ocrx_word' id='word_1_387' title='bbox 293 3321 413 3375; x_wconf 89' lang='lat' dir='ltr'>Silvinus</span> <span class='ocrx_word' id='word_1_388' title='bbox 430 3319 535 3378; x_wconf 87' lang='lat' dir='ltr'>Raban.</span> <span class='ocrx_word' id='word_1_389' title='bbox 553 3337 614 3392; x_wconf 92' lang='lat' dir='ltr'>sup.</span> <span class='ocrx_word' id='word_1_390' title='bbox 634 3339 692 3392; x_wconf 86' lang='lat' dir='ltr'>reg.</span> <span class='ocrx_word' id='word_1_391' title='bbox 705 3321 856 3394; x_wconf 85' lang='lat' dir='ltr'>Signaldus</span> <span class='ocrx_word' id='word_1_392' title='bbox 872 3321 923 3376; x_wconf 86' lang='lat' dir='ltr'>Ra-</span> 
     </span>
     <span class='ocr_line' id='line_1_36' title="bbox 118 3408 921 3482; baseline -0.002 -18"><span class='ocrx_word' id='word_1_393' title='bbox 118 3409 188 3464; x_wconf 86' lang='lat' dir='ltr'>ban.</span> <span class='ocrx_word' id='word_1_394' title='bbox 210 3425 296 3482; x_wconf 88' lang='lat' dir='ltr'>super</span> <span class='ocrx_word' id='word_1_395' title='bbox 313 3409 365 3464; x_wconf 79' lang='lat' dir='ltr'>xil</span> <span class='ocrx_word' id='word_1_396' title='bbox 381 3409 484 3480; x_wconf 88' lang='lat' dir='ltr'>Proph.</span> <span class='ocrx_word' id='word_1_397' title='bbox 501 3409 602 3462; x_wconf 86' lang='lat' dir='ltr'>Petrus</span> <span class='ocrx_word' id='word_1_398' title='bbox 614 3408 759 3463; x_wconf 82' lang='lat' dir='ltr'>historiam</span> <span class='ocrx_word' id='word_1_399' title='bbox 773 3408 827 3464; x_wconf 87' lang='lat' dir='ltr'>Titi</span> <span class='ocrx_word' id='word_1_400' title='bbox 841 3408 921 3463; x_wconf 80' lang='lat' dir='ltr'>Livii.</span> 
     </span>
     <span class='ocr_line' id='line_1_37' title="bbox 119 3496 921 3572; baseline -0.002 -18"><span class='ocrx_word' id='word_1_401' title='bbox 119 3500 284 3572; x_wconf 84' lang='lat' dir='ltr'>Stephanus</span> <span class='ocrx_word' id='word_1_402' title='bbox 301 3499 465 3570; x_wconf 86' lang='lat' dir='ltr'>exposition.</span> <span class='ocrx_word' id='word_1_403' title='bbox 487 3497 595 3552; x_wconf 83' lang='lat' dir='ltr'>Rabani</span> <span class='ocrx_word' id='word_1_404' title='bbox 615 3498 643 3551; x_wconf 93' lang='lat' dir='ltr'>in</span> <span class='ocrx_word' id='word_1_405' title='bbox 660 3496 785 3554; x_wconf 83' lang='lat' dir='ltr'>hlacliab.</span> <span class='ocrx_word' id='word_1_406' title='bbox 801 3497 850 3552; x_wconf 93' lang='lat' dir='ltr'>lib.</span> <span class='ocrx_word' id='word_1_407' title='bbox 866 3497 921 3552; x_wconf 90' lang='lat' dir='ltr'>Pe·</span> 
     </span>
     <span class='ocr_line' id='line_1_38' title="bbox 116 3586 921 3660; baseline 0 -18"><span class='ocrx_word' id='word_1_408' title='bbox 116 3597 184 3646; x_wconf 89' lang='lat' dir='ltr'>trus</span> <span class='ocrx_word' id='word_1_409' title='bbox 201 3591 273 3659; x_wconf 83' lang='lat' dir='ltr'>hug.</span> <span class='ocrx_word' id='word_1_410' title='bbox 288 3605 374 3660; x_wconf 89' lang='lat' dir='ltr'>super</span> <span class='ocrx_word' id='word_1_411' title='bbox 386 3588 518 3659; x_wconf 89' lang='lat' dir='ltr'>psalmos.</span> <span class='ocrx_word' id='word_1_412' title='bbox 536 3587 703 3642; x_wconf 87' lang='lat' dir='ltr'>Benedictus</span> <span class='ocrx_word' id='word_1_413' title='bbox 718 3586 866 3646; x_wconf 79' lang='lat' dir='ltr'>Alcuinum</span> <span class='ocrx_word' id='word_1_414' title='bbox 887 3588 921 3642; x_wconf 90' lang='lat' dir='ltr'>de</span> 
     </span>
    </p>
   </div>
   <div class='ocr_carea' id='block_1_3' title="bbox 113 3676 1762 4406">
    <p class='ocr_par' dir='ltr' id='par_1_4' title="bbox 113 3676 1762 4229">
     <span class='ocr_line' id='line_1_39' title="bbox 116 3676 1761 3786; baseline -0.005 -52"><span class='ocrx_word' id='word_1_415' title='bbox 116 3677 269 3734; x_wconf 83' lang='lat' dir='ltr'>Trinitate.</span> <span class='ocrx_word' id='word_1_416' title='bbox 283 3677 431 3777; x_wconf 66' lang='lat' dir='ltr'>⁴Girbertus</span> <span class='ocrx_word' id='word_1_417' title='bbox 446 3676 591 3730; x_wconf 82' lang='lat' dir='ltr'>historiam</span> <span class='ocrx_word' id='word_1_418' title='bbox 612 3677 787 3747; x_wconf 80' lang='lat' dir='ltr'>angelorum.</span> <span class='ocrx_word' id='word_1_419' title='bbox 805 3676 835 3731; x_wconf 86' lang='lat' dir='ltr'>F.</span> <span class='ocrx_word' id='word_1_420' title='bbox 852 3676 921 3731; x_wconf 87' lang='lat' dir='ltr'>Ber·</span> <span class='ocrx_word' id='word_1_421' title='bbox 962 3714 1076 3768; x_wconf 60' lang='lat' dir='ltr'><strong>veniant</strong></span> <span class='ocrx_word' id='word_1_422' title='bbox 1095 3719 1180 3784; x_wconf 53' lang='lat' dir='ltr'>atque</span> <span class='ocrx_word' id='word_1_423' title='bbox 1203 3729 1303 3770; x_wconf 63' lang='lat' dir='ltr'><strong>manus</strong></span> <span class='ocrx_word' id='word_1_424' title='bbox 1318 3731 1383 3768; x_wconf 53' lang='lat' dir='ltr'>suas</span> <span class='ocrx_word' id='word_1_425' title='bbox 1397 3714 1500 3778; x_wconf 40' lang='lat' dir='ltr'><strong>pamm,</strong></span> <span class='ocrx_word' id='word_1_426' title='bbox 1521 3720 1550 3768; x_wconf 60' lang='lat' dir='ltr'>et</span> <span class='ocrx_word' id='word_1_427' title='bbox 1562 3721 1628 3770; x_wconf 61' lang='lat' dir='ltr'>eant</span> <span class='ocrx_word' id='word_1_428' title='bbox 1641 3716 1761 3786; x_wconf 45' lang='lat' dir='ltr'>epulati·</span> 
     </span>
     <span class='ocr_line' id='line_1_40' title="bbox 117 3763 1762 3898; baseline 0.001 -38"><span class='ocrx_word' id='word_1_429' title='bbox 117 3765 351 3866; x_wconf 52' lang='lat' dir='ltr'><strong>nardpwsmm&#39;</strong></span> <span class='ocrx_word' id='word_1_430' title='bbox 368 3763 398 3818; x_wconf 41' lang='grc' dir='ltr'>γ’</span> <span class='ocrx_word' id='word_1_431' title='bbox 414 3764 536 3820; x_wconf 51' lang='lat' dir='ltr'><strong>Uberum</strong></span> <span class='ocrx_word' id='word_1_432' title='bbox 558 3767 630 3865; x_wconf 39' lang='lat' dir='ltr'>Affg&#39;</span> <span class='ocrx_word' id='word_1_433' title='bbox 655 3766 690 3887; x_wconf 56' lang='lat' dir='ltr'>df</span> <span class='ocrx_word' id='word_1_434' title='bbox 705 3765 792 3873; x_wconf 50' lang='grc' dir='ltr'>ω’,</span> <span class='ocrx_word' id='word_1_435' title='bbox 804 3763 866 3898; x_wconf 47' lang='grc' dir='ltr'>ΒΞ·</span> <span class='ocrx_word' id='word_1_436' title='bbox 883 3767 916 3824; x_wconf 68' lang='lat' dir='ltr'>F·</span> <span class='ocrx_word' id='word_1_437' title='bbox 961 3801 1081 3858; x_wconf 87' lang='lat' dir='ltr'>Versum</span> <span class='ocrx_word' id='word_1_438' title='bbox 1095 3802 1269 3862; x_wconf 83' lang='lat' dir='ltr'>adraensem</span> <span class='ocrx_word' id='word_1_439' title='bbox 1292 3801 1503 3864; x_wconf 83' lang='lat' dir='ltr'>diceredebent</span> <span class='ocrx_word' id='word_1_440' title='bbox 1516 3803 1634 3866; x_wconf 71' lang='lat' dir='ltr'>sicurae</span> <span class='ocrx_word' id='word_1_441' title='bbox 1646 3805 1762 3862; x_wconf 73' lang='lat' dir='ltr'>relecto</span> 
     </span>
     <span class='ocr_line' id='line_1_41' title="bbox 115 3853 1761 3962; baseline 0.025 -50"><span class='ocrx_word' id='word_1_442' title='bbox 115 3857 261 3912; x_wconf 75' lang='lat' dir='ltr'>Martinus</span> <span class='ocrx_word' id='word_1_443' title='bbox 283 3853 443 3926; x_wconf 84' lang='lat' dir='ltr'>Aymonrm</span> <span class='ocrx_word' id='word_1_444' title='bbox 459 3871 544 3926; x_wconf 90' lang='lat' dir='ltr'>super</span> <span class='ocrx_word' id='word_1_445' title='bbox 557 3863 639 3926; x_wconf 82' lang='lat' dir='ltr'>epist.</span> <span class='ocrx_word' id='word_1_446' title='bbox 656 3854 747 3908; x_wconf 87' lang='lat' dir='ltr'>laulr.</span> <span class='ocrx_word' id='word_1_447' title='bbox 770 3855 800 3909; x_wconf 71' lang='lat'>1⁸.</span> <span class='ocrx_word' id='word_1_448' title='bbox 823 3855 918 3924; x_wconf 56' lang='lat' dir='ltr'>eleph.</span> <span class='ocrx_word' id='word_1_449' title='bbox 961 3892 1003 3945; x_wconf 51' lang='lat' dir='ltr'>rio</span> <span class='ocrx_word' id='word_1_450' title='bbox 1017 3908 1067 3962; x_wconf 55' lang='lat' dir='ltr'>pe,</span> <span class='ocrx_word' id='word_1_451' title='bbox 1079 3907 1308 3961; x_wconf 63' lang='lat' dir='ltr'>unamquamqu„</span> <span class='ocrx_word' id='word_1_452' title='bbox 1323 3891 1618 3954; x_wconf 64' lang='lat' dir='ltr'>ministrationemut</span> <span class='ocrx_word' id='word_1_453' title='bbox 1635 3893 1702 3950; x_wconf 84' lang='lat' dir='ltr'>date</span> <span class='ocrx_word' id='word_1_454' title='bbox 1720 3893 1761 3954; x_wconf 80' lang='lat' dir='ltr'>ais</span> 
     </span>
     <span class='ocr_line' id='line_1_42' title="bbox 117 3943 1760 4052; baseline -0.001 -14"><span class='ocrx_word' id='word_1_455' title='bbox 117 3948 282 4018; x_wconf 58' lang='lat' dir='ltr'>Aym⁰¹¹²m</span> <span class='ocrx_word' id='word_1_456' title='bbox 297 3960 383 4050; x_wconf 42' lang='lat' dir='ltr'>aspra</span> <span class='ocrx_word' id='word_1_457' title='bbox 398 3943 549 4043; x_wconf 58' lang='lat' dir='ltr'>&#39;lpf&#39;calyp&#39;</span> <span class='ocrx_word' id='word_1_458' title='bbox 564 3943 594 3997; x_wconf 52' lang='grc' dir='ltr'>Γ·</span> <span class='ocrx_word' id='word_1_459' title='bbox 611 3945 748 4018; x_wconf 44' lang='lat' dir='ltr'>mlestus</span> <span class='ocrx_word' id='word_1_460' title='bbox 764 3943 865 4043; x_wconf 72' lang='lat' dir='ltr'>Bedam</span> <span class='ocrx_word' id='word_1_461' title='bbox 876 3960 921 3997; x_wconf 58' lang='grc' dir='ltr'>ω’</span> <span class='ocrx_word' id='word_1_462' title='bbox 963 3979 1364 4050; x_wconf 83' lang='lat' dir='ltr'>luerit,semperbenedirant.</span> <span class='ocrx_word' id='word_1_463' title='bbox 1376 3981 1505 4050; x_wconf 82' lang='lat' dir='ltr'>ipsorum</span> <span class='ocrx_word' id='word_1_464' title='bbox 1515 3987 1760 4052; x_wconf 83' lang='lat' dir='ltr'>procuratorquot</span> 
     </span>
     <span class='ocr_line' id='line_1_43' title="bbox 114 4032 1759 4139; baseline -0.004 -11"><span class='ocrx_word' id='word_1_465' title='bbox 114 4052 171 4108; x_wconf 54' lang='grc' dir='ltr'>ΡΝ</span> <span class='ocrx_word' id='word_1_466' title='bbox 189 4032 286 4105; x_wconf 65' lang='lat' dir='ltr'><strong>pamb&#39;</strong></span> <span class='ocrx_word' id='word_1_467' title='bbox 307 4032 465 4088; x_wconf 57' lang='lat' dir='ltr'>b³l⁰¹n⁰m⁵</span> <span class='ocrx_word' id='word_1_468' title='bbox 486 4032 517 4087; x_wconf 65' lang='lat' dir='ltr'>F&#39;</span> <span class='ocrx_word' id='word_1_469' title='bbox 534 4033 667 4087; x_wconf 59' lang='lat' dir='ltr'>omarus</span> <span class='ocrx_word' id='word_1_470' title='bbox 681 4032 860 4087; x_wconf 55' lang='lat' dir='ltr'><strong>⁰⁰n⁰⁰rd¹⁸m</strong></span> <span class='ocrx_word' id='word_1_471' title='bbox 879 4048 921 4086; x_wconf 55' lang='grc' dir='ltr'>ω’</span> <span class='ocrx_word' id='word_1_472' title='bbox 958 4069 1066 4126; x_wconf 80' lang='lat' dir='ltr'>uicibus</span> <span class='ocrx_word' id='word_1_473' title='bbox 1081 4086 1144 4126; x_wconf 89' lang='lat' dir='ltr'>cum</span> <span class='ocrx_word' id='word_1_474' title='bbox 1157 4069 1475 4128; x_wconf 80' lang='lat' dir='ltr'>scutellulisinttarerit</span> <span class='ocrx_word' id='word_1_475' title='bbox 1486 4070 1619 4139; x_wconf 61' lang='lat' dir='ltr'>januam</span> <span class='ocrx_word' id='word_1_476' title='bbox 1632 4074 1676 4124; x_wconf 90' lang='lat' dir='ltr'>tot</span> <span class='ocrx_word' id='word_1_477' title='bbox 1691 4068 1759 4126; x_wconf 89' lang='lat' dir='ltr'>rioi-</span> 
     </span>
     <span class='ocr_line' id='line_1_44' title="bbox 113 4125 1760 4229; baseline -0.005 -11"><span class='ocrx_word' id='word_1_478' title='bbox 113 4125 263 4196; x_wconf 57' lang='lat' dir='ltr'>3¹¹¹³¹⁸¹¹m⁸</span> <span class='ocrx_word' id='word_1_479' title='bbox 960 4158 1014 4214; x_wconf 88' lang='lat' dir='ltr'>bus</span> <span class='ocrx_word' id='word_1_480' title='bbox 1035 4159 1191 4218; x_wconf 69' lang='lat' dir='ltr'>‚aaronem</span> <span class='ocrx_word' id='word_1_481' title='bbox 1210 4173 1323 4229; x_wconf 84' lang='lat' dir='ltr'>semper</span> <span class='ocrx_word' id='word_1_482' title='bbox 1339 4157 1424 4218; x_wconf 88' lang='lat' dir='ltr'>dicat.</span> <span class='ocrx_word' id='word_1_483' title='bbox 1440 4157 1502 4218; x_wconf 86' lang='lat' dir='ltr'>aliis</span> <span class='ocrx_word' id='word_1_484' title='bbox 1518 4156 1760 4228; x_wconf 80' lang='lat' dir='ltr'>‚respondentibus</span> 
     </span>
    </p>

    <p class='ocr_par' dir='ltr' id='par_1_5' title="bbox 117 4211 1759 4406">
     <span class='ocr_line' id='line_1_45' title="bbox 182 4211 1757 4316; baseline -0.006 -8"><span class='ocrx_word' id='word_1_485' title='bbox 182 4305 187 4316; x_wconf 88' lang='grc'>,</span> <span class='ocrx_word' id='word_1_486' title='bbox 283 4304 288 4315; x_wconf 88' lang='grc'>,</span> <span class='ocrx_word' id='word_1_487' title='bbox 398 4211 540 4316; x_wconf 66' lang='lat' dir='ltr'>,CAPUT</span> <span class='ocrx_word' id='word_1_488' title='bbox 557 4211 618 4315; x_wconf 45' lang='lat' dir='ltr'>,HL</span> <span class='ocrx_word' id='word_1_489' title='bbox 675 4303 680 4315; x_wconf 80' lang='grc'>,</span> <span class='ocrx_word' id='word_1_490' title='bbox 718 4305 723 4315; x_wconf 83' lang='grc'>,</span> <span class='ocrx_word' id='word_1_491' title='bbox 873 4302 910 4314; x_wconf 83' lang='grc'>,,</span> <span class='ocrx_word' id='word_1_492' title='bbox 958 4250 1097 4306; x_wconf 75' lang='lat' dir='ltr'>dominas</span> <span class='ocrx_word' id='word_1_493' title='bbox 1105 4265 1112 4310; x_wconf 93' lang='grc'>,·</span> <span class='ocrx_word' id='word_1_494' title='bbox 1128 4263 1192 4305; x_wconf 88' lang='lat' dir='ltr'>eum</span> <span class='ocrx_word' id='word_1_495' title='bbox 1203 4246 1280 4308; x_wconf 85' lang='lat' dir='ltr'>orani</span> <span class='ocrx_word' id='word_1_496' title='bbox 1295 4245 1485 4316; x_wconf 77' lang='lat' dir='ltr'>gratulatione</span> <span class='ocrx_word' id='word_1_497' title='bbox 1498 4251 1583 4316; x_wconf 85' lang='lat' dir='ltr'>atque</span> <span class='ocrx_word' id='word_1_498' title='bbox 1596 4245 1757 4308; x_wconf 83' lang='lat' dir='ltr'>dilectione.</span> 
     </span>
     <span class='ocr_line' id='line_1_46' title="bbox 117 4303 1759 4406; baseline -0.005 -49"><span class='ocrx_word' id='word_1_499' title='bbox 117 4303 156 4358; x_wconf 76' lang='lat' dir='ltr'>lle</span> <span class='ocrx_word' id='word_1_500' title='bbox 176 4305 301 4370; x_wconf 71' lang='lat' dir='ltr'>arrfirmrs</span> <span class='ocrx_word' id='word_1_501' title='bbox 315 4303 462 4370; x_wconf 80' lang='lat' dir='ltr'>fratribus,</span> <span class='ocrx_word' id='word_1_502' title='bbox 485 4303 606 4372; x_wconf 78' lang='lat' dir='ltr'>qualiter</span> <span class='ocrx_word' id='word_1_503' title='bbox 620 4303 654 4355; x_wconf 83' lang='lat' dir='ltr'>ab</span> <span class='ocrx_word' id='word_1_504' title='bbox 669 4318 735 4372; x_wconf 77' lang='lat' dir='ltr'>apres</span> <span class='ocrx_word' id='word_1_505' title='bbox 749 4305 821 4356; x_wconf 85' lang='lat' dir='ltr'>uela</span> <span class='ocrx_word' id='word_1_506' title='bbox 837 4317 921 4354; x_wconf 81' lang='lat' dir='ltr'>mmt-</span> <span class='ocrx_word' id='word_1_507' title='bbox 964 4337 1083 4394; x_wconf 63' lang='lat' dir='ltr'><strong>Vemum</strong></span> <span class='ocrx_word' id='word_1_508' title='bbox 1094 4335 1257 4406; x_wconf 62' lang='lat' dir='ltr'><strong>postcibum</strong></span> <span class='ocrx_word' id='word_1_509' title='bbox 1267 4333 1306 4390; x_wconf 65' lang='lat' dir='ltr'>ibi</span> <span class='ocrx_word' id='word_1_510' title='bbox 1316 4332 1535 4393; x_wconf 38' lang='lat' dir='ltr'><strong>dicantnomnes</strong></span> <span class='ocrx_word' id='word_1_511' title='bbox 1545 4334 1759 4406; x_wconf 56' lang='lat' dir='ltr'>anuehoms</span> 
     </span>
    </p>
   </div>
   <div class='ocr_carea' id='block_1_4' title="bbox 154 4374 1757 4525">
    <p class='ocr_par' dir='ltr' id='par_1_6' title="bbox 154 4374 1757 4525">
     <span class='ocr_line' id='line_1_47' title="bbox 358 4374 1732 4440; baseline 0.007 -14"><span class='ocrx_word' id='word_1_512' title='bbox 358 4374 513 4427; x_wconf 75' lang='lat' dir='ltr'>strennuus</span> <span class='ocrx_word' id='word_1_513' title='bbox 526 4376 690 4440; x_wconf 72' lang='lat' dir='ltr'>cleopater.</span> <span class='ocrx_word' id='word_1_514' title='bbox 967 4426 972 4436; x_wconf 91' lang='grc'>,</span> <span class='ocrx_word' id='word_1_515' title='bbox 1105 4425 1110 4436; x_wconf 90' lang='grc'><strong>,</strong></span> <span class='ocrx_word' id='word_1_516' title='bbox 1462 4422 1468 4433; x_wconf 95' lang='grc'><em>.</em></span> <span class='ocrx_word' id='word_1_517' title='bbox 1530 4423 1536 4434; x_wconf 94' lang='grc'><strong>.</strong></span> <span class='ocrx_word' id='word_1_518' title='bbox 1726 4424 1732 4435; x_wconf 94' lang='grc'><strong>.</strong></span> 
     </span>
     <span class='ocr_line' id='line_1_48' title="bbox 154 4422 1757 4525; baseline 0.001 -7"><span class='ocrx_word' id='word_1_519' title='bbox 154 4461 268 4519; x_wconf 89' lang='lat' dir='ltr'>Inllrmi</span> <span class='ocrx_word' id='word_1_520' title='bbox 282 4461 394 4525; x_wconf 84' lang='lat' dir='ltr'>iratres,</span> <span class='ocrx_word' id='word_1_521' title='bbox 409 4467 442 4516; x_wconf 94' lang='lat' dir='ltr'>ut</span> <span class='ocrx_word' id='word_1_522' title='bbox 456 4462 534 4516; x_wconf 84' lang='lat' dir='ltr'>missi</span> <span class='ocrx_word' id='word_1_523' title='bbox 548 4461 653 4516; x_wconf 86' lang='lat' dir='ltr'>luerint</span> <span class='ocrx_word' id='word_1_524' title='bbox 666 4461 695 4516; x_wconf 91' lang='lat' dir='ltr'>in</span> <span class='ocrx_word' id='word_1_525' title='bbox 709 4462 826 4517; x_wconf 89' lang='lat' dir='ltr'>domum</span> <span class='ocrx_word' id='word_1_526' title='bbox 841 4461 922 4516; x_wconf 83' lang='lat' dir='ltr'>inhr-</span> <span class='ocrx_word' id='word_1_527' title='bbox 965 4443 995 4480; x_wconf 81' lang='lat'>¹¹¹</span> <span class='ocrx_word' id='word_1_528' title='bbox 1014 4426 1131 4480; x_wconf 68' lang='lat'>⁶⁰⁰¹⁰⁸¹⁸</span> <span class='ocrx_word' id='word_1_529' title='bbox 1152 4440 1252 4479; x_wconf 62' lang='lat' dir='ltr'><strong>canere</strong></span> <span class='ocrx_word' id='word_1_530' title='bbox 1279 4422 1389 4478; x_wconf 56' lang='lat' dir='ltr'><strong>debent&#39;</strong></span> <span class='ocrx_word' id='word_1_531' title='bbox 1417 4423 1558 4495; x_wconf 67' lang='lat' dir='ltr'>deqmd</span> <span class='ocrx_word' id='word_1_532' title='bbox 1579 4430 1757 4492; x_wconf 55' lang='lat' dir='ltr'>mmmm*</span> 
     </span>
    </p>
   </div>
   <div class='ocr_carea' id='block_1_5' title="bbox 106 4548 1757 5609">
    <p class='ocr_par' dir='ltr' id='par_1_7' title="bbox 106 4548 1757 5609">
     <span class='ocr_line' id='line_1_49' title="bbox 115 4548 922 4622; baseline -0.006 -14"><span class='ocrx_word' id='word_1_533' title='bbox 115 4567 237 4608; x_wconf 85' lang='lat' dir='ltr'>morum</span> <span class='ocrx_word' id='word_1_534' title='bbox 262 4567 313 4622; x_wconf 93' lang='lat' dir='ltr'>pro</span> <span class='ocrx_word' id='word_1_535' title='bbox 334 4568 386 4606; x_wconf 88' lang='lat' dir='ltr'>sua</span> <span class='ocrx_word' id='word_1_536' title='bbox 408 4551 584 4622; x_wconf 74' lang='lat' dir='ltr'>egritudine,</span> <span class='ocrx_word' id='word_1_537' title='bbox 606 4551 644 4605; x_wconf 88' lang='lat' dir='ltr'>ad</span> <span class='ocrx_word' id='word_1_538' title='bbox 667 4549 832 4606; x_wconf 87' lang='lat' dir='ltr'>nocturnale</span> <span class='ocrx_word' id='word_1_539' title='bbox 844 4548 922 4604; x_wconf 89' lang='lat' dir='ltr'>obse·</span> 
     </span>
     <span class='ocr_line' id='line_1_50' title="bbox 114 4638 921 4714; baseline -0.004 -17"><span class='ocrx_word' id='word_1_540' title='bbox 114 4641 232 4714; x_wconf 85' lang='lat' dir='ltr'>quium,</span> <span class='ocrx_word' id='word_1_541' title='bbox 248 4645 350 4695; x_wconf 83' lang='lat' dir='ltr'>moxut</span> <span class='ocrx_word' id='word_1_542' title='bbox 363 4639 475 4711; x_wconf 84' lang='lat' dir='ltr'>signum</span> <span class='ocrx_word' id='word_1_543' title='bbox 491 4640 627 4704; x_wconf 89' lang='lat' dir='ltr'>sonuerit,</span> <span class='ocrx_word' id='word_1_544' title='bbox 641 4638 866 4711; x_wconf 85' lang='lat' dir='ltr'>surgantetipsi,</span> <span class='ocrx_word' id='word_1_545' title='bbox 876 4654 921 4694; x_wconf 87' lang='lat' dir='ltr'>re·</span> 
     </span>
     <span class='ocr_line' id='line_1_51' title="bbox 111 4725 919 4799; baseline -0.002 -17"><span class='ocrx_word' id='word_1_546' title='bbox 111 4729 258 4799; x_wconf 87' lang='lat' dir='ltr'>niantque</span> <span class='ocrx_word' id='word_1_547' title='bbox 275 4725 304 4781; x_wconf 93' lang='lat' dir='ltr'>in</span> <span class='ocrx_word' id='word_1_548' title='bbox 316 4727 470 4781; x_wconf 81' lang='lat' dir='ltr'>oratorium</span> <span class='ocrx_word' id='word_1_549' title='bbox 486 4727 594 4782; x_wconf 67' lang='lat' dir='ltr'>Sanetus</span> <span class='ocrx_word' id='word_1_550' title='bbox 607 4727 713 4792; x_wconf 74' lang='lat' dir='ltr'>Maria,</span> <span class='ocrx_word' id='word_1_551' title='bbox 737 4727 843 4780; x_wconf 87' lang='lat' dir='ltr'>laniant</span> <span class='ocrx_word' id='word_1_552' title='bbox 856 4743 919 4780; x_wconf 88' lang='lat' dir='ltr'>ora-</span> 
     </span>
     <span class='ocr_line' id='line_1_52' title="bbox 110 4815 919 4887; baseline -0.004 -15"><span class='ocrx_word' id='word_1_553' title='bbox 110 4817 238 4882; x_wconf 91' lang='lat' dir='ltr'>tionem,</span> <span class='ocrx_word' id='word_1_554' title='bbox 246 4821 338 4887; x_wconf 88' lang='lat' dir='ltr'>prout</span> <span class='ocrx_word' id='word_1_555' title='bbox 346 4815 591 4872; x_wconf 89' lang='lat' dir='ltr'>Dominusmelius</span> <span class='ocrx_word' id='word_1_556' title='bbox 601 4815 718 4876; x_wconf 85' lang='lat' dir='ltr'>dederit.</span> <span class='ocrx_word' id='word_1_557' title='bbox 731 4815 919 4870; x_wconf 89' lang='lat' dir='ltr'>residentibus</span> 
     </span>
     <span class='ocr_line' id='line_1_53' title="bbox 110 4904 918 4976; baseline -0.001 -16"><span class='ocrx_word' id='word_1_558' title='bbox 110 4907 234 4961; x_wconf 87' lang='lat' dir='ltr'>demum</span> <span class='ocrx_word' id='word_1_559' title='bbox 249 4905 278 4960; x_wconf 94' lang='lat' dir='ltr'>in</span> <span class='ocrx_word' id='word_1_560' title='bbox 293 4904 354 4960; x_wconf 91' lang='lat' dir='ltr'>loco</span> <span class='ocrx_word' id='word_1_561' title='bbox 370 4921 430 4960; x_wconf 92' lang='lat' dir='ltr'>suo.</span> <span class='ocrx_word' id='word_1_562' title='bbox 452 4906 580 4976; x_wconf 89' lang='lat' dir='ltr'>Dumque</span> <span class='ocrx_word' id='word_1_563' title='bbox 599 4905 701 4960; x_wconf 89' lang='lat' dir='ltr'>iterum</span> <span class='ocrx_word' id='word_1_564' title='bbox 715 4905 845 4976; x_wconf 87' lang='lat' dir='ltr'>pulsatur</span> <span class='ocrx_word' id='word_1_565' title='bbox 860 4905 918 4976; x_wconf 83' lang='lat' dir='ltr'>sig·</span> 
     </span>
     <span class='ocr_line' id='line_1_54' title="bbox 109 4992 919 5065; baseline -0.002 -16"><span class='ocrx_word' id='word_1_566' title='bbox 109 5009 199 5058; x_wconf 88' lang='lat' dir='ltr'>num,</span> <span class='ocrx_word' id='word_1_567' title='bbox 222 4993 354 5048; x_wconf 84' lang='lat' dir='ltr'>muniant</span> <span class='ocrx_word' id='word_1_568' title='bbox 368 5011 399 5048; x_wconf 87' lang='lat' dir='ltr'>se</span> <span class='ocrx_word' id='word_1_569' title='bbox 417 4993 496 5065; x_wconf 84' lang='lat' dir='ltr'>signo</span> <span class='ocrx_word' id='word_1_570' title='bbox 510 4999 614 5048; x_wconf 77' lang='lat' dir='ltr'>sancte</span> <span class='ocrx_word' id='word_1_571' title='bbox 627 4992 727 5058; x_wconf 82' lang='lat' dir='ltr'>omnis,</span> <span class='ocrx_word' id='word_1_572' title='bbox 740 4999 769 5047; x_wconf 87' lang='lat' dir='ltr'>et</span> <span class='ocrx_word' id='word_1_573' title='bbox 782 4993 919 5064; x_wconf 83' lang='lat' dir='ltr'>incipiant</span> 
     </span>
     <span class='ocr_line' id='line_1_55' title="bbox 107 5082 919 5155; baseline -0.002 -16"><span class='ocrx_word' id='word_1_574' title='bbox 107 5082 261 5139; x_wconf 80' lang='lat' dir='ltr'>canticum</span> <span class='ocrx_word' id='word_1_575' title='bbox 275 5083 426 5154; x_wconf 80' lang='lat' dir='ltr'>graduum.</span> <span class='ocrx_word' id='word_1_576' title='bbox 437 5083 487 5138; x_wconf 92' lang='lat' dir='ltr'>·llli</span> <span class='ocrx_word' id='word_1_577' title='bbox 501 5083 614 5148; x_wconf 84' lang='lat' dir='ltr'>fratres,</span> <span class='ocrx_word' id='word_1_578' title='bbox 626 5083 674 5155; x_wconf 93' lang='lat' dir='ltr'>qui</span> <span class='ocrx_word' id='word_1_579' title='bbox 688 5099 745 5137; x_wconf 89' lang='lat' dir='ltr'>nou</span> <span class='ocrx_word' id='word_1_580' title='bbox 756 5083 849 5138; x_wconf 84' lang='lat' dir='ltr'>valent</span> <span class='ocrx_word' id='word_1_581' title='bbox 859 5099 919 5137; x_wconf 91' lang='lat' dir='ltr'>sur-</span> 
     </span>
     <span class='ocr_line' id='line_1_56' title="bbox 107 5175 1757 5252; baseline 0 -20"><span class='ocrx_word' id='word_1_582' title='bbox 107 5191 197 5250; x_wconf 81' lang='lat' dir='ltr'>gere,</span> <span class='ocrx_word' id='word_1_583' title='bbox 211 5183 276 5230; x_wconf 85' lang='lat' dir='ltr'>eant</span> <span class='ocrx_word' id='word_1_584' title='bbox 289 5175 389 5231; x_wconf 79' lang='lat' dir='ltr'>famuli</span> <span class='ocrx_word' id='word_1_585' title='bbox 399 5175 551 5231; x_wconf 78' lang='lat' dir='ltr'>servientes</span> <span class='ocrx_word' id='word_1_586' title='bbox 564 5177 604 5231; x_wconf 90' lang='lat' dir='ltr'>eis</span> <span class='ocrx_word' id='word_1_587' title='bbox 620 5177 849 5232; x_wconf 86' lang='lat' dir='ltr'>etedueantillos</span> <span class='ocrx_word' id='word_1_588' title='bbox 858 5193 918 5232; x_wconf 89' lang='lat' dir='ltr'>sus·</span> <span class='ocrx_word' id='word_1_589' title='bbox 995 5177 1440 5252; x_wconf 80' lang='lat' dir='ltr'>Quidquidinfirmipetierint,eis</span> <span class='ocrx_word' id='word_1_590' title='bbox 1449 5176 1757 5242; x_wconf 83' lang='lat' dir='ltr'>dandumest3etiamsi</span> 
     </span>
     <span class='ocr_line' id='line_1_57' title="bbox 107 5263 1756 5343; baseline -0.001 -21"><span class='ocrx_word' id='word_1_591' title='bbox 107 5271 263 5322; x_wconf 84' lang='lat' dir='ltr'>tentantes</span> <span class='ocrx_word' id='word_1_592' title='bbox 275 5263 349 5318; x_wconf 82' lang='lat' dir='ltr'>ulnis</span> <span class='ocrx_word' id='word_1_593' title='bbox 364 5263 423 5320; x_wconf 90' lang='lat' dir='ltr'>suis</span> <span class='ocrx_word' id='word_1_594' title='bbox 440 5266 469 5320; x_wconf 91' lang='lat' dir='ltr'>in</span> <span class='ocrx_word' id='word_1_595' title='bbox 485 5266 609 5332; x_wconf 86' lang='lat' dir='ltr'>ecclesia,</span> <span class='ocrx_word' id='word_1_596' title='bbox 626 5271 711 5338; x_wconf 86' lang='lat' dir='ltr'>atque</span> <span class='ocrx_word' id='word_1_597' title='bbox 725 5264 869 5332; x_wconf 80' lang='lat' dir='ltr'>collocent,</span> <span class='ocrx_word' id='word_1_598' title='bbox 886 5271 919 5320; x_wconf 89' lang='lat' dir='ltr'>ut</span> <span class='ocrx_word' id='word_1_599' title='bbox 959 5287 1053 5326; x_wconf 83' lang='lat' dir='ltr'>emere</span> <span class='ocrx_word' id='word_1_600' title='bbox 1076 5285 1145 5340; x_wconf 89' lang='lat' dir='ltr'>opus</span> <span class='ocrx_word' id='word_1_601' title='bbox 1163 5268 1207 5324; x_wconf 85' lang='lat' dir='ltr'>sit·</span> <span class='ocrx_word' id='word_1_602' title='bbox 1228 5267 1337 5339; x_wconf 83' lang='lat' dir='ltr'>Regula</span> <span class='ocrx_word' id='word_1_603' title='bbox 1350 5282 1473 5337; x_wconf 89' lang='lat' dir='ltr'>namque</span> <span class='ocrx_word' id='word_1_604' title='bbox 1487 5265 1613 5337; x_wconf 78' lang='lat' dir='ltr'>praecipit</span> <span class='ocrx_word' id='word_1_605' title='bbox 1629 5265 1697 5343; x_wconf 76' lang='lat' dir='ltr'>(cap.</span> <span class='ocrx_word' id='word_1_606' title='bbox 1710 5263 1756 5338; x_wconf 87' lang='grc'>36)</span> 
     </span>
     <span class='ocr_line' id='line_1_58' title="bbox 107 5351 1756 5429; baseline 0.002 -21"><span class='ocrx_word' id='word_1_607' title='bbox 107 5352 221 5408; x_wconf 87' lang='lat' dir='ltr'>melius</span> <span class='ocrx_word' id='word_1_608' title='bbox 244 5353 397 5424; x_wconf 80' lang='lat' dir='ltr'>potuerint.</span> <span class='ocrx_word' id='word_1_609' title='bbox 419 5355 565 5426; x_wconf 81' lang='lat' dir='ltr'>Ingratum</span> <span class='ocrx_word' id='word_1_610' title='bbox 590 5355 660 5411; x_wconf 90' lang='lat' dir='ltr'>nulli</span> <span class='ocrx_word' id='word_1_611' title='bbox 686 5372 822 5428; x_wconf 87' lang='lat' dir='ltr'>apparere</span> <span class='ocrx_word' id='word_1_612' title='bbox 836 5351 929 5411; x_wconf 73' lang='lat' dir='ltr'>debet*</span> <span class='ocrx_word' id='word_1_613' title='bbox 959 5365 1025 5414; x_wconf 85' lang='lat' dir='ltr'>aute</span> <span class='ocrx_word' id='word_1_614' title='bbox 1034 5353 1554 5429; x_wconf 84' lang='lat' dir='ltr'>omniaetsuperomniaadhibendam</span> <span class='ocrx_word' id='word_1_615' title='bbox 1565 5353 1684 5409; x_wconf 83' lang='lat' dir='ltr'>infirmis</span> <span class='ocrx_word' id='word_1_616' title='bbox 1695 5371 1756 5411; x_wconf 88' lang='lat' dir='ltr'>esse</span> 
     </span>
     <span class='ocr_line' id='line_1_59' title="bbox 107 5442 1754 5514; baseline 0.001 -16"><span class='ocrx_word' id='word_1_617' title='bbox 107 5445 174 5500; x_wconf 89' lang='lat' dir='ltr'>hoc</span> <span class='ocrx_word' id='word_1_618' title='bbox 187 5443 312 5508; x_wconf 66' lang='lat' dir='ltr'>laetum</span> <span class='ocrx_word' id='word_1_619' title='bbox 328 5442 395 5514; x_wconf 88' lang='lat' dir='ltr'>quia</span> <span class='ocrx_word' id='word_1_620' title='bbox 408 5459 481 5514; x_wconf 76' lang='lat' dir='ltr'>sape</span> <span class='ocrx_word' id='word_1_621' title='bbox 499 5443 620 5504; x_wconf 87' lang='lat' dir='ltr'>vidimus</span> <span class='ocrx_word' id='word_1_622' title='bbox 643 5445 786 5504; x_wconf 77' lang='lat' dir='ltr'>ineodem</span> <span class='ocrx_word' id='word_1_623' title='bbox 801 5445 846 5502; x_wconf 87' lang='lat' dir='ltr'>die</span> <span class='ocrx_word' id='word_1_624' title='bbox 857 5446 919 5504; x_wconf 80' lang='lat' dir='ltr'>lra-</span> <span class='ocrx_word' id='word_1_625' title='bbox 959 5463 1109 5510; x_wconf 84' lang='lat' dir='ltr'>curam-ac</span> <span class='ocrx_word' id='word_1_626' title='bbox 1127 5445 1358 5508; x_wconf 80' lang='lat' dir='ltr'>sollicitudinem.</span> <span class='ocrx_word' id='word_1_627' title='bbox 1379 5442 1420 5505; x_wconf 67' lang='lat' dir='ltr'>ln</span> <span class='ocrx_word' id='word_1_628' title='bbox 1443 5442 1512 5514; x_wconf 79' lang='lat' dir='ltr'>ipsis</span> <span class='ocrx_word' id='word_1_629' title='bbox 1531 5443 1754 5514; x_wconf 79' lang='lat' dir='ltr'>quippeeellulis</span> 
     </span>
     <span class='ocr_line' id='line_1_60' title="bbox 106 5531 1756 5609; baseline 0.001 -20"><span class='ocrx_word' id='word_1_630' title='bbox 106 5541 194 5589; x_wconf 88' lang='lat' dir='ltr'>trem</span> <span class='ocrx_word' id='word_1_631' title='bbox 219 5531 300 5587; x_wconf 85' lang='lat' dir='ltr'>linire</span> <span class='ocrx_word' id='word_1_632' title='bbox 319 5549 353 5588; x_wconf 87' lang='lat' dir='ltr'>ex</span> <span class='ocrx_word' id='word_1_633' title='bbox 367 5533 420 5588; x_wconf 86' lang='lat' dir='ltr'>hae</span> <span class='ocrx_word' id='word_1_634' title='bbox 434 5533 504 5602; x_wconf 86' lang='lat' dir='ltr'>luce,</span> <span class='ocrx_word' id='word_1_635' title='bbox 519 5539 548 5590; x_wconf 85' lang='lat' dir='ltr'>et</span> <span class='ocrx_word' id='word_1_636' title='bbox 569 5532 608 5588; x_wconf 83' lang='lat' dir='ltr'>ad</span> <span class='ocrx_word' id='word_1_637' title='bbox 620 5535 772 5596; x_wconf 34' lang='lat' dir='ltr'>*Christum</span> <span class='ocrx_word' id='word_1_638' title='bbox 786 5535 917 5608; x_wconf 85' lang='lat' dir='ltr'>transire,</span> <span class='ocrx_word' id='word_1_639' title='bbox 959 5536 1248 5609; x_wconf 85' lang='lat' dir='ltr'>habeat-procurator</span> <span class='ocrx_word' id='word_1_640' title='bbox 1269 5535 1360 5605; x_wconf 78' lang='lat' dir='ltr'>trater</span> <span class='ocrx_word' id='word_1_641' title='bbox 1384 5531 1490 5600; x_wconf 81' lang='lat' dir='ltr'>omnia,</span> <span class='ocrx_word' id='word_1_642' title='bbox 1510 5547 1683 5606; x_wconf 80' lang='lat' dir='ltr'>quaecuuque</span> <span class='ocrx_word' id='word_1_643' title='bbox 1700 5533 1756 5590; x_wconf 84' lang='lat' dir='ltr'>illie</span> 
     </span>
    </p>
   </div>
   <div class='ocr_carea' id='block_1_6' title="bbox 934 2646 1837 3696">
    <p class='ocr_par' dir='ltr' id='par_1_8' title="bbox 962 2646 1764 2986">
     <span class='ocr_line' id='line_1_61' title="bbox 1000 2646 1764 2723; baseline 0.009 -24"><span class='ocrx_word' id='word_1_644' title='bbox 1000 2648 1074 2706; x_wconf 81' lang='lat' dir='ltr'>Ante</span> <span class='ocrx_word' id='word_1_645' title='bbox 1085 2646 1196 2704; x_wconf 88' lang='lat' dir='ltr'>tertiam</span> <span class='ocrx_word' id='word_1_646' title='bbox 1212 2646 1424 2708; x_wconf 85' lang='lat' dir='ltr'>habeatemnia</span> <span class='ocrx_word' id='word_1_647' title='bbox 1434 2655 1597 2721; x_wconf 78' lang='lat' dir='ltr'>¹praeparata</span> <span class='ocrx_word' id='word_1_648' title='bbox 1609 2656 1705 2708; x_wconf 80' lang='lat' dir='ltr'>custos</span> <span class='ocrx_word' id='word_1_649' title='bbox 1723 2652 1764 2723; x_wconf 92' lang='lat' dir='ltr'>ip-</span> 
     </span>
     <span class='ocr_line' id='line_1_62' title="bbox 966 2735 1764 2808; baseline 0.01 -20"><span class='ocrx_word' id='word_1_650' title='bbox 966 2750 1072 2800; x_wconf 84' lang='lat' dir='ltr'>sorum,</span> <span class='ocrx_word' id='word_1_651' title='bbox 1088 2752 1151 2792; x_wconf 90' lang='lat' dir='ltr'>eum</span> <span class='ocrx_word' id='word_1_652' title='bbox 1165 2735 1359 2801; x_wconf 70' lang='lat' dir='ltr'>suislamulis,</span> <span class='ocrx_word' id='word_1_653' title='bbox 1368 2736 1519 2808; x_wconf 86' lang='lat' dir='ltr'>unicuique</span> <span class='ocrx_word' id='word_1_654' title='bbox 1528 2739 1764 2800; x_wconf 75' lang='lat' dir='ltr'>,mensulamlun-</span> 
     </span>
     <span class='ocr_line' id='line_1_63' title="bbox 966 2823 1760 2898; baseline 0.013 -21"><span class='ocrx_word' id='word_1_655' title='bbox 966 2823 1093 2893; x_wconf 81' lang='lat' dir='ltr'>giturline</span> <span class='ocrx_word' id='word_1_656' title='bbox 1116 2823 1203 2884; x_wconf 88' lang='lat' dir='ltr'>trium</span> <span class='ocrx_word' id='word_1_657' title='bbox 1219 2823 1337 2896; x_wconf 85' lang='lat' dir='ltr'>pedum,</span> <span class='ocrx_word' id='word_1_658' title='bbox 1350 2825 1504 2886; x_wconf 80' lang='lat' dir='ltr'>‚latitudine</span> <span class='ocrx_word' id='word_1_659' title='bbox 1521 2826 1615 2889; x_wconf 83' lang='lat' dir='ltr'>unius.</span> <span class='ocrx_word' id='word_1_660' title='bbox 1629 2831 1659 2886; x_wconf 83' lang='lat' dir='ltr'>nt</span> <span class='ocrx_word' id='word_1_661' title='bbox 1671 2827 1760 2898; x_wconf 82' lang='lat' dir='ltr'>eami;</span> 
     </span>
     <span class='ocr_line' id='line_1_64' title="bbox 962 2911 1764 2986; baseline 0.019 -23"><span class='ocrx_word' id='word_1_662' title='bbox 962 2927 1071 2981; x_wconf 78' lang='lat' dir='ltr'>¹ponere</span> <span class='ocrx_word' id='word_1_663' title='bbox 1095 2911 1199 2983; x_wconf 88' lang='lat' dir='ltr'>quippe</span> <span class='ocrx_word' id='word_1_664' title='bbox 1218 2911 1302 2970; x_wconf 90' lang='lat' dir='ltr'>debet</span> <span class='ocrx_word' id='word_1_665' title='bbox 1321 2929 1372 2983; x_wconf 91' lang='lat' dir='ltr'>per</span> <span class='ocrx_word' id='word_1_666' title='bbox 1390 2929 1624 2985; x_wconf 81' lang='lat' dir='ltr'>unumquemque</span> <span class='ocrx_word' id='word_1_667' title='bbox 1635 2915 1764 2986; x_wconf 73' lang='lat' dir='ltr'>desuper</span> 
     </span>
    </p>

    <p class='ocr_par' dir='ltr' id='par_1_9' title="bbox 934 2999 1837 3696">
     <span class='ocr_line' id='line_1_65' title="bbox 934 2999 1764 3072; baseline 0.004 -16"><span class='ocrx_word' id='word_1_668' title='bbox 934 3000 1124 3069; x_wconf 83' lang='lat' dir='ltr'>ctinteolum,</span> <span class='ocrx_word' id='word_1_669' title='bbox 1137 2999 1277 3072; x_wconf 81' lang='lat' dir='ltr'>justitiam</span> <span class='ocrx_word' id='word_1_670' title='bbox 1293 3001 1360 3066; x_wconf 84' lang='lat' dir='ltr'>uini,</span> <span class='ocrx_word' id='word_1_671' title='bbox 1369 3007 1398 3056; x_wconf 90' lang='lat' dir='ltr'>et</span> <span class='ocrx_word' id='word_1_672' title='bbox 1405 3001 1607 3072; x_wconf 87' lang='lat' dir='ltr'>panislibram.</span> <span class='ocrx_word' id='word_1_673' title='bbox 1625 3004 1657 3064; x_wconf 91' lang='lat' dir='ltr'>In</span> <span class='ocrx_word' id='word_1_674' title='bbox 1668 3019 1764 3064; x_wconf 71' lang='lat' dir='ltr'>mona</span> 
     </span>
     <span class='ocr_line' id='line_1_66' title="bbox 961 3089 1837 3160; baseline 0.007 -14"><span class='ocrx_word' id='word_1_675' title='bbox 961 3089 1053 3146; x_wconf 79' lang='lat' dir='ltr'>sterio</span> <span class='ocrx_word' id='word_1_676' title='bbox 1063 3089 1129 3145; x_wconf 89' lang='lat' dir='ltr'>dum</span> <span class='ocrx_word' id='word_1_677' title='bbox 1144 3091 1255 3160; x_wconf 83' lang='lat' dir='ltr'>signum</span> <span class='ocrx_word' id='word_1_678' title='bbox 1267 3090 1763 3160; x_wconf 69' lang='lat' dir='ltr'>pulsantunhoratartiaconveniant</span> <span class='ocrx_word' id='word_1_679' title='bbox 1834 3141 1837 3152; x_wconf 88' lang='lat'>.</span> 
     </span>
     <span class='ocr_line' id='line_1_67' title="bbox 965 3177 1761 3250; baseline 0.006 -18"><span class='ocrx_word' id='word_1_680' title='bbox 965 3177 994 3232; x_wconf 91' lang='lat' dir='ltr'>in</span> <span class='ocrx_word' id='word_1_681' title='bbox 1009 3178 1123 3236; x_wconf 86' lang='lat' dir='ltr'>basilica</span> <span class='ocrx_word' id='word_1_682' title='bbox 1137 3179 1265 3250; x_wconf 75' lang='lat' dir='ltr'>gloriosae</span> <span class='ocrx_word' id='word_1_683' title='bbox 1281 3179 1405 3250; x_wconf 79' lang='lat' dir='ltr'>Virginis</span> <span class='ocrx_word' id='word_1_684' title='bbox 1416 3180 1521 3244; x_wconf 72' lang='lat' dir='ltr'>hieria,</span> <span class='ocrx_word' id='word_1_685' title='bbox 1531 3186 1560 3236; x_wconf 89' lang='lat' dir='ltr'>et</span> <span class='ocrx_word' id='word_1_686' title='bbox 1573 3181 1761 3244; x_wconf 81' lang='lat' dir='ltr'>debitumim-</span> 
     </span>
     <span class='ocr_line' id='line_1_68' title="bbox 959 3269 1762 3340; baseline 0.004 -18"><span class='ocrx_word' id='word_1_687' title='bbox 959 3283 1081 3338; x_wconf 83' lang='lat' dir='ltr'>¹pensum</span> <span class='ocrx_word' id='word_1_688' title='bbox 1096 3269 1212 3328; x_wconf 83' lang='lat' dir='ltr'>solvant·</span> <span class='ocrx_word' id='word_1_689' title='bbox 1229 3269 1368 3330; x_wconf 83' lang='lat' dir='ltr'>Exeuntes</span> <span class='ocrx_word' id='word_1_690' title='bbox 1385 3269 1456 3329; x_wconf 75' lang='lat' dir='ltr'>,inde</span> <span class='ocrx_word' id='word_1_691' title='bbox 1471 3269 1518 3340; x_wconf 84' lang='lat' dir='ltr'>qui</span> <span class='ocrx_word' id='word_1_692' title='bbox 1536 3270 1602 3326; x_wconf 76' lang='lat' dir='ltr'>uult</span> <span class='ocrx_word' id='word_1_693' title='bbox 1615 3271 1762 3332; x_wconf 77' lang='lat' dir='ltr'>comedere</span> 
     </span>
     <span class='ocr_line' id='line_1_69' title="bbox 963 3355 1762 3431; baseline 0.008 -21"><span class='ocrx_word' id='word_1_694' title='bbox 963 3355 1069 3427; x_wconf 85' lang='lat' dir='ltr'>aliquid</span> <span class='ocrx_word' id='word_1_695' title='bbox 1080 3357 1161 3428; x_wconf 86' lang='lat' dir='ltr'>quasi</span> <span class='ocrx_word' id='word_1_696' title='bbox 1172 3357 1233 3412; x_wconf 91' lang='lat' dir='ltr'>loco</span> <span class='ocrx_word' id='word_1_697' title='bbox 1244 3357 1332 3423; x_wconf 83' lang='lat' dir='ltr'>mixti,</span> <span class='ocrx_word' id='word_1_698' title='bbox 1340 3358 1433 3422; x_wconf 74' lang='lat' dir='ltr'>meiat,</span> <span class='ocrx_word' id='word_1_699' title='bbox 1449 3365 1478 3414; x_wconf 90' lang='lat' dir='ltr'>et</span> <span class='ocrx_word' id='word_1_700' title='bbox 1493 3358 1518 3413; x_wconf 89' lang='lat' dir='ltr'>si</span> <span class='ocrx_word' id='word_1_701' title='bbox 1533 3359 1620 3422; x_wconf 85' lang='lat' dir='ltr'>velint</span> <span class='ocrx_word' id='word_1_702' title='bbox 1633 3366 1762 3431; x_wconf 87' lang='lat' dir='ltr'>possunt·</span> 
     </span>
     <span class='ocr_line' id='line_1_70' title="bbox 963 3447 1761 3519; baseline 0.01 -19"><span class='ocrx_word' id='word_1_703' title='bbox 963 3460 1018 3515; x_wconf 89' lang='lat' dir='ltr'>que</span> <span class='ocrx_word' id='word_1_704' title='bbox 1033 3462 1117 3516; x_wconf 82' lang='lat' dir='ltr'>egere</span> <span class='ocrx_word' id='word_1_705' title='bbox 1131 3452 1236 3504; x_wconf 85' lang='lat' dir='ltr'>sextam</span> <span class='ocrx_word' id='word_1_706' title='bbox 1252 3447 1405 3506; x_wconf 86' lang='lat' dir='ltr'>insimulet</span> <span class='ocrx_word' id='word_1_707' title='bbox 1414 3447 1498 3508; x_wconf 87' lang='lat' dir='ltr'>edere</span> <span class='ocrx_word' id='word_1_708' title='bbox 1511 3447 1761 3519; x_wconf 67' lang='lat' dir='ltr'>priusquamsonar</span> 
     </span>
     <span class='ocr_line' id='line_1_71' title="bbox 961 3535 1761 3607; baseline 0.005 -19"><span class='ocrx_word' id='word_1_709' title='bbox 961 3540 1017 3592; x_wconf 86' lang='lat' dir='ltr'>tur.</span> <span class='ocrx_word' id='word_1_710' title='bbox 1031 3535 1066 3593; x_wconf 82' lang='lat' dir='ltr'>Et</span> <span class='ocrx_word' id='word_1_711' title='bbox 1075 3536 1407 3607; x_wconf 79' lang='lat' dir='ltr'>quandoexepectantud</span> <span class='ocrx_word' id='word_1_712' title='bbox 1420 3542 1537 3600; x_wconf 76' lang='lat' dir='ltr'>sextam.</span> <span class='ocrx_word' id='word_1_713' title='bbox 1550 3538 1761 3607; x_wconf 62' lang='lat' dir='ltr'>tnoxrutpulsa«</span> 
     </span>
     <span class='ocr_line' id='line_1_72' title="bbox 961 3624 1760 3696; baseline 0.008 -16"><span class='ocrx_word' id='word_1_714' title='bbox 961 3624 1164 3694; x_wconf 78' lang='lat' dir='ltr'>verit-signum,</span> <span class='ocrx_word' id='word_1_715' title='bbox 1180 3625 1317 3682; x_wconf 87' lang='lat' dir='ltr'>accedant</span> <span class='ocrx_word' id='word_1_716' title='bbox 1331 3625 1421 3696; x_wconf 83' lang='lat' dir='ltr'>stipsi</span> <span class='ocrx_word' id='word_1_717' title='bbox 1440 3625 1476 3686; x_wconf 87' lang='lat' dir='ltr'>ad</span> <span class='ocrx_word' id='word_1_718' title='bbox 1490 3626 1600 3682; x_wconf 87' lang='lat' dir='ltr'>horam.</span> <span class='ocrx_word' id='word_1_719' title='bbox 1615 3627 1760 3687; x_wconf 76' lang='lat' dir='ltr'>Exeunten</span> 
     </span>
    </p>
   </div>
   <div class='ocr_carea' id='block_1_7' title="bbox 958 4513 1760 5119">
    <p class='ocr_par' dir='ltr' id='par_1_10' title="bbox 958 4513 1760 5119">
     <span class='ocr_line' id='line_1_73' title="bbox 963 4513 1759 4585; baseline -0.004 -13"><span class='ocrx_word' id='word_1_720' title='bbox 963 4515 1000 4572; x_wconf 89' lang='lat' dir='ltr'>ad</span> <span class='ocrx_word' id='word_1_721' title='bbox 1019 4513 1197 4572; x_wconf 85' lang='lat' dir='ltr'>cellerarium</span> <span class='ocrx_word' id='word_1_722' title='bbox 1208 4513 1360 4579; x_wconf 82' lang='lat' dir='ltr'>reddatur,</span> <span class='ocrx_word' id='word_1_723' title='bbox 1381 4517 1484 4583; x_wconf 82' lang='lat' dir='ltr'>preter</span> <span class='ocrx_word' id='word_1_724' title='bbox 1498 4513 1634 4585; x_wconf 68' lang='lat' dir='ltr'>iliacus</span> <span class='ocrx_word' id='word_1_725' title='bbox 1646 4513 1759 4574; x_wconf 79' lang='lat' dir='ltr'>famulis</span> 
     </span>
     <span class='ocr_line' id='line_1_74' title="bbox 962 4601 1760 4674; baseline -0.003 -14"><span class='ocrx_word' id='word_1_726' title='bbox 962 4605 1016 4660; x_wconf 92' lang='lat' dir='ltr'>sibi</span> <span class='ocrx_word' id='word_1_727' title='bbox 1033 4603 1220 4666; x_wconf 78' lang='lat' dir='ltr'>esurientibus</span> <span class='ocrx_word' id='word_1_728' title='bbox 1239 4619 1272 4658; x_wconf 84' lang='lat' dir='ltr'>ex</span> <span class='ocrx_word' id='word_1_729' title='bbox 1285 4601 1423 4662; x_wconf 71' lang='lat' dir='ltr'>,carnibus</span> <span class='ocrx_word' id='word_1_730' title='bbox 1439 4603 1760 4674; x_wconf 84' lang='lat' dir='ltr'>rel‚pulmentis.danda</span> 
     </span>
     <span class='ocr_line' id='line_1_75' title="bbox 961 4690 1759 4762; baseline 0 -14"><span class='ocrx_word' id='word_1_731' title='bbox 961 4691 1084 4750; x_wconf 85' lang='lat' dir='ltr'>suntab</span> <span class='ocrx_word' id='word_1_732' title='bbox 1107 4692 1155 4751; x_wconf 89' lang='lat' dir='ltr'>illo</span> <span class='ocrx_word' id='word_1_733' title='bbox 1178 4691 1265 4752; x_wconf 82' lang='lat' dir='ltr'>fratre</span> <span class='ocrx_word' id='word_1_734' title='bbox 1287 4691 1335 4762; x_wconf 89' lang='lat' dir='ltr'>qui</span> <span class='ocrx_word' id='word_1_735' title='bbox 1357 4690 1656 4760; x_wconf 80' lang='lat' dir='ltr'>nuic.efueio.praeea.</span> <span class='ocrx_word' id='word_1_736' title='bbox 1671 4691 1759 4756; x_wconf 62' lang='lat' dir='ltr'>intir-</span> 
     </span>
     <span class='ocr_line' id='line_1_76' title="bbox 961 4777 1757 4851; baseline -0.003 -13"><span class='ocrx_word' id='word_1_737' title='bbox 961 4781 1015 4838; x_wconf 88' lang='lat' dir='ltr'>mis</span> <span class='ocrx_word' id='word_1_738' title='bbox 1041 4781 1175 4840; x_wconf 83' lang='lat' dir='ltr'>tratribus</span> <span class='ocrx_word' id='word_1_739' title='bbox 1192 4796 1256 4842; x_wconf 74' lang='lat' dir='ltr'>,uon</span> <span class='ocrx_word' id='word_1_740' title='bbox 1274 4778 1405 4851; x_wconf 81' lang='lat' dir='ltr'>,pertinet</span> <span class='ocrx_word' id='word_1_741' title='bbox 1431 4777 1471 4834; x_wconf 84' lang='lat' dir='ltr'>eis</span> <span class='ocrx_word' id='word_1_742' title='bbox 1490 4778 1653 4851; x_wconf 75' lang='lat' dir='ltr'>¹quidquam</span> <span class='ocrx_word' id='word_1_743' title='bbox 1672 4780 1757 4844; x_wconf 78' lang='lat' dir='ltr'>‚dere</span> 
     </span>
     <span class='ocr_line' id='line_1_77' title="bbox 960 4867 1760 4942; baseline -0.001 -16"><span class='ocrx_word' id='word_1_744' title='bbox 960 4870 1204 4942; x_wconf 77' lang='lat' dir='ltr'>Eleemosynarius</span> <span class='ocrx_word' id='word_1_745' title='bbox 1214 4885 1279 4924; x_wconf 88' lang='lat' dir='ltr'>vero</span> <span class='ocrx_word' id='word_1_746' title='bbox 1291 4867 1348 4925; x_wconf 88' lang='lat' dir='ltr'>illis</span> <span class='ocrx_word' id='word_1_747' title='bbox 1362 4867 1760 4939; x_wconf 71' lang='lat' dir='ltr'>diebuspuibusexreleeto-</span> 
     </span>
     <span class='ocr_line' id='line_1_78' title="bbox 960 4957 1757 5032; baseline -0.001 -18"><span class='ocrx_word' id='word_1_748' title='bbox 960 4960 1003 5019; x_wconf 91' lang='lat' dir='ltr'>rio</span> <span class='ocrx_word' id='word_1_749' title='bbox 1018 4960 1231 5032; x_wconf 84' lang='lat' dir='ltr'>reeipitpanem</span> <span class='ocrx_word' id='word_1_750' title='bbox 1246 4963 1276 5012; x_wconf 89' lang='lat' dir='ltr'>et</span> <span class='ocrx_word' id='word_1_751' title='bbox 1286 4957 1492 5021; x_wconf 78' lang='lat' dir='ltr'>.rinum,.ita.et</span> <span class='ocrx_word' id='word_1_752' title='bbox 1505 4957 1757 5023; x_wconf 71' lang='lat' dir='ltr'>eahaemansione</span> 
     </span>
     <span class='ocr_line' id='line_1_79' title="bbox 958 5047 1088 5119; baseline -0.054 -11"><span class='ocrx_word' id='word_1_753' title='bbox 958 5047 1088 5119; x_wconf 81' lang='lat' dir='ltr'>accipiat.</span> 
     </span>
    </p>
   </div>
   <div class='ocr_carea' id='block_1_8' title="bbox 0 0 1952 6170">
    <p class='ocr_par' dir='ltr' id='par_1_11' title="bbox 0 0 1952 6170">
     <span class='ocr_line' id='line_1_80' title="bbox 0 0 1952 6170; baseline 0 0"><span class='ocrx_word' id='word_1_754' title='bbox 0 0 1952 6170; x_wconf 95' lang='lat' dir='ltr'> </span> 
     </span>
    </p>
   </div>
  </div>
 </body>
</html>
