3970 6172
136 303 207 362 1473
690 296 776 351 VITA
795 291 987 350 BENEDIOTI
1005 293 1085 348 ABB.
1109 292 1211 350 CLUS.
1701 299 1771 358 1474

131 445 205 500 pom
217 427 396 499 dilapidando
411 418 844 497 dispergitislAEqnumnerobis
859 417 1110 478 ride-Asereritas
1130 418 1217 472 aiiiini
1240 418 1268 472 in
1290 420 1352 490 ejus
1380 425 1496 474 venusto
1520 426 1549 476 et
1574 423 1665 494 gratia
1689 428 1771 497 pleno

129 525 182 574 tur
194 525 222 573 et
237 518 376 586 integrum
388 523 420 570 ut
434 513 655 586 ipsisoptimeac
666 508 808 581 splendide
820 507 936 578 epulan·
978 508 1064 570 vultu,
1081 509 1167 577 signis
1178 508 1340 562 decentibus
1365 511 1537 581 erumpendo
1566 515 1727 584 apparebat,
1744 525 1772 572 et

131 609 221 667 tibus.
233 625 283 661 999
295 623 443 678 perrarum
457 603 624 659 utendarum
640 599 761 670 inopiam
774 597 935 650 deficientes
976 598 1104 651 formosae
1117 598 1291 668 egregiaeque
1315 616 1439 668 personae
1467 603 1592 671 speciosa
1622 610 1772 673 proceritas

130 715 185 752 ceu
215 697 333 750 famelici
358 693 538 748 esttrimnusl
566 692 645 746 Sicut
671 706 686 742 a
711 687 837 742 veridicis
860 693 935 740 certe
976 690 1572 761 imperioseseinperetubiqueeminelmt,
1590 699 1772 770 utaspieien·

129 787 302 857 accepimus.
318 791 345 838 et
367 784 418 854 ipsi
442 782 633 853 experimento
663 777 850 849 probavimus,
878 793 934 830 non
975 779 1046 832 tiurn
1062 780 1156 832 oeulos
1171 781 1204 832 ad
1219 781 1372 832 honestatis
1388 783 1772 844 rererentiametDeicultum

130 868 730 929 hahentaliorumnionasteriorurnabbates
742 865 933 936 hujuscemodi
976 884 1031 921 non
1045 869 1134 921 solum
1151 869 1291 930 imitaret,
1307 869 1353 922 sed
1370 869 1454 922 etiam
1469 873 1601 928 traheret.

132 964 279 1029 nsus3sed
294 963 318 1016 si
332 961 395 1032 quis
406 961 440 1013 ad
455 977 502 1014 eos
517 959 691 1028 vespertinus
709 955 935 1026 lmspesadrcne-
1011 957 1253 1013 ‘ll-Priorutnsat
1283 962 1385 1012 rr'ailnl.
1409 959 1520 1014 Fratres
1547 972 1640 1020 autem
1670 969 1717 1040 qui
1742 970 1771 1025 iu

132 1053 181 1114 rit,
196 1059 246 1106 aut
260 1051 377 1105 discedit
394 1051 423 1104 in
437 1049 601 1108 crastinum,
615 1053 664 1100 aut
685 1046 934 1110 etmultum,ioi·te
975 1048 1052 1101 cellis
1070 1048 1230 1101 nmnastcrii
1247 1047 1357 1118 longius
1378 1047 1525 1117 degebant,
1543 1060 1570 1106 ct
1591 1072 1709 1125 quorum
1732 1059 1772 1114 illi

133 1149 263 1196 inuratur
278 1158 327 1212 per
342 1140 468 1193 biduum.
483 1139 539 1191 Vos
554 1143 647 1190 autern
668 1136 706 1190 nil
723 1135 861 1188 credendo
888 1133 936 1186 ho·
976 1145 1112 1191 curaerat
1123 1139 1253 1199 maxima,
1266 1140 1476 1204 visitaturusin
1487 1143 1583 1212 primis
1593 1164 1771 1219 summepere

132 1231 255 1300 spiritius
272 1237 451 1293 catumeum
467 1228 532 1298 quid
547 1226 670 1297 supersit
683 1225 835 1294 agundum,
852 1223 934 1293 quid·
976 1226 1139 1296 previdebat
1153 1234 1259 1282 tantam
1276 1230 1411 1288 librorum
1425 1237 1532 1306 copiam
1547 1254 1639 1290 secum
1652 1238 1771 1302 deferre,

132 1319 200 1389 quid
216 1320 401 1388 undecunque
415 1317 562 1370 corradere
579 1315 704 1386 potestis.
720 1313 824 1367 eisdem
851 1311 934 1365 nirnis
975 1331 1036 1384 quae
1052 1317 1184 1387 usquead
1205 1319 1325 1373 reditum
1342 1324 1469 1378 sulficere
1489 1335 1582 1396 posset
1601 1326 1653 1380 sibi
1668 1331 1775 1384 cerniti-

132 1409 323 1478 pronosarore
341 1423 452 1477 semper
460 1404 557 1476 largiri
573 1421 627 1458 non
638 1403 762 1457 cessatis.
779 1403 934 1471 ecumque
975 1405 1126 1475 busquead
1140 1414 1248 1477 pastum
1264 1409 1373 1466 animm.
1390 1413 1501 1469 Positus
1516 1432 1580 1469 vero
1604 1416 1633 1470 in
1661 1417 1771 1486 itinere,

133 1498 201 1550 talia
217 1497 300 1552 rerba
322 1496 448 1550 nesciens
466 1511 499 1548 ac
515 1493 701 1566 pusillanimis
712 1491 933 1545 murmuratione
976 1511 1026 1564 per
1039 1495 1146 1565 aliquot
1169 1496 1261 1552 horas,
1279 1500 1441 1572 priusquam
1470 1505 1505 1558 ab
1533 1505 1654 1575 hospitio
1674 1507 1771 1570 exiret,

133 1586 265 1656 turgidus
284 1585 444 1639 diffidenter
456 1589 606 1646 evomeret,
630 1582 671 1634 rir
694 1581 791 1642 bonus,
818 1586 849 1633 ut
873 1583 934 1633 erat
975 1601 1037 1638 cum
1049 1585 1108 1637 suis
1121 1586 1231 1640 lectioni
1242 1591 1392 1643 vacaredd
1403 1593 1504 1663 quodsi
1516 1593 1586 1647 forte
1597 1596 1773 1651 saecularium

132 1676 212 1730 mitis
226 1675 454 1746 atqueplacidus.
467 1673 502 1727 ad
517 1672 627 1742 singula
638 1671 697 1740 ejus
714 1669 1113 1758 niordaciadictasstumultus
1136 1675 1270 1736 officeret,
1295 1678 1324 1732 in
1347 1681 1478 1750 pomeriis
1494 1682 1593 1737 domus
1613 1701 1663 1739 seu
1687 1685 1774 1740 vineis

132 1765 204 1818 nibil
224 1765 299 1818 aliud
308 1781 392 1834 quam
405 1763 479 1816 illam
491 1761 609 1832 apostoli
620 1760 814 1814 auctoritatem
826 1757 934 1812 studuit
976 1762 1192 1817 locumamicum
1201 1767 1286 1836 quieti
1294 1769 1420 1838 seligere,
1426 1773 1649 1842 praestolantibus
1656 1777 1772 1846 caeteris,

131 1869 292 1923 opponere:
317 1854 467 1920 hospitales
488 1853 604 1904 iritu'rem
629 1853 688 1902 sinc
710 1850 933 1901 nummarationc
975 1851 1082 1905 consilii
1094 1853 1194 1922 agendi
1211 1855 1250 1908 rel
1264 1857 1409 1924 cujuslibet
1432 1860 1472 1912 roi
1489 1861 1642 1915 occasione.
1667 1865 1703 1916 ht
1727 1863 1773 1917 ubi

133 1946 156 2006 (l
175 1947 245 1996 retr.
265 1959 299 1996 rr.
313 1943 348 2004 ill.
361 1942 440 1996 Unde
455 1940 618 2010 contigitut
635 1944 692 1992 tam
708 1937 797 1991 sancti
814 1934 933 2007 apostoli
975 1944 1286 1997 curarentumeratad
1305 1944 1365 1999 loca
1390 1965 1508 2017 qnorum
1537 1952 1628 2021 gratia
1656 1953 1770 2018 exierat,

131 2031 311 2092 auctoritate,
328 2047 413 2101 quarn
429 2029 571 2099 patientiae
587 2029 674 2099 ipsius
703 2027 819 2080 lenitate
848 2025 936 2078 trater
974 2027 1091 2082 fratrum
1108 2030 1191 2082 vitain
1218 2037 1247 2084 et
1270 2033 1402 2099 actiones,
1419 2038 1571 2091 secundum
1596 2041 1770 2111 prophetam,

130 2121 268 2184 devictus,
284 2135 428 2190 nunquam
452 2118 583 2188 deinceps
604 2117 761 2189 proriperet
788 2115 817 2168 in
840 2119 934 2169 tantos
974 2117 1104 2171 hidiendo
1120 2119 1253 2188 parietem
1267 2121 1409 2192 inquirere
1420 2132 1448 2179 et
1462 2126 1642 2182 subtilissime
1668 2131 1773 2184 exami-

131 2211 295 2264 dtffidenttae
311 2209 351 2262 rel
367 2209 551 2280 impatientiae
566 2224 660 2261 ausus.
974 2222 1042 2260 nare
1056 2208 1211 2278 satagebat,
1235 2217 1263 2264 et
1282 2212 1495 2268 instructionem
1515 2219 1773 2291 correctionemque

168 2301 213 2355 ·20.
231 2299 403 2368 Praseriptis
427 2297 522 2368 itaque
544 2296 656 2367 pietatis
680 2299 708 2350 et
734 2293 933 2348 misericordia
974 2298 1161 2350 necessariam
1185 2298 1410 2364 subministrare,
1429 2305 1559 2359 Claustra
1583 2324 1632 2362 seu
1659 2316 1773 2363 caeteras

132 2389 409 2460 operibusquerum
438 2387 523 2440 odore
551 2385 654 2454 ubique
688 2383 834 2454 deglutiat,
861 2382 934 2436 sicut
974 2386 1117 2455 regulares
1132 2387 1256 2442 officinas
1272 2389 1361 2444 lacere
1374 2409 1421 2446 eos
1443 2395 1637 2464 compellebat,
1659 2398 1773 2468 quibus·

132 2495 202 2549 agor
214 2479 313 2549 plenus
326 2476 370 2531 cui
385 2475 527 2530 benedixit
546 2475 691 2535 Dominae,
701 2474 818 2526 dilectus
843 2473 932 2526 lactus
974 2474 1037 2528 dam
1054 2476 1265 2546 pauperioribus
1277 2480 1312 2532 ad
1328 2481 1379 2534 hoc
1393 2493 1596 2554 opussumptus
1611 2487 1770 2556 praebendo,

133 2568 294 2622 ostDeeet
317 2565 494 2622 hominibus:
523 2564 592 2618 adeo
617 2570 650 2617 ut
673 2562 762 2616 beate
790 2561 933 2615 memoriae
973 2563 1096 2633 seipsum
1112 2581 1266 2635 pauperare
1280 2569 1376 2630 voluit,
1400 2577 1451 2625 aut
1478 2590 1528 2642 per
1553 2590 1582 2626 se
1609 2575 1772 2630 aedificando

134 2673 206 2728 papa
221 2655 386 2725 Gregorius,
411 2660 571 2708 aeliotarum
586 2669 724 2708 canonum
739 2653 891 2705 suscitator
905 2657 932 2703 et
975 2664 1100 2710 moratus
1110 2660 1255 2729 ost,quond
1266 2660 1333 2714 illud
1345 2679 1428 2734 opere
1439 2666 1773 2735 complevitllortabatur

133 2753 227 2799 custos
240 2736 448 2814 integerrimus
465 2743 512 2814 qui
528 2759 578 2814 999
591 2742 661 2811 legis
676 2741 725 2795 Dei
755 2741 874 2794 ueritate
898 2739 933 2792 ab
975 2761 1144 2816 niagnopere
1159 2763 1193 2800 ne
1208 2747 1266 2801 bini
1283 2755 1392 2804 tanturn
1408 2759 1458 2806 aut
1470 2754 1552 2816 terni,
1568 2760 1618 2808 aut
1632 2763 1706 2810 certe
1717 2757 1773 2810 sin·

133 2834 256 2888 llenrico
283 2833 389 2904 perfido
415 2849 481 2903 rege
509 2837 536 2885 et
561 2829 730 2888 simoniaco.
747 2835 776 2882 et
797 2827 934 2883 Guiberto
973 2833 1773 2912 gulinranentesmoreSarabaitarumvellentvirere;sed

133 2923 322 2978 lucresiarcha
341 2920 591 2992 apostolicaesedis
611 2919 738 2974 invasore
770 2918 933 2972 innumeros
974 2939 1085 2994 semper
1094 2925 1360 2994 hujusmodisisieri
1369 2935 1471 2999 posset,
1484 2946 1632 2984 numerum
1640 2933 1773 2988 exceden-

133 3029 283 3083 perpessus
297 3017 341 3066 est
354 3011 579 3082 persecutionum
595 3009 727 3079 impetus,
742 3008 800 3062 suis
814 3024 876 3061 eum
893 3007 933 3060 sic
973 3017 1025 3076 tea,
1037 3014 1108 3066 etad
1121 3016 1321 3069 monasterium
1333 3034 1381 3071 seu
1393 3018 1554 3074 adcellasin
1565 3019 1772 3092 quibusmajori

133 3103 281 3156 attolleret
295 3118 327 3155 ac
340 3102 445 3155 foveret
459 3100 616 3154 litterarum
635 3096 934 3152 consolationibusti-
975 3103 1044 3156 orde
1058 3103 1221 3157 servabatur
1235 3105 1389 3176 diligentia.
1406 3107 1504 3162 crebro
1519 3115 1694 3164 recurrentes
1710 3111 1773 3166 ani-

133 3208 214 3245 scera
230 3197 391 3245 sanctorum
419 3189 617 3259 requieverunt
631 3204 681 3258 per
703 3192 741 3250 te,
759 3187 854 3240 trater.
871 3185 935 3240 Haec
975 3207 1086 3244 marum
1102 3209 1216 3246 suarum
1228 3192 1312 3247 saluti
1321 3195 1437 3250 sollicite
1447 3198 1625 3254 consulerent
1647 3199 1775 3256 Obtesta·

133 3281 168 3334 de
183 3282 247 3351 ejus
258 3278 449 3350 hospitalitate
465 3279 538 3332 dicta
552 3277 702 3331 sulliciant.
719 3277 799 3330 Nunc
814 3275 849 3328 de
864 3292 935 3346 pau·
976 3278 1060 3333 batur
1073 3298 1123 3351 per
1137 3282 1289 3346 Christum,
1303 3301 1338 3338 nc
1355 3285 1512 3340 Simoniaca
1525 3287 1702 3359 aliquatenus
1717 3291 1774 3344 hae·

132 3386 234 3442 perum
246 3376 352 3423 curaet
363 3367 546 3438 eleemosynis
560 3367 620 3436 eJus
634 3364 727 3435 paucis
744 3381 869 3435 agarena,
888 3381 935 3417 cu·
976 3369 1031 3424 resi
1074 3371 1276 3440 polluerentur,
1311 3391 1476 3446 summaque
1503 3377 1688 3433 detestatione
1726 3397 1773 3434 eos

130 3460 179 3529 jus
196 3464 253 3511 min
269 3458 418 3511 vehemens
432 3456 473 3509 illi
488 3460 549 3508 erat
562 3455 697 3510 studium.
715 3459 747 3508 ut
768 3469 831 3506 cum
857 3455 934 3506 netas
975 3455 1154 3522 abhorrebat,
1172 3459 1218 3529 qui
1234 3477 1284 3530 pro
1298 3461 1423 3524 decimis,
1436 3464 1477 3516 rel
1491 3465 1774 3537 ecclesiisadipiscen-

133 3553 259 3620 putaret,
276 3547 298 3601 si
313 3563 397 3617 penes
409 3563 438 3600 se
453 3545 569 3599 alterius
585 3545 708 3615 pecuniae
727 3544 832 3614 aliquid
849 3543 875 3596 in
893 3543 934 3596 lo·
975 3543 1114 3606 dis,sicut
1125 3547 1209 3600 moris
1225 3565 1284 3601 esse
1295 3549 1403 3603 solebat
1417 3551 1585 3620 quibusdam
1615 3555 1771 3622 monachis,

133 3639 206 3691 culis
219 3635 337 3691 haberet
351 3635 536 3690 reconditum.
553 3634 661 3688 ferebat
676 3641 772 3686 tamen
791 3649 876 3703 super
903 3647 933 3684 se
975 3632 1018 3686 rel
1029 3633 1112 3688 unius
1127 3635 1199 3688 oboli
1210 3636 1330 3706 pretium
1345 3637 1505 3708 largiretur.

133 3744 249 3798 semper
261 3727 446 3797 eleemosynae
460 3741 585 3784 censum,
603 3740 637 3777 ne
653 3723 764 3794 quando
780 3739 883 3778 vacuus
899 3720 935 3774 ab
1012 3721 1056 3781 a).
1073 3727 1272 3778 lacrumans
1288 3729 1470 3781 drn‘drrntur.
1487 3729 1557 3784 Cura
1573 3736 1668 3785 autem
1683 3731 1774 3790 causis

134 3833 168 3870 eo
183 3815 277 3870 redire
293 3823 386 3886 posset
400 3815 502 3886 aliquis
526 3829 692 3884 pauperum.
715 3811 896 3882 aequamus
919 3827 937 3863 a
977 3813 1128 3884 aliqnando
1143 3815 1362 3884 emergentibus,
1392 3817 1467 3871 ultra
1497 3819 1665 3889 promissum
1688 3828 1776 3878 statu·

133 3921 186 3959 suo
200 3904 380 3968 monasterio,
398 3909 430 3957 ut
444 3903 516 3956 alter
535 3901 681 3964 hlartinus,
697 3900 778 3957 facile
792 3900 853 3954 erui
880 3915 936 3953 non
976 3909 1093 3974 tumque
1105 3905 1240 3974 temporis
1254 3905 1404 3959 terminum
1416 3913 1583 3969 moraretur,
1596 3910 1636 3963 sic
1650 3911 1777 3966 cumfra-

135 4001 248 4067 posset;
264 3993 390 4048 sitamen
406 3991 588 4046 existentibus
602 3990 693 4044 causis
706 3990 741 4044 de
764 3995 858 4043 monte
887 3989 936 4042 dc·
978 3997 1053 4046 trum
1069 3991 1198 4046 fidelibus
1221 3993 1293 4046 citus
1316 3994 1462 4048 desideriis
1485 4013 1518 4050 ac
1539 3997 1609 4051 rotis
1629 3999 1776 4054 reuocabat

133 4081 292 4146 scanderet,
304 4080 491 4152 eleemosyna,
509 4080 581 4134 sicut
593 4079 727 4150 scriptum
743 4084 795 4144 est,
814 4095 935 4149 quocun·
977 4087 1148 4135 conventus:
1168 4081 1275 4152 cOpie
1290 4089 1424 4152 pastoret
1439 4084 1553 4138 Patrum
1569 4087 1699 4150 manime,
1712 4088 1772 4157 jam

134 4189 189 4244 que
204 4171 263 4225 ibat
275 4171 303 4225 in
315 4187 400 4224 rrranu
411 4169 486 4224 illius
496 4169 633 4234 sudabat;
651 4169 857 4239 quatenusejus
867 4167 936 4221 assi·
976 4169 1095 4224 nimium
1110 4169 1185 4234 abes,
1204 4177 1345 4223 maturum
1362 4171 1482 4224 reditum
1498 4173 1645 4243 pollicitus,
1660 4176 1719 4244 jam
1735 4176 1775 4230 ni-

134 4263 191 4316 dua
208 4260 358 4331 largitione
369 4257 547 4330 quotidianos
564 4257 712 4312 mundaret
726 4274 870 4324 excessus;
888 4255 935 4327 qui
978 4259 1209 4330 misingratatuae
1219 4260 1376 4314 sanctitatis
1386 4260 1511 4315 absentia
1521 4269 1617 4316 nostra
1627 4264 1708 4334 plena
1719 4271 1773 4321 tuce

134 4351 298 4422 frequenter
308 4349 399 4403 solent
411 4348 534 4418 irrepere
545 4347 619 4401 curis
634 4347 777 4400 familiaris
789 4346 828 4400 rei
843 4362 875 4400 ac
889 4348 1275 4440 ne·Ddilecti01nssollicitat
1291 4354 1410 4419 pectora.
1426 4369 1437 4402 i>
1457 4349 1532 4414 Quos
1562 4351 1620 4422 ipse
1646 4355 1774 4424 Apostoli

133 4440 220 4510 gatils
242 4436 429 4492 saecularibus.
449 4437 511 4491 Jam
537 4451 600 4488 vero
629 4441 707 4490 extra
735 4434 935 4489 monasterium
977 4438 1208 4505 dictotPla'tipn)
1223 4454 1261 4491 sic
1278 4443 1392 4492 noverat
1404 4439 1557 4494 reformem
1569 4441 1597 4495 Si
1613 4458 1775 4512 99999999-

136 4530 255 4601 positus,
273 4527 390 4580 tutelam
407 4531 436 4582 et
455 4541 552 4579 curam
575 4523 733 4590 viduarum,
751 4525 936 4596 pupillorum·
978 4526 1046 4580 latio
1058 4526 1085 4579 in
1096 4526 1654 4597 Christosiquodsolatiumcharitatissi
1665 4548 1720 4602 qua
1731 4549 1774 4588 so·

136 4615 442 4690 queetorphanorum,
459 4613 719 4685 quisuaeecclesiae
745 4613 817 4683 juris
845 4618 936 4680 erant,
978 4617 1064 4669 cletas
1080 4615 1204 4686 spiritus,
1220 4615 1244 4669 si
1258 4632 1313 4686 qua
1327 4615 1432 4669 viscera
1446 4617 1642 4682 miserationis,
1660 4620 1774 4691 implete

135 4707 211 4761 adse
227 4705 404 4776 potissimum
421 4703 562 4774 pertinere
577 4702 688 4768 aiebat;
705 4709 732 4756 et
760 4719 795 4757 ne
816 4703 935 4772 alicujus
975 4703 1107 4774 gaudium
1115 4703 1330 4768 meum,utidern
1341 4703 1597 4774 sapiatis,eamdeui
1607 4707 1775 4764 charitatem

135 4795 269 4851 uiolentia
296 4793 535 4865 opprimerentur.
565 4792 646 4846 anxie
670 4792 840 4862 providebat.
857 4793 935 4846 Vidi·
978 4791 1775 4868 habentes,unanimes,idipsumsentientes.ltaquecha-

135 4902 200 4940 inus
228 4899 301 4955 saepe
325 4899 388 4936 cum
413 4883 487 4936 inter
508 4880 617 4952 judices
648 4881 863 4951 compelleretur
895 4899 936 4936 se·
976 4880 1080 4934 rissimi
1096 4882 1160 4938 mei,
1178 4880 1251 4934 sicut
1266 4897 1376 4952 semper
1392 4882 1520 4938 obeditis.
1534 4901 1590 4939 noa
1606 4893 1637 4940 ut
1650 4886 1679 4940 in
1705 4905 1775 4958 prcc-

135 4975 212 5038 dera,
247 4971 355 5044 ipsique
384 4971 515 5025 causidici
536 4970 647 5041 linguas
675 4979 809 5024 acuerent
828 4970 933 5036 litibus,
976 4969 1775 5044 sentiameitantumsedmultemagisnuncinabsentia

135 5063 254 5116 tacitum
284 5061 369 5114 sineru
399 5059 437 5113 rei
463 5064 684 5130 exspectantem,
701 5064 729 5112 et
752 5057 864 5117 librum.
881 5077 936 5129 quo
977 5075 1122 5122 secacum
1135 5063 1773 5134 metuettremererestramipsorumsalutem

135 5167 233 5206 carere
246 5166 301 5204 non
317 5154 435 5220 poterat,
449 5165 504 5219 prae
515 5147 642 5206 manibus
656 5147 814 5218 habentem,
823 5149 935 5203 lectioni
977 5147 1140 5219 operamini.
1156 5167 1167 5198 ι
1180 5148 1241 5202 Je'rn
1254 5165 1318 5203 rere
1330 5149 1470 5218 incedito,
1482 5152 1776 5206 cumadrentusillius

135 5239 227 5310 magis
242 5253 356 5308 operam
367 5236 445 5300 dare,
457 5235 544 5290 donec
555 5235 768 5306 inplacitiexitu
779 5237 935 5291 necessario
977 5238 1051 5291 lama
1064 5237 1181 5290 fratrum
1197 5253 1280 5292 aures
1295 5240 1467 5309 percelleret.
1482 5247 1586 5309 quanto
1599 5240 1703 5308 gaudio
1717 5257 1776 5295 om·

135 5327 243 5400 aliquid
264 5327 428 5381 decerneret
446 5330 496 5378 aut
510 5323 720 5378 determinaret.
739 5325 806 5389 Quis
830 5333 935 5379 morta·
977 5325 1054 5380 nium
1068 5325 1151 5378 corda
1160 5325 1554 5392 hilarescebant,testabantur
1567 5327 1698 5398 lacrymae
1707 5328 1775 5384 lusce

135 5419 205 5472 lium
217 5416 246 5470 in
262 5417 325 5486 ejus
340 5414 488 5486 praesentia
509 5413 619 5484 nugari.
643 5422 693 5468 aut
719 5413 813 5486 inepte
840 5415 937 5469 ludere
979 5431 1035 5484 prae
1051 5414 1138 5467 nimia
1154 5414 1349 5468 exsultatione.

135 5507 291 5564 discinctus
305 5511 337 5558 ut
352 5519 438 5574 nepos
453 5509 645 5574 presumeret,
659 5519 772 5558 excusso
783 5505 841 5557 risu
851 5503 937 5558 disse·
1013 5501 1048 5560 23
1076 5506 1142 5558 item
1158 5520 1175 5556 a
1188 5506 1364 5571 pauperibus.
1375 5504 1464 5557 Taceo
1476 5503 1509 5558 de
1519 5504 1696 5576 pauperibus,
1709 5522 1776 5578 quo·

136 5597 216 5653 lutus
238 5599 289 5650 aut
307 5593 384 5664 turpi
410 5591 599 5647 scurrilitate?
624 5591 702 5647 Adeo
721 5591 879 5676 ‚integritas
909 5597 938 5647 et
977 5609 1042 5648 rum
1056 5592 1239 5648 multitudine
1249 5591 1319 5647 adeo
1332 5597 1399 5646 tunc
1413 5591 1605 5648 densabantur
1615 5595 1718 5652 montis
1728 5613 1777 5654 an·
