3900 6168
95 207 138 266 865
560 199 741 260 HlSTORlAE
758 199 976 261 PON'l‘lFlGlAE
994 201 1255 262 insonuerint.
1670 209 1724 270 566

19 329 20 340 ’
96 329 250 402 11‚20),qui
262 331 326 399 serit
340 333 458 398 utroquo
469 341 561 382 uuum
575 328 657 400 (ibid,
670 326 721 388 lii.
736 329 809 392 Sunt
821 331 978 400 pree-A‘tur
988 333 1149 401 peccatores
1164 330 1248 384 matri
1270 328 1408 398 Ecclesia,
1424 335 1453 385 et
1467 346 1523 402 qua
1537 332 1676 406 episcopis
1694 342 1723 392 et

19 413 20 426 ¹
95 429 163 476 terea
173 425 202 474 et
215 418 272 474 alia
282 416 570 490 sacramenta,quibus
581 419 750 473 cuncutitur
762 417 883 472 Ecclesia
924 417 1115 473 sacerdotibus
1130 421 1159 472 et
1172 417 1264 472 levitis
1277 418 1366 473 virtus
1380 417 1503 473 traditur
1516 419 1678 478 ministerii.

96 510 234 567 Dominico
245 509 382 581 exemplo,
394 507 521 580 quamvis
540 523 597 564 non
613 508 718 562 tradito
733 512 881 580 praecepto,
959 505 1077 579 Explicit
1102 506 1214 561 libellus
1233 505 1268 560 de
1291 507 1503 562 sacramentisa
1518 509 1657 566 Bonizone
1669 513 1724 569 Su·

95 605 122 656 ut
134 606 176 654 est
189 598 347 654 exsufflatio
356 597 386 652 in
394 596 744 664 exorcismis‚ellectati0in
752 595 882 652 catechu-
923 595 998 650 trino
1022 594 1150 666 episcopo
1183 594 1285 662 editus,
1311 596 1347 649 ad
1371 595 1549 653 Gualterium
1568 599 1722 655 Leonensis

95 687 227 754 monis,et
244 703 346 742 manus
369 687 521 758 impositio,
541 703 598 758 qua
628 686 776 758 baptizatis
792 686 884 742 consi·
924 683 1043 740 coeuobii
1057 685 1226 740 monachum
1239 689 1268 738 et
1281 684 1404 755 priorem
1417 685 1529 742 missus.

94 776 197 850 grando
212 780 326 832 sanctus
336 776 421 831 datur
433 775 565 846 Spiritus,
582 779 611 830 et
634 791 690 846 qua
701 775 883 830 reconcilian-

157 1105 229 1214 ΙΝ
265 1098 737 1216 FRAGMENTUM
775 1101 1213 1233 SUBSEQUENS
1251 1103 1649 1215 ADMONITIO.

659 1311 746 1390 (Mar,
762 1309 871 1392 Spieil.
886 1309 974 1376 Rern.
990 1310 1041 1388 Vl,
1058 1309 1140 1389 273.)

123 1475 215 1530 tator
227 1475 258 1527 in
269 1473 389 1527 miscello
408 1472 537 1526 Vaticano
546 1471 636 1526 codice
647 1473 761 1540 epitome
769 1472 895 1540 quadum
910 1471 1041 1527 historice
1050 1473 1239 1527 turrianorum
1247 1474 1507 1542 praemonueram
1516 1474 1618 1529 Boutso
1627 1474 1723 1530 Sutri-

94 1561 137 1599 nus
150 1547 288 1614 opiscopus
298 1543 470 1598 collectionis
484 1559 539 1596 sua
552 1543 788 1597 ocnouioaudduc
803 1544 913 1597 inedita
934 1545 1005 1597 libro
1028 1547 1127 1611 quarto
1145 1546 1302 1612 preposuit.
1319 1543 1359 1596 Ea
1373 1559 1438 1598 seno
1456 1546 1616 1599 brouisn'mc
1630 1551 1679 1608 ert,
1695 1549 1721 1598 et

93 1618 193 1684 qur'dem
207 1631 293 1684 mque
305 1615 342 1667 od
356 1614 493 1668 Strictum
509 1615 626 1667 luctatos
641 1616 725 1667 etium
739 1630 771 1668 ee
794 1614 1076 1668 Pseudo-Isidorienis
1097 1619 1221 1681 srrrnptoe
1241 1616 1347 1682 passim
1362 1616 1512 1669 intorserit.
1529 1616 1602 1670 Satis
1622 1619 1721 1684 igitur,

94 1689 153 1740 milri
176 1689 213 1740 stt
240 1688 367 1755 epitomes
386 1686 470 1753 leuius
484 1689 593 1753 portem
616 1685 806 1738 tantummodo
819 1689 878 1754 post
893 1684 1029 1740 Strictum
1043 1685 1088 1738 trie
1099 1687 1234 1754 proferro.
1252 1686 1324 1752 erin
1339 1685 1477 1738 atrocum
1489 1691 1601 1740 uentum
1620 1687 1723 1740 orituri

93 1759 240 1812 ,ideonum
252 1758 390 1826 primum,
406 1757 553 1810 Bonisouts
566 1759 670 1808 tectum
684 1756 759 1809 liaud
768 1758 831 1824 jam
842 1771 855 1807 o
868 1757 996 1823 predicto
1010 1755 1098 1808 cortice
1112 1757 1255 1820 tiernium,
1273 1756 1319 1808 sort
1332 1757 1367 1809 ab
1382 1757 1494 1809 ineditis
1509 1757 1605 1812 Altini
1619 1757 1722 1810 sclicla-

91 1831 125 1880 ris
138 1829 322 1891 collectaneis,
338 1831 387 1895 qut
402 1829 433 1881 in
445 1831 583 1895 postrema
598 1829 685 1896 operis
696 1831 775 1894 parte
785 1827 913 1879 crsertttt
926 1841 959 1879 ee
973 1825 1119 1879 Bonisouis
1131 1827 1200 1879 libro
1208 1828 1346 1892 insepulto
1357 1825 1398 1879 Da
1412 1826 1482 1880 Viri
1498 1827 1668 1882 Cirnrsrmna
1681 1841 1721 1880 rc-

93 1901 221 1967 liqucrum
235 1897 402 1968 porrttfioum
415 1899 546 1951 notitiam
561 1897 691 1966 usquead
707 1898 850 1952 Urbanum
864 1897 899 1958 Il,
912 1898 1007 1964 inquo
1021 1912 1113 1966 reapse
1124 1897 1223 1950 Pontou
1236 1898 1383 1950 disturbet.
1397 1899 1482 1951 Porro
1497 1903 1521 1952 ot
1533 1899 1662 1968 predicto
1672 1898 1721 1952 Al-

93 1971 214 2024 binoctio
230 1971 302 2024 etthi
310 1970 437 2022 editurus
451 1983 524 2022 sum.

357 2181 648 2280 nrsronue'
672 2180 1011 2278 ruariorum
1048 2131 1466 2291 recensurus

661 2363 713 2432 llll
735 2362 934 2432 BONIZONE
958 2361 1143 2432 SUTRINO.

122 2676 246 2732 Dicerem
263 2675 378 2747 quidem
394 2674 429 2730 de
449 2670 610 2738 Anastasio,
625 2675 654 2726 et
667 2670 702 2726 de
719 2667 958 2730 InnocentioBut
984 2668 1152 2725 schismatici
1175 2669 1296 2742 episcopi
1319 2685 1370 2742 per
1396 2669 1543 2727 saculares
1569 2674 1724 2742 potestates

93 2767 134 2836 qui
148 2762 271 2820 Sabbata
281 2761 415 2835 praecepit
437 2760 634 2832 jejunandum.
650 2764 679 2814 et
695 2773 793 2830 pacem
809 2757 885 2811 intra
925 2760 1186 2830 comprimerentur.
1200 2761 1234 2814 Et
1248 2759 1423 2815 dedohanne
1437 2761 1497 2830 ejus
1515 2775 1683 2824 successore,
1695 2763 1724 2815 et

93 2855 236 2909 missarum
252 2852 389 2908 soleumia
407 2850 478 2904 dari.
508 2850 544 2904 Et
569 2848 605 2903 de
632 2847 742 2902 Zosimo
770 2846 885 2902 natione
924 2847 960 2901 de
974 2845 1136 2912 Benedicto,
1154 2853 1182 2902 et
1196 2848 1230 2902 de
1245 2847 1359 2918 Pelagio
1373 2849 1576 2918 predecessore
1596 2845 1724 2918 Gregorii

93 2944 191 3010 Gracc,
207 2943 257 3014 qui
272 2957 385 2998 cereum
399 2939 428 2994 in
442 2938 564 2995 Sabbata
589 2943 685 2992 sancto
709 2935 841 3007 precepit
854 2935 884 2989 in
926 2936 973 3010 qui
983 2952 1081 2991 novem
1094 2935 1269 3008 prefationes
1287 2935 1403 2990 tradidit
1418 2936 1545 2992 Ecclesiae
1564 2941 1629 2990 ante
1641 2952 1724 2990 cano

93 3033 216 3088 omnibus
227 3032 319 3086 titulis
333 3029 511 3085 benedici.Et
521 3025 715 3092 dessonilaeio,
727 3026 776 3097 qui
789 3041 885 3080 mona·
924 3043 990 3082 nem
1004 3025 1208 3093 decantandam
1222 3025 1245 3080 si
1260 3029 1314 3080 mei
1333 3030 1407 3080 esset
1430 3025 1581 3098 praepositi,
1596 3023 1722 3081 seriatim

94 3123 192 3178 chabus
206 3126 238 3177 et
250 3118 415 3176 diaconissis
430 3115 576 3171 interdixit
601 3131 636 3170 ne
650 3119 747 3169 sancta
760 3113 884 3169 veseval
924 3117 1065 3172 Romanos
1075 3115 1220 3186 pontificos
1238 3113 1391 3171 insinuare,

93 3212 175 3282 pallas
189 3211 290 3266 altaris
302 3210 461 3278 tangerent.
475 3206 511 3260 Et
519 3202 711 3260 deGoelestino
722 3201 770 3273 qui
784 3201 885 3256 consti·
959 3204 1000 3260 De
1013 3203 1095 3258 bento
1111 3203 1246 3274 Gregorio
1259 3203 1397 3258 silendum
1411 3219 1467 3258 non
1481 3201 1612 3266 arbitror,
1634 3219 1650 3258 n
1665 3219 1720 3274 quo

93 3300 142 3356 tuit
155 3306 186 3354 ut
200 3298 303 3370 psalmi
317 3295 406 3351 Dauid
421 3309 447 3348 cr
464 3309 582 3349 numero
596 3291 801 3363 antiphonatim
816 3306 884 3346 can·
924 3290 996 3346 liber
1018 3291 1263 3345 Sacramentorum
1280 3290 1372 3346 editus
1391 3295 1443 3349 est.
1459 3297 1488 3345 et
1500 3291 1721 3362 antiphonarius

92 3395 217 3446 urentur
242 3391 308 3442 ante
333 3400 478 3448 canonem,
508 3397 572 3436 nam
607 3385 690 3434 antea
709 3379 883 3449 evangelium
923 3383 982 3434 tam
997 3378 1115 3433 diurnus
1137 3393 1223 3450 quarn
1237 3383 1400 3442 nocturnus,
1417 3383 1445 3433 et
1458 3383 1596 3434 tractatus
1615 3379 1643 3434 in
1658 3381 1723 3436 Eze-

93 3485 198 3534 rantum
210 3483 241 3532 et
254 3475 379 3547 epistolae
397 3471 574 3544 legebantur.
603 3470 639 3524 Et
665 3469 699 3524 de
725 3469 813 3540 Xysto
837 3468 886 3540 qui
926 3467 1056 3530 chielem‚
1068 3471 1097 3521 et
1111 3465 1240 3520 llomiliae
1254 3479 1281 3520 xi
1291 3467 1321 3520 in
1334 3466 1494 3536 Evangelia,
1512 3465 1579 3521 etin
1592 3465 1648 3521 lob
1664 3483 1723 3522 mo·

93 3570 234 3624 ecdesiem
247 3583 309 3638 qua
322 3563 426 3618 dicitur
435 3561 471 3614 ad
485 3561 623 3630 Praesepc,
637 3561 665 3612 et
674 3557 758 3612 hodie
771 3563 886 3612 vocatur
925 3554 1023 3610 raliter
1037 3559 1066 3609 et
1080 3552 1230 3622 allegorice
1246 3557 1274 3607 ct
1289 3553 1325 3607 ad
1339 3552 1487 3608 historiam
1500 3554 1665 3625 compendio
1678 3555 1722 3609 di-

95 3655 178 3726 llajor
189 3655 325 3720 Ecclesia,
341 3652 370 3707 in
382 3655 477 3706 monte
488 3649 566 3704 Livio
577 3644 795 3716 [holadilicavit.
807 3646 884 3700 Etde
924 3648 1049 3714 gestans,
1072 3647 1100 3698 et
1125 3641 1306 3713 Dialogorum
1330 3641 1409 3704 liber,
1426 3647 1455 3695 et
1472 3642 1621 3712 pastoralis
1636 3641 1721 3711 Cura,

92 3763 189 3818 magno
215 3747 318 3810 leone,
331 3746 360 3796 et
372 3741 406 3795 dc
419 3739 516 3793 Hilaro
530 3737 643 3792 natione
671 3735 769 3802 Sardo,
795 3740 824 3790 ct
849 3735 884 3789 de
924 3732 1049 3788 iohanni
1060 3730 1214 3786 Ravennmi
1228 3729 1344 3796 directa,
1367 3729 1565 3799 etliegistrum
1575 3730 1611 3784 ad
1624 3746 1724 3802 regen·

92 3836 232 3908 Simplicio
246 3832 403 3896 Tiburtino,
432 3834 462 3884 et
487 3828 522 3882 de
543 3826 634 3900 Felice
649 3824 787 3896 episcopo.
801 3825 836 3879 Et
849 3825 884 3880 de
924 3822 990 3876 dam
1005 3821 1157 3876 Ecclesiam
1172 3818 1241 3874 satis
1256 3819 1334 3874 utile.
1352 3816 1404 3872 llic
1417 3817 1561 3873 constituit
1588 3823 1622 3874 ut
1643 3821 1724 3875 Anti·

91 3925 198 3980 Gelasio
212 3921 379 3980 scholastico
403 3919 516 3974 doctore
528 3915 658 3980 mirilico,
689 3913 737 3985 qui
758 3914 883 3968 Gelasia·
894 3941 917 4004 c
927 3911 1022 3982 phone
1031 3914 1263 3979 cantareturquae
1274 3911 1388 3962 vocatur
1399 3909 1534 3962 innuitur
1549 3908 1584 3961 ad
1600 3910 1723 3964 mulcen-

89 4033 154 4071 num
180 4013 305 4070 codicem
321 4009 486 4080 composuit,
515 4011 544 4061 et
570 4006 690 4078 hymnos
705 4009 734 4060 et
749 4009 884 4059 tractatus
928 4001 996 4056 dum
1012 3998 1185 4054 audientium
1199 3995 1426 4062 animos‚deinde
1441 3998 1525 4066 llyrie
1538 3998 1725 4052 eleisonacle-

90 4105 161 4173 iecit,
177 4112 209 4160 ut
223 4103 323 4158 beatus
334 4098 507 4163 Ambrosius,
533 4093 722 4150 etdeclararit
736 4099 804 4166 quot
822 4093 885 4148 libri
925 4106 956 4144 ro
971 4087 1066 4142 novies
1079 4083 1233 4150 decantari,
1262 4088 1367 4154 etpost
1388 4084 1514 4155 amplum
1540 4083 1723 4139 Grcducleet

92 4196 173 4268 recipi
187 4193 310 4249 debeant
331 4189 360 4244 in
381 4185 513 4250 Ecclesia,
529 4183 609 4256 quive
622 4182 772 4249 contemni,
787 4188 816 4237 et
830 4199 884 4254 quo
925 4177 1057 4241 Alleluia,
1074 4178 1188 4244 excepto
1202 4171 1232 4226 in
1248 4171 1427 4242 septuaginta
1447 4170 1545 4225 diebus
1568 4171 1597 4225 in
1621 4170 1722 4242 quibus

93 4289 214 4355 tempore
243 4277 434 4336 ordinationes
457 4273 634 4328 sacerdotum
662 4275 885 4342 caeterorumque
925 4270 1033 4321 tractus
1045 4262 1167 4318 instituit
1180 4259 1388 4326 decantandos3
1409 4262 1472 4331 post
1485 4258 1659 4329 evangelium
1675 4276 1723 4314 ve·

91 4373 219 4428 ordinum
233 4368 294 4424 sieri
305 4366 435 4422 debeant.
446 4363 481 4418 Et
490 4362 525 4417 de
539 4360 687 4416 Anastasio
701 4361 762 4431 ejus
776 4375 886 4415 succes·
926 4370 968 4419 ro,
984 4353 1051 4407 dum
1062 4349 1216 4405 oblationes
1235 4349 1400 4414 offeruntur,
1429 4345 1608 4402 Ollertoriurn
1623 4345 1724 4401 (lecan-

90 4478 160 4527 sore,
181 4467 210 4516 et
222 4460 258 4514 de
270 4454 439 4528 Symmacho
454 4452 542 4508 Sardo
569 4451 616 4522 qui
637 4449 782 4506 constituit
795 4447 885 4503 omni·
926 4441 990 4502 tari,
1005 4444 1034 4495 et
1048 4443 1111 4512 post
1124 4437 1271 4492 laudonem
1288 4435 1462 4492 eucharistiae
1476 4441 1626 4507 postquam
1645 4451 1723 4490 oom-

89 4551 138 4605 bns
168 4547 318 4606 Dominicis
345 4543 443 4600 diebus
473 4547 503 4597 et
529 4539 663 4595 nauelitiis
694 4527 884 4610 apostolorum
927 4525 1378 4586 municaverintcommunionem.
1400 4523 1537 4578 llicidem
1562 4523 1671 4578 addidit
1693 4524 1723 4581 in

16 4691 17 4698 ,
88 4639 226 4710 hymnum
257 4635 416 4707 angelicum
438 4629 591 4686 decantari.
620 4627 658 4682 Et
686 4626 721 4682 de
739 4625 885 4681 Permisda
926 4620 1039 4674 Oenone
1056 4621 1168 4686 litesque
1184 4622 1288 4672 nostros
1302 4618 1334 4669 in
1351 4619 1399 4668 tua
1411 4630 1477 4684 poco
1496 4614 1635 4681 disponas.
1645 4615 1679 4669 Et
1691 4622 1723 4672 ut

85 4747 195 4800 magnae
204 4727 267 4782 vitae
281 4731 311 4781 et
320 4721 422 4788 meriti,
437 4725 466 4776 et
478 4719 513 4774 de
527 4720 645 4786 loanno,
661 4717 723 4788 ejus
741 4731 885 4771 successo·
926 4708 1015 4764 oratio
1028 4705 1173 4762 Dominica
1186 4703 1357 4760 asacerdote
1368 4718 1453 4774 super
1466 4700 1669 4756 Eucharistiam
1683 4701 1723 4754 al·

16 4855 17 4860 κ
85 4835 122 4884 re,
138 4818 218 4874 etde
233 4815 335 4878 Felice,
360 4817 390 4868 et
406 4811 442 4866 de
463 4807 602 4865 &dilacio
627 4805 676 4878 qui
700 4803 883 4860 constitutum
925 4801 954 4852 ta
968 4812 1034 4850 voce
1048 4794 1255 4850 decantaretur.
1272 4791 1324 4846 llic
1348 4791 1424 4846 idem
1445 4789 1568 4845 instituit
1582 4794 1614 4844 ut
1627 4805 1645 4842 a
1658 4805 1723 4860 sep-

82 4909 145 4963 iecit
159 4914 197 4964 ut
216 4921 273 4961 non
300 4904 381 4958 fieret
404 4899 502 4956 electio
522 4895 643 4952 Romani
655 4893 805 4966 pontilicis,
831 4891 885 4946 nisi
925 4884 1083 4956 tuagesima
1096 4881 1227 4953 usquein
1242 4880 1348 4936 Pascha
1362 4895 1419 4934 non
1437 4883 1567 4934 cantatur
1588 4879 1721 4944 Alleluia,

84 5001 144 5066 post
157 4995 276 5051 tertium
288 4988 469 5064 depositionis
483 4989 544 5060 ejus
557 4987 642 5041 diem.
659 4985 694 5039 Et
708 4982 743 5038 de
766 4982 883 5044 ioanne,
927 4980 956 5030 et
969 4979 1001 5028 ut
1015 4973 1044 5027 in
1059 4970 1219 5026 matutinali
1232 4969 1330 5041 synaxi
1344 4967 1445 5024 festiva
1455 4974 1516 5022 octo
1532 4972 1643 5022 tuntum
1656 4981 1723 5021 can-

83 5088 143 5156 rjus
162 5099 334 5144 successore,
354 5087 384 5136 et
406 5080 441 5134 de
459 5076 591 5149 Agapito,
612 5073 690 5129 etde
711 5069 826 5127 Silrerio
839 5068 886 5140 qul
926 5070 1057 5122 terantur
1076 5060 1263 5134 responsoria,
1278 5066 1308 5115 et
1326 5063 1492 5131 sequeretur
1504 5057 1722 5112 Ambrosianum

83 5177 195 5246 primus
207 5177 271 5247 post
284 5171 359 5226 beati
375 5167 500 5226 silvestri
511 5171 649 5236 tempom,
665 5162 726 5217 sine
747 5158 885 5231 imperiali
925 5159 954 5210 et
967 5154 998 5208 in
1010 5151 1175 5224 quotidiana
1188 5149 1244 5204 duo
1258 5153 1380 5203 tantum.
1397 5147 1459 5202 Eta
1474 5145 1637 5218 presbytero
1651 5143 1723 5198 dice·

83 5281 214 5326 mensu.
229 5263 389 5318 Gothorum
411 5271 496 5311 manu
511 5260 555 5310 est
569 5251 715 5309 ordinatus
727 5249 883 5321 episcopus.
927 5247 1006 5299 retur
1020 5243 1134 5310 [leusio
1144 5241 1318 5308 eedutortmn
1330 5252 1432 5300 meum,
1444 5234 1493 5304 qui
1502 5237 1545 5288 est
1554 5230 1723 5288 centesimus

85 5356 117 5410 Er
131 5355 170 5410 dc
184 5351 293 5424 vigilio,
310 5349 388 5406 etde
406 5344 519 5416 Pelagio
534 5341 662 5415 episcopo
688 5339 736 5412 qui
755 5337 887 5412 pracepit
927 5337 1042 5389 octavus
1053 5329 1180 5384 decimus
1192 5327 1327 5400 psalmus.
1347 5323 1438 5389 Quam
1451 5335 1517 5375 vero
1531 5320 1569 5375 sit
1582 5318 1722 5376 honestis·

119 5509 179 5582 (60)
195 5507 308 5567 Scilicet
321 5503 397 5577 apud
411 5501 495 5559 Liria
509 5495 658 5555 macellum
671 5495 702 5550 in
716 5491 873 5566 Esquilino,
889 5491 923 5544 ut
937 5487 1057 5544 constat.
