3872 6162
116 303 184 364 rora
642 309 852 367 conmrrur.
873 307 1043 365 rrmssus.
1065 339 1098 350 -
1117 305 1186 364 tre.
1206 281 1232 366 ι’.
1492 379 1496 384 ,
1684 283 1758 368 iota

112 429 251 486 sacerdoti
266 431 542 490 osculandomanum
558 435 627 507 ejus,
638 437 711 491 sicut
726 439 753 490 et
768 433 1052 499 subduco-Asuada,
1070 449 1133 489 cum
1158 434 1328 505 sanguinem
1342 434 1443 491 deinde
1459 451 1477 492 a
1493 433 1652 494 bibentibus
1667 431 1757 495 ·...inui

113 537 166 576 uus
181 519 246 574 sibi.
263 521 398 576 Sacerdos
412 527 505 578 autem
518 525 597 598 ponit
611 541 673 580 eam
687 525 721 581 ad
736 525 837 597 pedem
849 523 914 577 caii·
956 523 1064 578 viderit.
1080 525 1149 579 Inde
1163 541 1283 595 quoque,
1298 541 1361 580 cum
1378 525 1499 596 primum
1511 543 1541 582 se
1550 526 1616 582 indu
1628 529 1756 600 expedie-

114 611 162 674 cis,
178 613 207 664 ct
220 615 370 685 postquam
380 611 497 684 fregerit
509 615 641 680 hostiam,
654 632 739 670 unam
755 615 915 686 portiuncu-
954 615 1001 677 rit,
1013 617 1041 666 et
1056 612 1186 667 ultimum
1200 611 1235 667 ad
1250 614 1339 668 altare
1353 615 1560 670 communicare
1569 601 1753 688 perspexerit,

113 699 169 754 lam
189 702 233 760 tut
246 717 307 755 mos
321 705 364 756 est
375 701 525 780 generalis)
540 705 628 762 mittit
648 703 676 759 in
702 705 828 774 calicem,
843 703 914 758 duas
954 701 1093 772 accipiens
1101 701 1221 756 alterum
1232 699 1345 756 calicem
1355 701 1389 756 de
1402 703 1561 771 armariolo,
1574 702 1756 768 sacerdotiad

114 806 198 862 super
209 794 352 868 patenam,
367 795 395 845 et
408 808 472 846 curn
485 793 622 866 corporali
653 796 724 868 tegit
748 801 911 874 utrumque,
954 789 1108 844 abluendos
1128 787 1158 844 in
1185 805 1217 844 eo
1237 787 1338 860 digitos
1353 789 1437 860 simui
1453 805 1517 846 cum
1545 789 1670 864 ampulla
1698 795 1755 851 vini

113 877 194 934 Prius
201 883 298 935 autem
309 896 394 951 super
407 881 500 956 ipsum
514 883 630 938 calicem
644 883 748 955 digitos
763 886 915 960 diligenter
955 883 1094 950 applifiab
1111 895 1143 933 ²²⁶
1158 877 1249 951 primo
1263 879 1475 950 l'fflflufflfflVini
1489 879 1580 935 eidem
1595 894 1678 954 super
1689 899 1756 956 ‘lua'

114 967 228 1036 excutit,
245 985 282 1024 ne
296 969 364 1040 quid
377 970 449 1025 forte
461 971 536 1025 inter
550 972 736 1043 frangendum
752 976 787 1030 de
798 975 914 1050 corpor'e
955 973 1021 1024 tuor
1032 969 1143 1040 digitos,
1159 967 1261 1039 quibus
1273 983 1374 1040 COPPUS
1384 969 1496 1024 Domini
1504 969 1634 1041 fregerat,
1651 971 1754 1031 fundit.

113 1057 225 1112 Domini
241 1057 400 1114 adhaeserit.
425 1059 532 1124 Quibus
546 1063 638 1116 adhuc
652 1080 716 1117 curn
730 1067 807 1120 omni
821 1067 914 1123 studio
956 1057 1036 1122 Quod
1058 1057 1197 1120 sacerdos.
1213 1061 1363 1128 postquam
1391 1056 1509 1112 ebiberit
1529 1059 1620 1114 adhuc
1633 1059 1756 1118 secundo

114 1146 224 1208 clausis,
242 1148 315 1202 etad
325 1153 422 1220 pectus
433 1151 580 1222 applicatis
592 1149 674 1221 (ltu),
689 1151 802 1209 brachio
817 1156 914 1212 dextro
955 1147 1029 1218 quod
1052 1147 1210 1201 infunditur
1231 1145 1311 1212 bibit,
1337 1149 1369 1201 ¹12
1387 1151 1416 1201 02
1441 1143 1488 1201 ille
1520 1147 1591 1203 calix
1613 1153 1756 1226 utcunque

114 1252 197 1308 super
211 1236 358 1292 sinistrum
373 1240 473 1312 posito,
490 1239 612 1311 primurn
626 1241 744 1298 diacono
758 1249 786 1298 et
799 1245 913 1301 subdia·
955 1236 1095 1291 abluatur·
1519 1313 1521 1320 Α

114 1341 180 1379 corio
200 1331 262 1384 tum
288 1327 372 1381 etiam
387 1327 515 1384 ministro
535 1330 584 1384 dat
598 1347 705 1401 paoem,
723 1335 751 1386 et
765 1333 787 1388 si
804 1335 870 1408 quid
881 1337 916 1390 do
994 1327 1143 1398 Postquam
1160 1343 1257 1381 onnes
1271 1325 1757 1398 Dominlcosanguintcommuniun-

114 1431 228 1486 corpore
242 1416 353 1471 Domini
369 1423 523 1484 remaneat,
539 1419 665 1492 hocipsn
680 1422 806 1494 accipiat,
820 1425 855 1479 Ει
870 1443 917 1504 po.
955 1415 1047 1470 verint
1061 1415 1108 1487 qui
1135 1431 1236 1488 corpus
1265 1416 1378 1490 Domini
1404 1419 1579 1492 acceperant,
1607 1415 1756 1475 novissima

115 1509 169 1557 stea
185 1504 331 1559 descendit
345 1511 461 1578 propter
470 1507 560 1582 ipsam
574 1526 670 1580 pacem
684 1509 718 1566 ad
731 1511 912 1588 fratres,ips0
955 1504 1085 1559 missiSiFO
1094 1504 1228 1564 defertur·
1240 1510 1273 1559 ut
1283 1508 1312 1559 ei
1326 1505 1386 1574 ipse
1401 1505 1436 1559 de
1449 1506 1547 1560 e⁰d³m
1560 1507 1672 1566 D⁰¹1¹lfli
1688 1525 1756 1567 ⁸³11·

115 1593 228 1649 diacono
243 1595 357 1649 interim
373 1614 460 1670 prope
474 1598 563 1652 altare
583 1603 684 1665 stante,
698 1605 726 1654 et
741 1619 776 1657 ne
796 1621 852 1675 qua
865 1623 912 1660 ne·
951 1593 1037 1664 &uine
1060 1593 1147 1658 bibat,
1163 1593 1187 1648 Si
1202 1599 1296 1648 umen
1316 1609 1417 1666 GOPPUS
1446 1593 1559 1649 Domini
1584 1599 1730 1668 acceperat
1746 1616 1753 1652 t

114 1682 246 1754 gligentia
265 1684 294 1738 in
308 1684 453 1740 Dominico
467 1703 584 1760 corpore
598 1689 641 1743 vel
650 1690 787 1762 sanguine
801 1695 910 1748 contin·
952 1699 1017 1737 ΜΗ]
1034 1701 1065 1738 θΧ
1078 1699 1131 1738 11⁸⁰
1141 1699 1198 1738 ¹1⁰ss
1213 1683 1410 1757 0οηῙῐῐὶῑῐῦῗθθῒ,
1419 1681 1650 1761 nisiflliquapals
1659 1702 1756 1758 00PP0·

113 1776 158 1844 gat
170 1771 349 1842 providente,
371 1773 425 1828 Sed
435 1773 622 1831 subdiaconus
637 1781 768 1850 patenam
792 1781 826 1835 ad
842 1782 910 1837 cali.
923 1771 990 1852 pris
1005 1772 1117 1828 Domini
1142 1777 1296 1826 remaneat.
1313 1771 1430 1827 Interim
1454 1790 1519 1827 vero
1542 1771 1677 1830 diaconus
1691 1791 1754 1830 cor·

115 1875 169 1912 cem
193 1861 394 1937 pertinentem,
413 1880 497 1934 quam
514 1865 607 1936 posuit
620 1883 703 1938 super
718 1869 910 1936 arnrarioinm,
952 1861 1060 1934 {Dialia
1073 1861 1388 1934 ‘30111Plifflbwllens‘lue
1399 1865 1540 1936 Psslessflffli
1553 1860 1755 1942 quamssubdifl·

114 1955 266 2020 reportans
284 1951 447 2007 simulcum
463 1953 578 2010 linteolo
602 1956 682 2028 ponit
703 1975 789 2033 super
812 1961 909 2028 altare,
952 1967 1039 2006 conus
1060 1951 1155 2024 POSUit
1175 1967 1261 2022 supi?
1282 1950 1380 2017 filiales
1411 1951 1460 2005 dat
1481 1951 1571 2014 eidem
1598 1952 1671 2008 hanc
1688 1971 1753 2012 cum

115 2043 140 2091 et
152 2044 249 2110 postea
263 2044 321 2096 stat
334 2041 445 2096 inclinis
469 2043 504 2097 ad
520 2045 752 2116 supplicationem
771 2049 806 2104 ad
824 2067 911 2106 cornu
953 2039 1100 2112 ⁰⁰PP0lali·
1117 2039 1221 2094 E⁰d0m
1232 2043 1374 2094 imment-0
1389 2037 1519 2095 minister
1534 2041 1635 2120 accipit
1649 2043 1753 2116 scutel-

114 2127 206 2182 aliaris
218 2129 359 2194 dextrum,
375 2147 464 2202 usque
487 2133 554 2187 dum
578 2135 675 2189 redcat
692 2137 831 2193 sacerdos.
857 2139 911 2206 Qui
952 2130 1018 2192 lam,
1030 2129 1060 2184 ῑῐὶ
1076 2133 1184 2201 quaesi
1197 2133 1332 2202 argentea
1346 2134 1458 2201 patena,
1475 2133 1503 2184 θῒ
1516 2135 1576 2184 iam
1587 2129 1648 2203 19⁸0
1668 2149 1752 2209 quam

114 2215 220 2270 rediens
237 2219 446 2293 portiunculam
461 2221 598 2277 Dominici
608 2223 731 2296 corporis
742 2227 867 2302 accipiat,
879 2247 911 2284 ac
951 2217 998 2272 ille
1013 2219 1062 2290 (lui
1076 2217 1191 2272 Cilicem
1203 2219 1382 2286 tenet‚ambo
1397 2219 1533 2274 recedunt
1547 2220 1696 2364 retffldPOSi
1710 2239 1755 2276 ⁸²³·

115 2305 208 2364 deinde
224 2313 367 2379 patenam,
385 2327 564 2382 superquam
577 2330 678 2386 corpus
693 2315 805 2371 Domini
819 2319 910 2374 nstdi.
951 2307 1091 2362 cerdotem
1104 2313 1211 2362 stantes
1224 2326 1230 2376 ;
1253 2307 1301 2386 qui
1314 2325 1378 2362 cum
1389 2307 1475 2363 calice
1498 2314 1596 2363 contra
1642 2313 1752 2370 extruru

114 2394 270 2466 videndum,
285 2397 373 2453 mittit
385 2399 414 2454 in
428 2401 584 2467 scutellam,
598 2419 682 2474 qnam
694 2403 823 2460 minister
835 2407 909 2461 alta.
950 2413 1037 2452 cornu
1052 2397 1159 2463 altaris,
1175 2397 1222 2468 qui
1247 2413 1310 2451 curn
1340 2397 1458 2451 scutella
1480 2395 1749 2455 contrasinistrum.

113 2485 149 2538 ris
159 2485 273 2540 allatum
288 2487 324 2542 de
338 2488 487 2543 armnnolo
501 2494 580 2544 tenet
590 2509 674 2558 super
688 2493 907 2562 reclinatorium
950 2486 1054 2540 eontra
1070 2504 1139 2559 quos
1146 2487 1212 2540 ilinc
1221 2486 1383 2542 secedentes
1400 2491 1476 2542 totus
1486 2493 1639 2542 conventus
1650 2504 1700 2565 pro
1709 2505 1752 2548 rs-

113 2572 208 2628 deinde
224 2574 308 2629 estin
323 2575 436 2630 dentem
451 2583 531 2652 parto
545 2578 652 2647 nitoris,
667 2583 843 2654 proptnnhnc
852 2601 909 2637 ma.
949 2577 1074 2630 verentia
1087 2575 1222 2630 Dominici
1237 2575 1362 2648 corporis
1376 2581 1405 2630 et
1416 2576 1561 2652 sanguinis
1576 2577 1686 2632 veniam
1701 2594 1752 2652 pe-

112 2661 181 2716 rime
194 2662 299 2721 ibidem
321 2663 425 2720 iactum
439 2665 514 2721 inter
537 2667 607 2722 duas
631 2667 727 2724 ciborii
752 2671 906 2738 columnas,
949 2665 993 2719 iii·
1010 2663 1061 2720 Ille
1072 2672 1166 2733 autem
1178 2665 1225 2739 qui
1232 2669 1326 2741 portat
1335 2665 1545 2726 candelabrum,
1557 2671 1656 2741 postea
1665 2684 1751 2748 quam

112 2752 202 2805 statim
219 2753 335 2806 diacono
350 2771 451 2826 corpus
465 2755 577 2812 Domini
587 2756 686 2812 tribuit
696 2775 728 2812 ac
740 2743 841 2814 deinde
848 2760 908 2832 ipse
948 2756 1105 2810 sacerdosa
1118 2772 1186 2829 pace
1198 2753 1323 2816 redierit,
1340 2772 1451 2813 sursum
1467 2755 1520 2810 hoc
1529 2758 1608 2809 tenet
1616 2753 1748 2826 levatum,

111 2843 272 2912 sanguinem
286 2845 384 2913 sumit,
395 2849 423 2899 ot
435 2845 550 2900 calicem
566 2847 682 2902 diacono
697 2847 753 2906 dat.
766 2849 836 2903 Cum
852 2867 906 2921 quo
948 2860 999 2901 nec
1014 2844 1092 2924 parius
1106 2843 1158 2898 boc
1178 2841 1303 2921 deponit,
1330 2861 1415 2916 quam
1439 2847 1502 2917 post
1523 2843 1750 2908 communionem

111 2931 154 2985 ille
167 2950 232 2987 nrox
246 2933 274 2986 in
293 2939 501 3012 competentem
516 2935 607 2990 locum
624 2937 738 3002 secedit,
751 2943 783 2992 ut
793 2938 862 3010 ipse,
879 2944 907 2994 et
947 2933 1038 3012 prima
1052 2934 1169 2988 collecta
1182 2933 1354 2988 inchoaverit
1365 2932 1449 2987 finiri·
1466 2929 1531 2987 Mox
1545 2932 1629 2988 etiam
1645 2937 1750 3012 patena

111 3021 130 3073 si
145 3019 252 3092 quisae
267 3021 401 3078 iratribus
415 3042 516 3098 corpus
529 3025 640 3080 Domini
655 3028 784 3099 sumpsit,
808 3029 843 3082 de
862 3045 907 3084 eo·
948 3022 1031 3078 simui
1055 3039 1117 3078 cum
1134 3021 1218 3078 calice
1242 3022 1278 3077 ad
1298 3019 1483 3078 armariolum
1507 3025 1683 3098 reportatum
1699 3013 1749 3079 ubi

111 3109 169 3164 dem
183 3112 797 3186 sanguineDorninicommunicarepossint.
948 3112 1155 3190 quantumlibet
1175 3113 1211 3168 sit
1224 3111 1298 3166 clara
1326 3111 1395 3178 dies,
1423 3115 1519 3168 tamen
1543 3128 1606 3165 cum
1630 3111 1748 3176 candela

141 3199 245 3255 Deinde
260 3217 327 3255 vero
341 3201 528 3257 subdiaconus
542 3221 643 3276 corpus
664 3204 776 3260 Domini
792 3207 902 3280 sculpit,
946 3206 1098 3274 utrumque
1111 3199 1323 3274 diligentissime
1337 3199 1532 3258 consideratur
1545 3216 1562 3254 a
1576 3198 1746 3256 subdiacono

110 3293 207 3359 etpost
222 3307 286 3344 eum
303 3307 399 3346 omnes
419 3292 466 3363 qui
490 3292 597 3361 volunt,
611 3310 643 3347 ac
659 3294 808 3350 novissime
823 3295 905 3351 mini-
946 3296 975 3347 et
988 3290 1044 3346 alio
1058 3291 1201 3358 servitore,
1213 3291 1312 3362 siquid
1324 3289 1396 3344 forte
1406 3287 1746 3346 minutissimumreman-
1851 3339 1852 3342 ,

109 3381 170 3442 ster,
187 3379 235 3450 qui
249 3385 330 3435 tenet
343 3381 499 3448 scutellam,
512 3381 548 3458 ‚si
574 3383 640 3455 quid
655 3389 798 3446 remanet;
825 3385 904 3458 prius
944 3380 1011 3435 serit
1023 3381 1058 3438 de
1072 3398 1189 3454 corpore
1201 3378 1322 3435 Domini.
1339 3379 1374 3434 Et
1386 3377 1410 3434 si
1430 3395 1514 3455 quarn
1529 3379 1665 3452 majorem
1679 3396 1746 3452 par-

108 3469 199 3521 tamen
212 3469 323 3524 veniam
337 3474 456 3542 potunt;
473 3471 563 3543 etqui
577 3471 607 3525 in
621 3471 691 3527 albis
705 3474 748 3528 vel
760 3473 788 3528 in
809 3475 904 3546 cappis
944 3473 1001 3524 tem
1015 3470 1145 3525 minister
1156 3469 1258 3525 viderit
1271 3467 1449 3533 remansisse,
1476 3467 1549 3522 banc
1572 3484 1629 3523 non
1654 3469 1747 3540 tangit

108 3561 169 3612 sunt
182 3563 294 3611 tantum
311 3575 341 3612 se
356 3575 441 3630 super
451 3559 736 3630 manussubmittunt;
748 3563 797 3617 scd
807 3569 905 3634 postea
944 3576 1039 3628 manu,
1061 3557 1110 3614 sed
1133 3559 1230 3631 lingua
1251 3561 1362 3613 tantum
1376 3557 1450 3613 levat
1465 3559 1494 3612 et
1507 3556 1607 3626 sumit;
1624 3557 1648 3612 si
1666 3557 1745 3630 prius

107 3645 211 3699 veniam
226 3651 323 3720 petere
338 3647 380 3701 vel
396 3649 496 3702 saltem
512 3666 622 3720 quoque
647 3651 782 3706 inclinare
796 3653 903 3708 devita·
943 3653 1039 3704 tamen
1066 3649 1126 3722 ipse
1140 3647 1377 3703 communicavit:
1394 3647 1506 3718 quodsi
1522 3663 1578 3701 non
1592 3646 1668 3711 iecit,
1682 3643 1747 3701 sub·

108 3731 180 3800 bunt,
197 3735 281 3790 etiam
297 3735 321 3790 si
339 3737 459 3792 domnus
469 3737 541 3792 abba
555 3739 610 3793 illis
624 3739 786 3810 obviaverit,
799 3759 903 3816 quous·
944 3737 1078 3793 diaconus
1091 3735 1161 3793 illud
1177 3735 1308 3792 absumit.
1322 3737 1426 3792 Verum
1446 3733 1504 3790 sive
1523 3733 1591 3808 quid
1604 3752 1746 3792 remanse-

108 3839 157 3894 que
170 3825 204 3878 dc
219 3824 282 3880 vino
294 3824 424 3880 biberint.
434 3826 542 3881 Debent
551 3833 646 3882 autem
661 3829 765 3900 singuli
779 3830 901 3885 scutellae
943 3829 989 3890 rit,
1006 3828 1063 3882 sive
1078 3828 1157 3894 nihil,
1167 3831 1328 3884 nontamen
1342 3823 1395 3882 hoc
1409 3825 1571 3896 negligitur,
1588 3828 1741 3897 utpatena,

107 3909 143 3962 ita
157 3929 185 3966 se
195 3911 359 3986 adjungere,
375 3921 406 3968 ut
419 3915 443 3971 si
464 3916 534 3971 sorte
560 3918 635 3972 inter
656 3919 824 3973 sumendum
848 3919 900 3974 ali·
941 3917 1036 3991 inqua
1051 3935 1152 3990 corpus
1167 3916 1280 3972 Domini
1294 3921 1336 3970 est
1354 3914 1484 3982 divisum,
1501 3913 1611 3970 duabus
1637 3913 1744 3988 vicibus

107 3999 214 4070 quando
230 4019 334 4073 corpus
348 4003 461 4058 Domini
476 4005 518 4059 vel
534 4005 568 4059 de
583 4023 631 4060 ore
641 4007 788 4069 sumentis,
811 4007 853 4062 vei
866 4005 900 4065 de
942 4023 1006 4060 curn
1031 4007 1094 4061 vino
1117 4005 1278 4060 cautissime
1305 4003 1422 4068 lavetur,
1440 4001 1514 4074 quod
1529 4021 1544 4058 e
1558 4003 1643 4058 calice
1657 4019 1743 4070 super

107 4101 188 4143 manu
198 4090 349 4146 tribuentis
363 4092 473 4163 lapsum
496 4093 591 4160 fuerit,
612 4113 667 4149 non
690 4095 743 4150 nisi
756 4096 784 4151 in
800 4097 900 4151 scutei·
941 4095 1086 4150 scutellam
1100 4095 1190 4168 posito
1206 4097 1349 4166 receptum
1374 4110 1431 4147 non
1459 4091 1561 4146 minori
1584 4091 1742 4148 reverentia

105 4171 156 4228 iam
171 4179 271 4234 cadere
287 4181 382 4252 possit.
400 4181 429 4236 Si
449 4181 554 4237 dealio
579 4185 664 4239 choro
692 4186 899 4240 communicare
939 4181 1070 4249 ebibitur,
1085 4183 1206 4256 quamsi
1222 4187 1297 4238 esset
1311 4181 1370 4255 ipse
1385 4181 1499 4254 sanguis
1513 4183 1703 4235 consecratus.

104 4266 228 4336 soluerit,
251 4285 336 4338 quarn
350 4271 385 4326 dc
398 4288 441 4340 eo,
464 4271 493 4326 in
517 4290 571 4345 quo
590 4273 716 4344 ollertur,
736 4279 849 4346 accepta
863 4275 898 4330 li·
974 4272 1117 4328 Recedens
1131 4279 1225 4327 autem
1240 4272 1275 4327 ab
1295 4271 1378 4326 altari
1398 4269 1538 4336 sacerdos,
1567 4268 1616 4326 dat
1634 4267 1740 4324 librum

103 4357 191 4409 centia
203 4357 232 4411 in
247 4359 346 4413 ordine
361 4378 412 4415 suo
424 4361 461 4415 ad
474 4377 572 4434 pacem
586 4363 658 4417 etad
672 4363 897 4418 communionem
939 4362 1080 4418 missalem
1101 4361 1217 4416 diacono
1243 4361 1456 4433 reportandum.
1473 4355 1580 4415 Stolam
1594 4357 1654 4433 ipse
1666 4375 1739 4417 com-
1786 4365 1794 4377 ‘

102 4446 215 4504 accedit.
228 4449 259 4503 Si
270 4449 333 4522 quis
343 4467 407 4505 vero
422 4451 456 4506 de
473 4451 559 4506 choro
582 4469 632 4506 suo
648 4453 677 4506 in
698 4451 817 4507 alterum
833 4433 931 4508 cho-⁰
941 4453 1038 4524 plicat,
1052 4452 1107 4506 nisi
1118 4451 1189 4506 torte
1201 4451 1248 4514 sit,
1258 4455 1289 4505 ut
1299 4448 1414 4505 infestis
1423 4447 1580 4521 praecipuis,
1592 4445 1737 4518 deaurata;

102 4549 161 4588 mm
191 4535 225 4590 ad
240 4537 351 4592 missam
367 4538 408 4593 ire
420 4539 546 4612 jubetur,
562 4541 607 4594 hic
622 4557 678 4596 non
699 4542 759 4596 sine
785 4541 899 4597 licentia
939 4547 1007 4596 tunc
1032 4543 1107 4596 enim
1123 4539 1329 4596 estasacrista
1353 4535 1559 4612 complicanda.
1588 4535 1739 4594 Sciendum

101 4639 161 4677 cum
178 4625 370 4681 eodcmchoro
386 4628 421 4682 ad
435 4645 532 4700 pacem
552 4635 581 4684 et
604 4630 640 4684 ad
670 4631 897 4686 conrmunionem
939 4639 1043 4701 autem,
1071 4632 1146 4704 quod
1160 4630 1290 4686 sacerdos
1306 4627 1454 4701 caeterique
1482 4625 1605 4687 ministri
1631 4624 1739 4692 alaris,

101 4713 215 4782 accedit,
231 4715 286 4769 nisi
307 4723 434 4788 perstare
449 4718 557 4774 debeat.
576 4719 605 4774 Si
618 4737 683 4774 vero
696 4737 730 4774 ea
743 4719 788 4774 die
803 4719 855 4775 boc
868 4721 898 4776 in
939 4721 1051 4795 quando
1078 4737 1153 4776 nona
1174 4719 1359 4776 continuatim
1385 4719 1499 4774 missam
1531 4717 1668 4792 sequitur,
1696 4717 1741 4774 vel

101 4803 184 4858 choro
199 4821 247 4860 suo
260 4808 365 4878 agitur,
381 4826 478 4880 pacem
496 4807 578 4864 debet
592 4811 727 4882 accipere,
745 4810 810 4866 etsi
826 4811 895 4879 vult,
937 4817 1147 4886 vespera,utest
1155 4809 1185 4865 in
1193 4809 1574 4880 Quadragesima,postquam
1581 4825 1612 4863 se
1622 4812 1738 4879 exuunt,

99 4901 193 4964 potest
204 4897 421 4952 communicare.
938 4899 1103 4964 orationem,
1115 4917 1175 4971 quae
1190 4899 1226 4953 ad
1240 4897 1318 4954 illam
1333 4896 1431 4952 boram
1441 4897 1574 4970 pertinet,
1587 4897 1617 4953 in
1632 4899 1739 4955 secreto

133 4984 296 5040 Notandum
319 4993 425 5056 autem,
456 4989 530 5060 quod
558 4989 634 5044 omni
648 4989 757 5062 privata
770 4990 824 5055 die,
841 5006 896 5045 non
938 4987 1124 5045 locosaciunt.

99 5073 196 5144 plures
209 5093 293 5147 quam
309 5077 432 5148 quinque
443 5094 475 5132 ex
487 5077 689 5134 consuetudine
699 5079 734 5133 ad
745 5079 899 5134 communi·
974 5074 1336 5150 Inprivatisdiebushostiae
1348 5093 1405 5131 non
1415 5081 1738 5152 consecrataeportantur

19 5181 20 5204 ³
100 5164 589 5237 candumprucedunt,cumhostiae
604 5167 898 5241 tautumintrespar-
939 5170 968 5224 in
978 5168 1168 5236 refectorium,
1184 5170 1216 5222 ut
1237 5166 1289 5235 bis,
1301 5166 1350 5239 qui
1365 5183 1398 5222 eo
1410 5166 1455 5222 die
1469 5183 1525 5221 non
1548 5165 1738 5246 communica·

19 5277 20 5302 r
101 5259 141 5308 tes
164 5253 334 5310 dividuntur.
355 5255 507 5328 Postquam
528 5263 624 5312 autem
638 5257 826 5314 subdiaconus
840 5276 899 5313 cor·
939 5264 1104 5328 verunt.per
1122 5273 1223 5311 manus
1233 5255 1385 5312 sacerdotis
1395 5252 1607 5310 hebdomadarii
1619 5259 1648 5308 et
1662 5252 1739 5325 prio·

101 5359 151 5414 pus
173 5343 284 5402 Domini
309 5345 457 5417 acceperit,
485 5349 581 5402 statim
607 5348 642 5402 ad
661 5347 810 5404 diaconum
834 5365 898 5402 cum
938 5349 977 5404 ris
1006 5345 1219 5402 hebdomadarii
1245 5345 1459 5402 distribuantur.
1482 5341 1561 5406 Quod
1573 5342 1740 5398 hooordinc

102 5434 240 5488 arundine
253 5441 282 5489 et
296 5435 516 5510 ampullavenit,
527 5437 561 5491 de
572 5437 730 5508 quarinum
743 5438 773 5492 in
783 5437 898 5492 calicem
939 5425 1001 5493 lieri
1015 5437 1095 5503 solet,
1113 5440 1145 5491 ut
1168 5436 1293 5509 primum
1318 5435 1461 5490 tribuatur
1488 5429 1523 5485 de
1546 5429 1616 5506 ipsis
1641 5429 1741 5487 hortiis

138 5573 356 5646 (libillemard.
373 5577 441 5634 Ord.
453 5578 578 5635 Cluniae.
601 5587 675 5653 part.
692 5595 713 5652 1,
729 5597 788 5655 cap·
804 5579 848 5650 35,
865 5581 968 5637 baba:
987 5579 1171 5636 almenardo
1183 5577 1299 5635 modum
1311 5575 1704 5671 cmciaudpeetusappiieana.
