3882 6172
94 287 150 342 cus
687 283 900 342 CHRONICON
922 285 1114 344 BECCENSE.
1687 287 1744 346 686

96 409 281 482 magnificam
295 411 452 478 argentam,
468 412 497 462 et
510 408 675 464 deauratam
690 411 838 466 conventui
852 411 936 472 den
947 417 1005 466 tam
1021 414 1167 485 magnifice
1179 414 1385 478 confirmatum,
1400 414 1529 469 rediitad
1542 421 1647 470 terram
1661 431 1743 472 suam

96 501 151 556 dit.
944 501 1076 556 dominus
1095 503 1150 558 dux
1164 503 1334 574 Burgundiae
1347 519 1410 559 cum
1425 503 1495 569 suis,
1513 511 1676 560 remanente
1694 505 1745 560 do-

134 591 200 661 lpse
217 603 283 642 vero
293 603 350 640 non
364 587 514 642 immemor
525 586 592 642 dicti
602 589 676 658 quod
689 592 903 644 sonotoetrola·
945 590 1021 644 mino
1035 591 1105 646 duce
1121 592 1285 655 Britannia,
1302 608 1365 646 rum
1380 597 1475 648 nostro
1485 592 1556 648 duce
1571 593 1744 650 Northman·

99 680 156 732 bm's
170 683 211 730 est
221 678 352 744 cogitatio
367 691 417 744 pro
432 676 569 742 defunctis
584 693 707 742 exorare,
721 683 779 731 ato
788 679 905 746 peccatis
947 679 1010 742 nite,
1020 679 1144 735 nondum
1161 679 1236 752 apud
1245 680 1451 751 Rotbomagum
1469 687 1590 752 recepto,
1603 682 1661 753 qui,
1678 698 1744 738 aum

99 769 250 821 solvantur
260 763 411 832 (11110001.
427 777 472 826 xri,
484 762 540 832 ib),
554 770 583 819 et
593 764 668 835 quod
680 766 783 820 animas
795 765 907 820 defunc·
947 767 977 822 in
990 767 1104 823 abbatia
1120 771 1229 825 Sancta
1244 767 1403 824 catharina
1429 771 1509 840 juxta
1538 769 1745 842 Rothomagum

100 865 195 910 torum
211 851 389 908 orationibus
400 851 561 918 viventium,
578 853 614 907 ad
636 869 786 924 poenarnm
802 852 907 908 relaxa·
948 855 1036 911 duxit.
1048 857 1101 922 Qui
1116 857 1183 914 duro
1200 863 1409 930 exspectaretur
1422 875 1439 912 a
1453 858 1652 930 Burgensibus,
1663 865 1744 930 atge-

98 945 208 998 tionem
224 941 365 1012 indigent,
380 938 487 995 obitum
503 957 585 996 suum
598 941 723 998 instituit
732 941 867 998 celebrari
877 942 906 997 in
949 946 1104 1002 neraliters
1113 953 1173 1002 toto
1187 947 1274 1002 nobili
1286 955 1362 1003 statu
1376 948 1401 1002 N
1404 949 1588 1003 orthmanniae
1602 954 1631 1004 et
1641 964 1746 1004 nonve-

101 1029 334 1104 quadragesima,
348 1029 393 1082 die
408 1029 498 1083 sancti
518 1029 661 1086 Benedicti
676 1030 907 1096 athanasiae
948 1036 1031 1099 niret,
1049 1035 1188 1092 miserunt
1204 1037 1347 1091 communi
1371 1052 1487 1092 assensu
1504 1038 1640 1104 omnium,
1660 1038 1746 1094 Josn·

101 1121 168 1176 vitio
182 1117 385 1174 assistentibus
396 1119 550 1189 assignavit
558 1119 654 1174 decem
670 1119 755 1176 libias
765 1120 908 1177 Turonen-
948 1140 1013 1178 nem
1033 1127 1182 1192 Monstras,
1195 1126 1283 1180 filium
1302 1125 1337 1180 de
1348 1123 1504 1193 Haricuria,
1526 1131 1558 1182 ut
1565 1127 1650 1182 sciret
1660 1143 1748 1198 quare

103 1224 253 1280 ses,super
266 1213 408 1280 receptam
421 1207 455 1262 de
464 1208 628 1274 bensevilla,
643 1208 910 1280 distribuendasper
952 1214 1093 1283 ingressus
1106 1216 1168 1285 ejus
1186 1214 1285 1269 tandiu
1294 1214 1493 1282 differebatur3
1510 1215 1557 1286 qui
1571 1215 1686 1271 verbum
1701 1216 1749 1271 ha-

103 1314 221 1354 manum
237 1297 283 1352 sui
294 1296 440 1368 capellani,
453 1297 565 1368 quando
579 1314 702 1368 praesens
712 1299 775 1366 erit,
785 1305 813 1354 et
826 1297 850 1352 si
860 1297 911 1352 sb·
954 1302 1015 1356 buit
1027 1319 1091 1358 cum
1106 1303 1180 1358 dicto
1196 1303 1297 1358 (larcio
1309 1304 1389 1368 duce,
1413 1309 1521 1359 etcum
1536 1309 1618 1358 nocte
1631 1321 1695 1360 cum
1705 1311 1749 1360 te·

104 1404 168 1442 sens
181 1386 283 1451 fuerit,
299 1386 329 1439 in
346 1385 523 1440 ordinatione
534 1386 636 1456 prioris
648 1387 710 1442 erit.
952 1391 1005 1456 dis,
1020 1396 1049 1444 et
1060 1391 1160 1445 decoro
1172 1389 1278 1445 lumine
1297 1391 1332 1444 ad
1347 1391 1555 1462 Rothomsgum
1570 1391 1706 1460 adduxit,
1721 1397 1751 1448 et

141 1479 174 1532 ln
189 1473 320 1531 fontibus
334 1481 363 1530 et
390 1475 574 1530 conductibus
594 1476 694 1530 eximie
716 1475 862 1543 laborarit,
883 1483 912 1530 et
952 1479 1057 1534 ibidem
1072 1495 1137 1534 cum
1152 1495 1257 1548 magna
1269 1479 1447 1534 solemnitate
1462 1486 1491 1533 et
1504 1481 1626 1535 maximo
1648 1480 1752 1552 gaudio

106 1565 229 1620 maxime
244 1571 313 1620 ante
323 1579 464 1618 cameram
474 1563 593 1630 abbatis,
609 1565 639 1620 in
652 1565 733 1620 horto
748 1565 796 1636 qui
809 1564 913 1620 dicitur
954 1573 1110 1640 susceptus,
1119 1567 1582 1640 presentibusducatusepisoopis,
1593 1569 1750 1636 abbatibus,

110 1661 137 1710 lo
157 1653 306 1728 Vr'anapin
328 1669 383 1724 quo
411 1653 580 1708 conductum
606 1653 724 1708 fontium
750 1655 913 1724 contiguum
956 1656 1117 1723 baronibus,
1142 1663 1171 1712 et
1194 1656 1301 1712 eunctis
1329 1656 1477 1722 nobilibus,
1503 1663 1531 1712 et
1546 1657 1650 1713 annulo
1666 1673 1751 1714 aureo

111 1761 209 1806 001001,
218 1743 268 1814 qui
282 1742 393 1813 lignem
404 1742 618 1814 erat,lapideum
630 1743 823 1808 conformavit,
834 1749 866 1798 01
874 1743 915 1797 in·
924 1727 947 1788 Β
957 1747 1051 1802 manui
1066 1746 1208 1818 imposito,
1223 1746 1252 1800 in
1262 1745 1378 1800 ecclesia
1392 1750 1494 1800 nostrae
1509 1745 1634 1800 Domina
1650 1745 1753 1802 1101110-

111 1834 204 1888 tuenti
218 1831 359 1886 clarescit.
955 1836 1106 1907 magensis,
1124 1834 1369 1900 Noithmanniam,
1385 1834 1492 1889 cunctis
1514 1833 1683 1900 videntibus,
1703 1834 1753 1890 de·

146 1924 217 1978 Tres
230 1921 376 1975 scholares
395 1920 429 1974 ad
440 1919 565 1974 studium
590 1921 746 1976 Parisiense
764 1921 866 1987 tenuit,
887 1927 916 1976 et
955 1923 1114 1996 sponsavit3
1137 1929 1166 1978 et
1187 1939 1249 1978 eam
1273 1927 1305 1978 ut
1331 1940 1450 1993 sponsus
1464 1939 1595 1994 sponsam
1610 1939 1708 1994 regere
1726 1927 1756 1978 et

111 2011 268 2082 aliquando
283 2015 415 2080 quatuor,
434 2009 593 2081 sumptibus
609 2011 729 2079 magnis,
746 2010 913 2082 quibusdam
954 2012 1308 2084 gubernarejurejurando
1320 2011 1461 2084 promisit.

109 2101 138 2155 in
150 2098 307 2170 theologia,
323 2097 386 2152 aliis
402 2098 431 2152 in
446 2097 565 2152 decretis
580 2097 767 2158 studentibus,
783 2103 812 2152 et
828 2114 875 2151 eos
884 2099 913 2151 in
992 2103 1050 2156 Hoc
1064 2101 1146 2166 facto,
1168 2102 1238 2155 duce
1250 2100 1450 2156 Britannorum
1464 2102 1522 2155 solo
1537 2101 1566 2155 in
1581 2101 1755 2156 Nortbman·

110 2189 246 2260 gradibus
261 2187 427 2242 facultatum
442 2186 562 2256 copiosis
577 2187 734 2258 sumptibus
756 2186 911 2252 honoravit,
955 2192 1004 2245 nia
1027 2196 1120 2246 stante
1145 2207 1209 2244 cum
1235 2190 1310 2245 dicto
1337 2189 1507 2256 Carolo,1·ex
1531 2190 1756 2246 Franciaetotum

111 2285 139 2333 et
151 2294 237 2332 mauu
254 2277 346 2347 larga,
361 2275 455 2330 favore
469 2275 640 2329 scholarium
654 2292 779 2341 suorum,
790 2275 912 2330 maxime
955 2280 1028 2351 quod
1047 2279 1112 2333 facit
1131 2279 1280 2344 revocavit,
1301 2279 1398 2334 dicens
1413 2278 1488 2350 quod
1507 2279 1639 2334 scribitur
1653 2280 1689 2335 de
1708 2279 1755 2334 de·

112 2365 273 2422 domoribus
299 2364 465 2418 facultatum
481 2364 682 2418 parisiensium
698 2366 771 2420 bona
789 2364 912 2420 ccclesiae
955 2368 1142 2440 sponsalibus,
1158 2385 1222 2424 cum
1238 2369 1329 2422 locum
1344 2385 1400 2423 non
1416 2367 1502 2424 habet
1524 2384 1687 2434 consensus,
1709 2367 1758 2424 ubi

112 2455 268 2510 distribuit.
286 2453 379 2518 Quare
392 2453 459 2506 dicti
473 2453 625 2518 scholares,
642 2470 727 2524 super
739 2469 837 2508 omncs
857 2458 914 2508 stu·
957 2465 1058 2523 metus,
1072 2458 1115 2512 uel
1130 2458 1237 2512 coactio
1246 2457 1405 2522 intercedit,
1421 2463 1450 2512 et
1471 2458 1545 2529 quod
1561 2464 1674 2513 coactus
1689 2473 1757 2512 con·

111 2543 341 2610 dantes,indicta
354 2541 546 2608 universitate,
559 2542 589 2596 in
602 2543 725 2596 mamma
740 2557 915 2598 recommen-
956 2563 1069 2601 sensum
1084 2546 1212 2617 praebuit,
1225 2551 1254 2600 et
1269 2546 1327 2601 suis
1344 2547 1492 2617 armigeris
1510 2546 1661 2618 insignum
1673 2547 1758 2617 hujus

115 2634 230 2688 datione
245 2631 433 2686 habebantur.
957 2636 1032 2702 fecit,
1045 2635 1202 2690 etinstituit
1215 2641 1327 2706 portare
1340 2651 1426 2705 super
1438 2635 1548 2697 loricas,
1564 2635 1635 2690 duas
1650 2636 1759 2690 litteras

147 2722 220 2777 Dum
229 2720 408 2776 obiitnobilis
417 2720 525 2793 piaeque
535 2722 678 2777 memoriae
689 2721 820 2776 dominus
830 2723 915 2776 Caro·
957 2726 992 2780 A.
1006 2730 1035 2779 et
1047 2726 1078 2778 P.
1088 2724 1168 2794 quasi
1178 2723 1285 2778 diceret
1297 2725 1368 2778 audi
1386 2729 1503 2792 partem.
1528 2723 1653 2778 Audiens
1667 2723 1759 2778 dictus

115 2815 158 2867 lus
173 2811 433 2876 victoriosissimus,
459 2810 507 2881 qui
525 2812 632 2882 Anglos
656 2811 691 2865 de
712 2810 919 2866 Nortbmannia
960 2814 1015 2868 dux
1032 2813 1157 2872 Carolus.
1175 2813 1250 2884 quod
1265 2813 1348 2882 hujus
1362 2811 1506 2866 occasione
1532 2827 1581 2866 rex
1597 2811 1761 2866 intendebat

115 2901 232 2974 expulit,
249 2917 325 2955 anno
340 2900 453 2955 Domini
470 2899 620 2954 millesimo
642 2900 919 2970 quadringentesimo
959 2917 1092 2972 guerram
1108 2907 1207 2954 contra
1229 2917 1293 2954 euni
1324 2900 1426 2954 iterum
1454 2917 1574 2965 movere,
1590 2906 1619 2954 et
1639 2899 1760 2954 defucto

117 2991 337 3062 quadragesimo
348 3005 433 3055 nono,
445 2997 474 3044 et
482 2989 672 3044 reductionem
684 2989 759 3054 feeit;
768 2989 839 3043 duos
848 2988 921 3042 filios
941 3047 949 3066 ,
962 2991 1057 3056 movit,
1075 2989 1141 3060 quia
1150 2989 1238 3044 voluit
1249 2993 1281 3043 ut
1294 2988 1364 3042 villa
1375 2995 1401 3044 et
1416 2995 1508 3044 castra
1519 2989 1548 3042 in
1569 2989 1642 3044 dicto
1656 2989 1761 3044 ducatu

116 3081 263 3152 relinquit.
282 3078 389 3132 scilieet
415 3077 585 3133 Ludorioum
609 3078 748 3132 seniorem
777 3076 876 3141 filiurn,
893 3048 949 3131 eth
961 3080 996 3134 dc
1011 3079 1113 3150 quibus
1128 3078 1219 3133 dictus
1233 3078 1290 3132 dux
1299 3078 1416 3132 Carolus
1427 3078 1632 3149 possessionem
1646 3094 1761 3150 accepe-

116 3169 299 3240 Delphinum,
310 3168 358 3238 qui
373 3167 507 3222 successit
522 3166 550 3220 in
564 3155 677 3232 corona,
689 3173 718 3220 et
736 3166 823 3220 alium
835 3166 921 3220 Caro-
963 3174 1016 3236 rat,
1032 3167 1085 3223 sibi
1096 3169 1322 3222 restituerentur.
1338 3167 1418 3231 Quod
1432 3167 1486 3222 fuit
1512 3167 1572 3238 regi
1586 3168 1665 3222 ualde
1680 3167 1761 3238 igno-

117 3259 173 3312 lum
189 3257 291 3312 ducem
304 3256 339 3310 de
354 3257 458 3327 Berry;
477 3255 525 3327 qui
542 3255 682 3310 modicum
695 3256 845 3324 concordes
860 3255 922 3310 fue·
963 3258 1123 3320 miniosum,
1136 3261 1169 3310 ut
1179 3256 1345 3328 promissum
1364 3273 1446 3311 suum
1460 3261 1558 3312 contra
1582 3259 1698 3312 fratrem
1714 3272 1763 3311 na·

118 3353 184 3400 runt
196 3362 289 3416 nsque
299 3343 449 3399 edannum
460 3345 571 3399 Domini
587 3344 768 3400 millesimum
785 3343 920 3414 quadria·
960 3347 1082 3401 turslem
1098 3346 1223 3403 violarat.

118 3436 309 3506 gentesimum
334 3433 538 3504 sexagesimum
568 3433 710 3504 quintum.
732 3433 786 3498 Qui
805 3433 921 3488 Carolus
998 3434 1287 3490 Consideransdiotus
1302 3434 1357 3489 dux
1371 3427 1590 3506 quodpotea'tice
1604 3435 1762 3508 ejus,vidc·

121 3531 182 3591 ια
194 3523 296 3580 duxde
306 3523 394 3593 Berry
409 3537 426 3576 a
444 3523 529 3577 fratre
542 3539 592 3576 suo
606 3523 744 3577 Ludovico
758 3539 823 3593 rege
838 3523 923 3576 duca·
966 3523 1124 3594 licetregis,
1138 3523 1306 3577 nonvaleret
1322 3523 1464 3584 resistere,
1481 3523 1609 3578 discessit
1620 3525 1762 3580 deNorth-

121 3620 177 3668 turn
191 3611 409 3668 Northmanniae
424 3611 594 3682 requirebat,
609 3618 637 3666 et
651 3611 704 3666 sibi
719 3611 845 3666 debitum
861 3612 925 3682 jure
966 3613 1090 3678 mannia,
1104 3618 1131 3668 et
1147 3612 1322 3667 Britanniam
1337 3612 1395 3674 ivit,
1425 3612 1524 3684 suique
1543 3614 1763 3684 consules,puta

122 3700 303 3756 hereditario
316 3705 344 3754 et
359 3705 528 3756 testamento
537 3701 625 3771 patris
639 3699 693 3754 sibi
708 3700 847 3766 relictum,
859 3715 925 3770 rege
966 3703 1150 3774 episcopuset
1159 3701 1319 3773 patriarcha
1329 3701 1499 3772 Bajocensis,
1520 3703 1667 3774 episcopus
1679 3703 1764 3758 Lexo-

122 3790 343 3846 contradicente.
965 3791 1078 3856 niensis,
1090 3797 1117 3844 et
1132 3790 1245 3862 plurimi
1258 3790 1306 3844 alii
1318 3790 1436 3860 patriam
1454 3796 1483 3846 et
1501 3792 1615 3863 propria
1630 3791 1764 3847 beneficia

154 3879 261 3935 l'idens
274 3877 426 3950 pradictus
440 3878 557 3934 Carolus
573 3878 646 3948 quod
657 3893 713 3932 non
728 3883 838 3950 poterat
852 3877 925 3948 paci·
966 3881 1166 3951 relinquentes,
1182 3879 1288 3934 dictum
1307 3879 1418 3940 ducem,
1437 3880 1581 3951 supposito
1597 3885 1626 3934 et
1639 3881 1763 3948 consilio,

122 3969 232 4024 acicam
248 3983 316 4038 rege
345 3966 430 4022 fratre
446 3983 506 4032 suo,
524 3967 626 4022 fudere
641 3969 806 4037 conjunctus
817 3972 860 4021 est
878 3967 922 4022 do
966 3971 1053 4024 secuti
1067 3975 1142 4032 sant,
1160 3973 1189 4022 et
1210 3967 1292 4022 multi
1312 3967 1419 4021 nobiles
1433 3968 1646 4023 Northmannire
1660 3969 1764 4038 captivi

123 4057 203 4112 minis
223 4054 344 4110 ducibus
360 4055 528 4126 burgundia
542 4055 746 4114 etBritanniae;
762 4056 810 4127 qui
825 4072 924 4127 quere·
965 4061 1162 4110 remanserunt
1177 4071 1239 4110 cum
1250 4071 1326 4125 rege,
1340 4061 1368 4108 et
1378 4054 1426 4108 alii
1439 4061 1539 4109 extoto
1554 4055 1709 4125 perierunt.

123 4143 175 4199 lam
190 4144 262 4199 dicti
277 4143 372 4198 Caroli
388 4159 473 4198 manu
488 4149 599 4198 sanata
614 4150 768 4215 portantes,
779 4150 808 4201 ct
821 4145 925 4200 deffen-
1002 4145 1036 4200 Et
1048 4145 1103 4200 ista
1118 4143 1269 4198 miserabili
1281 4143 1659 4213 guerradurante,dominus
1670 4148 1766 4197 noster

124 4232 219 4289 dentes
235 4232 264 4287 in
281 4248 378 4303 regem
399 4232 532 4287 ducatum
564 4233 775 4288 Nortbmanniae
789 4251 924 4306 occupan·
966 4238 995 4288 et
1006 4235 1090 4288 Pater
1104 4231 1279 4298 venerabilis,
1300 4247 1352 4286 sua
1366 4230 1547 4302 benignitate,
1563 4237 1592 4286 ct
1605 4231 1765 4297 clementis,

126 4331 189 4388 1001,
210 4322 352 4378 insultum
367 4322 505 4387 fecarunt,
521 4329 628 4378 etcum
644 4323 781 4394 usquead
801 4323 925 4378 Parisius
935 4325 958 4384 D
968 4323 1075 4378 nobiles
1086 4321 1190 4376 multos
1198 4321 1226 4376 in
1234 4320 1386 4375 amicitiam
1401 4319 1529 4375 Ecclesiae
1547 4320 1645 4388 univit,
1660 4325 1767 4392 etpost

126 4408 218 4482 fugere
233 4409 435 4482 compulerunt
448 4427 511 4466 sum
525 4415 584 4465 toto
597 4411 719 4466 exercitu
734 4427 800 4478 suo,
824 4410 870 4466 ubi
890 4411 925 4466 ad
968 4427 1071 4483 paucos
1085 4411 1145 4465 dies
1162 4417 1220 4466 tres
1231 4410 1328 4464 feodos
1340 4409 1457 4473 nobiles,
1472 4409 1600 4464 videlicet
1608 4409 1720 4464 feodum
1732 4409 1767 4464 de

125 4501 232 4556 nobiles
242 4499 468 4565 Northmanniae,
485 4504 518 4556 ut
535 4499 709 4554 commodius
723 4501 848 4554 valerent
860 4499 927 4554 resi·
969 4501 1161 4564 calvomonte,
1171 4499 1206 4554 de
1217 4500 1402 4570 feugueroto,
1415 4506 1443 4554 et
1457 4499 1569 4564 Boullae,
1579 4499 1712 4555 mandato
1724 4515 1767 4554 re-

125 4595 207 4657 stare,
222 4589 379 4654 mandavit,
395 4589 444 4660 qui
460 4589 530 4644 adeo
555 4606 606 4660 pro
630 4606 698 4660 rege
713 4589 925 4658 dimicaverunt,
967 4590 1053 4661 gisde
1068 4589 1155 4650 curia,
1165 4595 1194 4643 et
1212 4588 1343 4652 scacario,
1355 4588 1484 4643 Beccensi
1499 4587 1620 4644 ecclesia
1631 4594 1768 4660 unquam

126 4679 197 4749 quod
214 4678 364 4748 Burgundi
379 4693 476 4733 eorum
489 4679 611 4734 exercitu
624 4679 716 4734 territi
730 4679 872 4750 fugerunt.
968 4696 1053 4734 manu
1083 4685 1200 4733 mortuas
1225 4677 1421 4748 incorporant,
1444 4678 1553 4747 magnis
1583 4684 1611 4734 et
1630 4679 1768 4750 largifluis

157 4767 262 4822 Postea
277 4782 327 4821 rex
340 4767 515 4821 consultuaa
530 4766 704 4838 sapientibus
727 4768 806 4839 regni
822 4767 927 4838 suipra
968 4767 1137 4838 sumptibus,
1149 4765 1309 4822 ainertisnri
1324 4765 1397 4828 facit,
1409 4783 1483 4821 anno
1499 4767 1768 4822 Dominiruillesimo

127 4855 197 4912 bono
210 4855 293 4928 regni
307 4860 337 4910 et
349 4855 566 4926 regnicolarum,
581 4856 617 4910 ad
636 4856 699 4912 lites
710 4863 739 4910 et
752 4872 869 4926 guenas
882 4873 927 4912 se·
970 4855 1246 4930 quadringentesimo
1262 4855 1438 4926 sexagesimo
1452 4862 1540 4918 sexto,
1555 4859 1588 4910 01
1601 4855 1704 4910 clarius
1718 4871 1769 4928 sp·

126 4945 232 5000 dandas
251 4951 283 4998 et
294 4943 473 5015 quietandas;
489 4951 517 4998 et
531 4945 669 5000 ainicitias
695 4945 770 5000 inter
789 4946 929 5016 principes
969 4951 1050 5016 paret
1064 4945 1092 4998 in
1104 4945 1205 4998 litteris
1215 4960 1301 5014 super
1317 4944 1367 4996 boc
1378 4943 1512 4998 confectis
1522 4951 1551 4998 et
1564 4943 1685 5015 scriptis.

17 5039 18 5054 ¹
126 5033 344 5098 connectendas,
358 5035 500 5090 consensit
524 5041 555 5088 ut
583 5033 670 5088 frater
697 5051 765 5088 suus
792 5035 928 5088 lineatum
1006 5035 1079 5088 Nota
1094 5034 1167 5104 qaod
1184 5032 1358 5087 amortisatio
1374 5033 1443 5087 nihil
1457 5032 1534 5086 aliud
1548 5044 1591 5086 est
1613 5048 1696 5104 quam
1714 5039 1769 5086 ter-

126 5123 341 5178 Nortbmannire
361 5122 608 5194 possideret,unde
623 5123 715 5178 fuerat
730 5123 764 5177 lis
774 5134 803 5178 et
817 5129 930 5178 000110-
971 5139 1030 5178 ram
1040 5123 1155 5177 domino
1168 5121 1328 5176 tributalem
1350 5121 1466 5176 reddere
1480 5121 1634 5176 immunera
1654 5119 1689 5173 ab
1703 5120 1763 5180 1110,

127 5215 217 5268 versia
229 5219 309 5268 mota
318 5213 393 5268 inter
408 5214 513 5268 dictum
527 5230 621 5284 regem
632 5219 661 5269 et
675 5213 929 5268 Carolumfratrem
1006 5211 1128 5266 Tabulas
1143 5211 1171 5264 in
1184 5211 1248 5264 aula
1263 5227 1324 5281 quae
1338 5209 1441 5264 dicitur
1453 5209 1630 5263 lliserioorde
1645 5207 1710 5261 fecit
1723 5225 1768 5261 re-

127 5305 205 5374 sins,
216 5309 245 5358 et
259 5319 311 5374 per
323 5319 388 5358 suas
400 5309 528 5374 patentes
543 5303 651 5358 litteras
660 5303 845 5368 confirmavit,
854 5303 929 5372 jura·
972 5317 1073 5355 novare
1091 5307 1120 5354 et
1142 5299 1333 5362 directorium,
1351 5307 1379 5352 et
1403 5297 1532 5352 similiter
1557 5296 1586 5350 in
1612 5295 1766 5364 refectorio,

128 5392 222 5463 vitque
235 5408 381 5464 nunquam
396 5392 492 5447 venire
506 5393 536 5446 in
553 5391 736 5459 contrarium,
758 5391 807 5446 sed
819 5407 931 5462 semper
971 5406 1034 5460 quae
1047 5389 1124 5460 prius
1140 5394 1221 5442 erant
1231 5386 1370 5442 vermibus
1389 5389 1570 5454 consumpta.

128 5482 229 5536 stabile
242 5489 341 5536 tenere
356 5482 536 5553 promissum.
1009 5479 1113 5533 Eodem
1124 5494 1198 5532 anno
1209 5477 1331 5532 multide
1345 5472 1618 5530 hominibusdomini
1633 5472 1728 5528 Caroli
1739 5489 1769 5528 se

167 5570 291 5628 11011100
306 5571 488 5638 contentatis,
504 5577 619 5643 propter
632 5571 718 5642 huJ'us
729 5570 897 5642 promissum
905 5576 934 5624 et
985 5573 1133 5624 traxerant
1148 5567 1183 5622 ad
1198 5566 1291 5620 villam
1303 5563 1510 5641 quaediciturle
1520 5562 1591 5618 Pont
1610 5563 1644 5618 dc
1663 5561 1773 5622 l‘Archc
