3934 6174
125 238 178 296 2³7
460 240 499 297 lli
518 240 552 296 D.
574 237 680 296 neunt
699 229 811 297 EPlS'P.
831 237 1018 296 comat.
1038 269 1073 282 -
1091 235 1203 296 nmen.
1223 237 1250 296 11
1268 237 1317 297 AD
1336 239 1418 298 COR.
1703 243 1756 306 tis

119 369 225 434 jupam
240 365 337 421 dacore
351 365 533 433 mminildsli
541 361 602 420 sii.
611 368 641 419 et
655 363 835 421 immundum
845 380 882 421 ne
890 363 1051 435 tetigeritis,
1066 363 1152 432 idest,
1166 379 1200 420 ne
1209 367 1446 422 commisceamini
1455 369 1555 436 molis,·
1571 385 1628 426 eece
1635 371 1755 441 metas,

124 460 154 510 et
166 472 220 528 ego
234 455 368 528 recipiam
379 471 439 523 vos,
453 459 482 510 et
497 471 545 510 ero
558 451 636 510 vobis
647 453 805 527 inpetrem,
818 459 847 511 et
857 471 905 510 voe
915 454 993 510 critis
1003 453 1075 510 mibi
1088 453 1118 510 in
1128 453 1201 510 tilios
1211 457 1240 511 et
1249 453 1330 524 illias,
1339 455 1408 512 dicit
1419 451 1557 515 Dominus
1567 459 1755 534 omnipotens.

840 605 957 664 CAPUT
971 606 1033 663 Vll.

160 731 294 804 Hasergo
307 731 444 789 habentes
454 731 654 805 promissiones
663 733 778 804 (scilieet
788 737 900 804 reama
909 751 957 791 nos
966 735 1178 791 siimmandom
1186 749 1243 792 non
1252 735 1580 809 tanpamnslcharissimi,
1589 739 1758 800 mundemus

124 835 176 874 nos
191 819 226 874 ab
239 819 317 876 omni
331 819 546 893 inquinamento
552 821 645 877 carnis
660 821 817 895 etspiritus,
825 825 855 878 id
862 828 909 892 est,
921 827 1045 880 carnalis
1055 827 1127 890 oilii,
1138 831 1164 880 et
1181 827 1341 896 spiritualis
1351 827 1490 898 nequitia,
1506 829 1683 900 perficientes
1692 847 1759 889 san·

124 911 327 968 ctifimtionem
339 915 430 968 nostri
439 911 469 968 in
488 913 592 968 dmore
601 911 661 981 Dei,
671 915 701 969 id
710 919 758 980 est,
767 914 935 982 perficientes
945 929 985 980 ea,
997 913 1097 982 paidos
1105 915 1196 968 saneti
1209 913 1376 984 efficiamur.
1387 915 1545 986 Capitenos
1557 921 1590 978 in
1604 923 1760 991 exemplam

125 1005 311 1069 pernostrem
324 1001 739 1060 adrnonitionem.l.Nemiaem
749 1001 872 1057 lesimas
878 1004 949 1056 sicat
956 1001 1175 1071 pseudoapostoli
1180 1003 1357 1058 subditorum
1364 1004 1434 1060 bona
1441 1005 1604 1075 maerendo,
1615 1008 1760 1066 neminem

123 1103 212 1158 mam
221 1091 315 1144 nostri
323 1091 445 1162 evemplo
451 1091 636 1164 corrupimus,
644 1091 788 1148 neminem
799 1091 941 1146 adolando
949 1089 1192 1147 circumvenimus.
1205 1087 1233 1146 1.
1244 1091 1271 1148 N
1272 1107 1308 1148 on
1322 1091 1359 1147 ad
1368 1092 1760 1155 condemnationemvestram

124 1175 199 1245 dico,
215 1195 277 1234 noa
292 1181 352 1234 ideo
365 1182 426 1236 dico
439 1187 471 1236 nt
481 1183 625 1250 aliquibus
642 1181 744 1236 boram
759 1181 900 1245 lesisselit,
914 1180 987 1234 ande
998 1195 1043 1234 oos
1061 1180 1247 1243 condemnem.
1268 1178 1295 1234 3.
1313 1179 1497 1236 Praediximus
1510 1180 1584 1238 enim
1599 1185 1674 1256 qnod
1686 1185 1714 1244 1.
1730 1185 1762 1244 ln

124 1265 260 1322 cordibus
269 1268 375 1324 nostris
385 1269 454 1324 estis
464 1270 500 1325 ad
509 1267 760 1340 commoriendum,
772 1273 802 1324 et
811 1268 847 1324 ad
858 1267 1069 1336 convivendum,
1078 1269 1147 1336 qaia
1160 1268 1247 1337 dilipo
1261 1270 1344 1323 vosin
1355 1273 1476 1337 tantam,
1492 1273 1633 1338 attinere,
1648 1278 1761 1330 otmari

123 1358 210 1410 eelim
220 1357 371 1424 mtiscam,
381 1361 573 1428 sifieriposset.
583 1357 609 1414 5.
622 1357 712 1413 Multa
719 1356 788 1412 mihi
799 1356 902 1412 fiducia
912 1362 964 1421 est,
975 1355 1050 1427 apud
1057 1369 1114 1424 ros,
1127 1356 1217 1412 multa
1229 1355 1299 1411 mihi
1311 1357 1443 1428 gloriatio
1451 1360 1602 1430 spedulias
1608 1377 1659 1434 pro
1673 1361 1760 1430 vobis,

124 1444 255 1515 repletus
269 1461 333 1502 sum
342 1462 395 1514 pro
409 1449 482 1501 cobis
495 1446 696 1514 consolatione,
712 1444 909 1519 superabundo
919 1443 1024 1515 gaudio
1035 1449 1148 1514 propter
1159 1460 1204 1499 vos
1218 1445 1248 1500 in
1263 1445 1340 1500 omni
1359 1445 1543 1503 tribulatione
1560 1453 1667 1507 nostra.
1688 1451 1763 1508 Nam

123 1535 260 1603 {ostendit
268 1550 295 1588 se
306 1535 518 1590 tribulationem
527 1535 739 1602 hebraearum
753 1538 786 1590 in
799 1535 966 1601 Macedonio,
975 1538 1002 1588 et
1012 1532 1086 1604 Asia)
1101 1537 1204 1589 etcum
1214 1533 1387 1591 venissemus
1397 1534 1427 1590 in
1437 1536 1641 1608 Macedoniam,
1653 1540 1763 1598 nullam

123 1623 259 1695 requiem
272 1622 373 1678 habuit
387 1629 571 1690 campestra,
587 1623 636 1680 sed
650 1639 763 1680 omnem
779 1621 990 1679 tribulationem
1009 1627 1095 1691 101
1113 1621 1190 1694 passi
1202 1619 1420 1690 snmus,6.ioris
1433 1640 1535 1696 pagna
1549 1627 1763 1700 abinfldelibas,

125 1715 167 1766 ael
182 1714 216 1767 in
227 1729 288 1766 meo
302 1728 425 1781 corpore,
446 1712 471 1768 7.
489 1712 568 1768 intus
578 1712 702 1768 timores.
716 1713 771 1769 Sed
784 1711 832 1784 qui
847 1711 1008 1767 consolatur
1022 1710 1153 1778 humiles,
1162 1712 1323 1768 consolatus
1334 1717 1377 1768 est
1384 1729 1435 1768 nos
1445 1714 1520 1769 Deus
1529 1713 1559 1770 in
1566 1715 1688 1771 adventu
1696 1716 1763 1774 Titi.

125 1801 193 1856 Non
206 1801 302 1856 solum
312 1807 413 1856 autem
424 1801 455 1857 in
468 1802 589 1857 adventu
600 1803 671 1873 ejus,
684 1801 733 1857 sed
743 1801 865 1856 etiamin
875 1799 1074 1867 consolatione,
1087 1815 1143 1872 qua
1152 1801 1312 1856 consolatus
1323 1806 1366 1857 est
1377 1801 1407 1857 in
1420 1799 1506 1870 vobis,
1516 1801 1543 1860 8.
1553 1803 1765 1862 relerensnobis

127 1893 255 1945 vestrum
270 1889 455 1957 desiderium,
464 1892 578 1946 uidendi
587 1907 638 1959 erne,
646 1895 771 1946 vestrum
785 1892 893 1956 ilatum,
901 1891 1063 1960 paenitendo,
1075 1894 1199 1944 vestram
1213 1894 1240 1946 9.
1253 1890 1461 1946 emulationem
1470 1905 1521 1963 pro
1533 1904 1588 1960 me,
1598 1893 1766 1950 addiscentes

126 1981 355 2048 cbomtatemmet
365 1981 553 2035 imitationem
560 1983 624 2047 mei,
631 1981 671 2036 ita
681 1985 714 2036 ut
723 1997 757 2036 ee
767 1979 1037 2048 missionedpistola,
1044 1981 1085 2034 rel
1094 1994 1216 2050 ecsapra
1227 1978 1413 2050 dictiamagis
1419 1979 1730 2050 gauderemQuoniam
1738 1984 1768 2037 et

60 2135 67 2150 ι
127 2067 332 2123 doonamtavi
341 2084 389 2123 vos
398 2069 428 2123 in
438 2065 614 2141 lllEpistola
623 2072 731 2140 priore,
739 2085 796 2124 non
812 2084 857 2123 me
868 2067 946 2124 modo
960 2067 1092 2140 prenitet;
1109 2067 1161 2122 etsi
1173 2061 1255 2136 pr'ias
1268 2067 1427 2140 poeniteret,
1440 2068 1538 2123 videns
1548 2069 1623 2140 quod
1634 2070 1760 2144 Epistola

125 2155 279 2226 illapsior(
281 2157 336 2212 etsi
345 2155 381 2212 ad
391 2158 498 2228 boram)
511 2176 558 2213 vos
572 2157 757 2222 contristavit,
771 2158 974 2229 nuncgaudeo,
987 2172 1053 2223 non,
1063 2157 1108 2211 sed
1118 2171 1174 2211 non
1182 2161 1294 2226 propter
1308 2155 1441 2228 bocania
1452 2157 1611 2213 contristati
1622 2158 1703 2230 estis,
1716 2157 1767 2215 sed

127 2244 365 2318 quincontristati
371 2246 439 2301 estis
448 2247 483 2302 ad
497 2246 700 2320 penitentiam.
713 2243 753 2304 ll.
761 2245 927 2302 contristati
941 2245 1017 2300 enim
1032 2244 1100 2300 estis
1113 2243 1270 2300 secundum
1283 2245 1383 2308 Deum,
1392 2251 1425 2302 ut
1437 2245 1468 2301 in
1477 2247 1566 2317 nullo,
1578 2249 1650 2318 quod
1660 2263 1765 2321 proece-

127 2335 228 2408 pimus
242 2333 287 2403 li,
298 2333 343 2392 13.
353 2334 554 2391 detrimentum
565 2335 649 2408 (pain
663 2337 784 2390 antecedi
792 2333 1140 2406 estis)pstiamini,soilicet
1149 2333 1348 2390 detrimentum
1358 2337 1462 2390 enimse
1472 2339 1505 2390 in
1513 2337 1622 2404 salaro,
1630 2350 1662 2391 ex
1672 2333 1766 2406 nobis,

127 2425 160 2478 id
171 2429 222 2492 est,
230 2442 266 2480 ea
274 2427 377 2480 nastris
391 2428 530 2496 praecptis
542 2441 598 2480 non
608 2427 774 2494 adimpletis.
785 2423 826 2482 14.
835 2422 984 2490 Quaenim
996 2423 1155 2493 (responsio)
1164 2422 1320 2480 seeundum
1329 2423 1544 2480 Denmtristitis
1559 2427 1612 2493 est,
1624 2425 1765 2498 peaniten-

127 2511 243 2568 damin
253 2514 374 2570 salutem
384 2512 524 2582 stabilem,
532 2519 674 2582 curnam,
685 2519 828 2588 operatur,
840 2511 976 2568 lbsaeculi
988 2515 1085 2566 autem
1099 2513 1126 2579 (a
1140 2513 1293 2582 contrario)
1302 2511 1420 2567 tristitia
1432 2515 1553 2568 mortem
1564 2517 1707 2587 operatur.
1720 2511 1768 2571 16.

127 2601 206 2657 Eece
218 2601 295 2657 enirn
312 2605 379 2672 (alia
392 2604 517 2672 probatio
537 2618 587 2672 per
607 2608 701 2672 partes
724 2603 834 2674 salutis)
850 2599 903 2673 hoc
920 2600 1024 2672 ipsum,
1039 2599 1195 2656 secundum
1207 2601 1299 2657 Deum
1311 2600 1472 2657 contristari
1491 2619 1547 2670 ros,
1571 2600 1612 2660 17.
1631 2605 1770 2675 quantam

127 2693 292 2746 inanimam
307 2691 335 2746 in
350 2690 428 2746 robis
442 2697 577 2764 operatur
590 2690 807 2746 sollicitudinem
823 2689 1035 2760 benemerendi,
1045 2689 1093 2744 boe
1107 2695 1155 2758 est,
1170 2692 1288 2746 salutern
1296 2706 1308 2759 ;
1324 2697 1529 2761 nomeperatur
1540 2693 1770 2758 sollicitudinem,

127 2795 289 2851 monaca
303 2784 340 2836 est
352 2783 452 2836 salutis
458 2797 469 2848 ;
484 2796 532 2835 nee
544 2783 656 2836 tantam
672 2782 730 2851 leoc,
738 2780 786 2836 sed
796 2779 998 2848 defensionem,
1009 2784 1106 2835 contra
1116 2781 1218 2838 ileum:
1230 2797 1279 2837 nee
1288 2784 1399 2837 lantum
1406 2781 1465 2852 boc,
1476 2781 1526 2838 sed
1535 2780 1770 2854 indignationem,

805 2930 1101 2988 COMMENTARIUS.

168 3053 219 3116 23.
240 3058 363 3114 Annam.
380 3057 474 3128 (serm.
486 3055 522 3114 18
535 3058 572 3114 lle
586 3057 660 3118 verb.
673 3059 795 3124 Domini,
803 3071 864 3129 cap.
874 3053 930 3128 io).
942 3053 1050 3120 Arium
1062 3051 1166 3110 habere
1180 3054 1244 3111 illos
1258 3053 1427 3112 emendandi
1436 3069 1476 3124 se,
1494 3055 1572 3125 itere,
1588 3057 1655 3130 qula
1678 3071 1774 3131 pecco·

125 3147 320 3202 Immundum
333 3163 366 3201 ne
378 3149 534 3216 tetigeritis.
546 3143 619 3212 Quid
627 3151 671 3202 est
683 3151 801 3218 tangere
809 3146 931 3203 immun·
975 3147 1084 3212 verunt,
1093 3143 1301 3201 emulationem
1314 3143 1418 3201 habere
1428 3161 1480 3219 pro
1491 3143 1773 3219 Apostolo,quoniam

123 3234 215 3303 dnm,
225 3233 282 3289 nisi
289 3233 445 3291 consentire
456 3233 596 3308 peccatis?
607 3235 680 3299 Quid
694 3239 844 3292 astantem
858 3235 934 3291 exire
975 3232 1151 3290 addiscentes
1164 3232 1331 3290 charitatem
1342 3233 1403 3306 ejus
1413 3249 1481 3306 erga
1494 3250 1534 3304 se,
1543 3233 1775 3308 coepernntillum

125 3322 214 3390 inde,
235 3321 290 3378 nisi
319 3325 411 3380 lacere
438 3323 513 3397 quod
532 3322 656 3396 pertinet
674 3322 710 3379 ad
731 3323 935 3396 correptionem
977 3321 1128 3378 defendere
1141 3326 1239 3378 contra
1253 3321 1457 3402 adversarios„

124 3409 300 3468 malorum?
514 3449 515 3452 ,
1013 3407 1043 3469 9.
1071 3411 1175 3467 Laura.
1190 3413 1415 3480 AEmalationem,
1441 3412 1470 3468 id
1493 3417 1546 3480 est,
1568 3411 1776 3486 qualiberelter

164 3499 256 3558 CAP.
269 3499 368 3557 111-
380 3497 401 3558 l.
411 3501 537 3558 nsanos.
545 3501 689 3557 Neminem
696 3501 938 3557 latimaPseudo
978 3501 1128 3556 emulatur
1138 3499 1310 3557 desideriam
1326 3501 1453 3566 alterius,
1468 3503 1501 3560 ae
1514 3517 1561 3558 me
1574 3501 1702 3558 videatis.

125 3591 207 3646 enim
224 3589 348 3662 apostoli
362 3589 501 3646 nocebant
515 3589 581 3658 illis,
599 3595 814 3662 corrumpentes
839 3605 939 3646 sensus
1017 3587 1058 3646 10.
1076 3590 1198 3659 Epistola
1210 3592 1276 3649 illa.
1287 3589 1363 3670 Ordo
1380 3607 1386 3644 ι
1404 3589 1456 3646 illa
1467 3605 1515 3646 vos
1527 3589 1712 3659 contristavit,
1723 3589 1777 3647 etsi

125 3679 250 3736 illorum
266 3678 500 3734 circumventione
513 3683 617 3734 astuta.
978 3677 1015 3733 ad
1028 3677 1137 3733 horam.

163 3769 195 3826 ⁴2.
216 3768 328 3824 Laesa
343 3767 406 3822 lion
423 3769 463 3824 ad
475 3769 739 3835 condemnationem,
755 3765 785 3822 id
805 3771 857 3834 est,
880 3783 938 3823 non
1013 3767 1059 3826 11.
1076 3767 1240 3823 dentristati
1252 3769 1338 3824 enim.
1354 3767 1604 3826 Demonstratiode
1616 3783 1673 3842 qua
1685 3768 1778 3842 peni-

126 3863 290 3930 propterea
301 3872 501 3924 commemoro,
514 3861 547 3912 ut
558 3857 659 3912 callide
670 3855 762 3911 dicam
772 3873 819 3912 vos
827 3855 935 3922 iecisse,
977 3855 1067 3910 tentia
1080 3854 1174 3922 diant3
1190 3859 1235 3923 est
1245 3853 1321 3910 enim
1333 3860 1362 3910 et
1375 3857 1452 3929 mala
1459 3856 1635 3928 poenitentia.

127 3945 212 4018 quad
232 3961 280 4000 me
298 3943 397 3999 iecisse
413 3959 496 4015 nego.
1016 3942 1058 4002 li.
1075 3944 1289 3999 dotrirnentum.
1310 3944 1519 4000 Detrimentum
1536 3945 1648 4002 auditor
1660 3963 1696 4002 ex
1709 3962 1779 4019 pra-

165 4032 197 4088 3.
224 4033 410 4090 Psedislmns
433 4035 518 4088 enim.
540 4031 675 4104 Superius
699 4031 791 4088 dixit:
817 4033 939 4102 Epistola
979 4031 1120 4088 dicatione
1133 4031 1256 4088 doctoris
1276 4033 1392 4104 patitur,
1413 4033 1526 4106 quando
1548 4035 1694 4107 preceptis
1717 4035 1780 4106 ojus

129 4127 238 4177 nestra
254 4137 298 4174 eos
314 4123 386 4188 estis,
402 4123 507 4190 scripta
522 4123 554 4176 in
568 4121 696 4176 cordibus
710 4123 817 4176 restris.
979 4120 1144 4176 inobediens
1158 4120 1262 4190 exmtit,
1278 4125 1308 4178 et
1320 4121 1408 4194 priori
1429 4126 1543 4194 peccato
1566 4128 1713 4196 peccatum
1735 4122 1780 4182 in·

169 4211 200 4266 1.
213 4211 340 4264 Menos.
358 4211 393 4266 ln
407 4209 535 4265 sardibus
548 4212 660 4276 nostris,
677 4209 706 4264 id
721 4213 774 4278 est,
790 4207 940 4282 participes
980 4208 1147 4267 obedientiae
1161 4209 1249 4264 addit.

132 4299 197 4354 vult
210 4315 264 4354 eos
275 4297 390 4366 habere,
401 4297 633 4370 etadpraesentes
646 4297 791 4372 passiones
803 4313 854 4370 pro
862 4297 941 4354 Chri·
1022 4297 1061 4356 13.
1073 4299 1197 4354 Anonos.
1211 4299 1427 4364 detrimentum,
1437 4296 1466 4356 id
1477 4298 1780 4368 emutomnnmma

40 4385 48 4406 '
127 4397 180 4449 sto
190 4398 224 4449 et
236 4392 273 4447 ad
285 4392 411 4448 futuram
418 4391 516 4447 vitam
948 4387 1114 4488 Belisatam
1127 4387 1252 4444 habeant
1263 4385 1293 4442 in
1306 4385 1393 4455 robis,
1406 4386 1493 4444 etiam
1511 4387 1587 4461 quod
1601 4388 1780 4465 contristavip

168 4481 205 4542 5.
225 4482 318 4537 italia
328 4481 400 4538 milri
406 4483 517 4550 Mucia.
525 4479 643 4536 Fiducia
655 4480 715 4538 haee
725 4480 760 4536 de
768 4480 866 4553 primm
873 4479 941 4553 Epi·
983 4491 1046 4531 mus
1058 4492 1117 4532 vos.

35 4604 40 4614 ·
125 4569 219 4626 stole
234 4569 414 4640 correptione
428 4573 480 4636 est,
493 4568 654 4640 quamquia
668 4583 724 4623 non
739 4583 838 4642 aspere
847 4583 942 4625 susce·
1019 4563 1065 4621 14.
1081 4565 1184 4620 Laura.
1200 4564 1522 4632 Quaenimseeondam.
1545 4564 1607 4622 Alia
1620 4565 1695 4624 ratio
1708 4564 1784 4640 quod

126 4661 256 4733 perant,
268 4657 402 4714 fiduciam
413 4657 554 4713 dederunt
567 4656 739 4712 admonendi
749 4673 789 4714 se.
986 4653 1144 4711 seeundum
1157 4652 1247 4708 Deum
1261 4651 1421 4710 contristati
1434 4657 1510 4712 sunt.

166 4744 202 4805 6.
219 4747 301 4802 raa
310 4761 423 4817 paene.
440 4747 546 4818 Pugna
561 4745 635 4802 enim
648 4751 730 4802 erent
740 4745 860 4819 corpori,
877 4743 945 4801 dam
1023 4742 1070 4799 15.
1089 4741 1190 4799 Sacali
1203 4743 1431 4798 antemtrislitia.
1448 4741 1548 4800 Seculi
1562 4748 1658 4802 autem
1667 4743 1785 4810 tristitia

124 4835 337 4905 edebantur,
355 4836 450 4892 animo
465 4836 590 4892 timores.
613 4835 674 4891 lllic
695 4836 770 4891 enim
785 4835 881 4902 timor,
897 4833 946 4890 abi
988 4836 1032 4888 est
1046 4831 1152 4898 dolere,
1167 4830 1242 4902 quod
1257 4845 1309 4892 sua
1320 4829 1439 4898 tribuat,
1454 4830 1549 4888 aliena
1566 4849 1625 4890 non
1637 4833 1739 4907 rapiat,
1756 4839 1786 4891 et

124 4925 304 4983 intellectus
315 4929 368 4980 est.
384 4923 440 4981 Sed
454 4924 500 4980 hic
515 4925 600 4982 timor
610 4928 727 4998 propter
740 4924 895 4993 credentes,
910 4939 946 4980 ne
986 4920 1125 4976 caemrain
1140 4917 1359 4976 hunamodum.

126 5015 277 5090 pastione
286 5015 348 5086 ejus
358 5013 626 5072 scandalizarentur.
1019 5009 1065 5065 16.
1076 5009 1140 5065 Ecce
1149 5011 1235 5064 eninr.
1243 5007 1307 5064 Alia
1316 5007 1388 5064 ratio
1401 5008 1526 5081 eiusdem
1541 5008 1592 5065 rei.

167 5105 204 5162 7.
220 5105 326 5160 marc.
360 5105 440 5160 latos
456 5108 577 5163 timores.
591 5105 616 5159 Α
629 5103 707 5159 falsis
722 5102 871 5171 lintribus,
892 5101 946 5170 rel,
1025 5095 1197 5154 tramam.
1207 5097 1348 5164 Quoniam
1359 5099 1393 5153 in
1402 5100 1485 5154 nobie
1493 5096 1613 5156 Solliciti
1621 5095 1696 5162 enim
1704 5097 1783 5164 eunt,

127 5211 171 5250 ne
200 5193 303 5266 passio
322 5209 386 5249 mea
400 5198 572 5266 perterreret
586 5193 699 5263 iratres,
711 5192 740 5247 id
755 5197 807 5258 est,
819 5197 949 5247 metuens
988 5188 1128 5243 nedenao
1142 5191 1270 5259 peccent,
1285 5191 1314 5241 ει
1336 5186 1535 5246 delenduntse
1557 5185 1592 5240 ab
1607 5183 1785 5240 intestatione

128 5301 170 5340 ne
187 5283 323 5339 conversi
337 5283 456 5348 nodter,
469 5283 595 5338 videntes
616 5281 798 5348 afflictionem
821 5285 948 5336 nostram
987 5277 1164 5344 demonum3
1179 5275 1365 5347 indignantur
1378 5273 1786 5345 insc„rcliaaliospeccantes

127 5375 170 5430 ad
189 5387 292 5438 mum,
311 5373 407 5440 idest,
424 5372 472 5444 qui
492 5371 546 5428 tuit
559 5371 682 5438 iudaeus,
699 5371 734 5426 ad
755 5369 942 5437 ludaismum,
986 5367 1095 5433 timent,
1108 5364 1175 5437 quia
1192 5370 1387 5437 peccaverunt,
1401 5363 1605 5424 desiderantes
1620 5362 1784 5432 reformare,

127 5461 261 5538 gentilis
274 5461 310 5516 ad
323 5462 512 5533 gentilitatem
526 5464 730 5517 converterent.
986 5462 1016 5511 et
1028 5454 1167 5527 incipiunt
1179 5453 1239 5525 pati
1251 5454 1341 5512 zelum
1356 5451 1494 5508 bonorum
1506 5467 1623 5523 operum
1637 5451 1786 5524 particion-

167 5551 206 5612 8.
220 5549 349 5608 amoos.
366 5551 492 5622 deserens
503 5547 946 5608 nobicNuntiasit'litnsdeside·
985 5546 1105 5614 doram3
1121 5549 1149 5598 et
1161 5543 1236 5616 quod
1259 5542 1448 5618 deliquerant,
1462 5540 1605 5600 vindicant
1617 5541 1648 5598 in
1667 5542 1785 5615 seipsos.
