3900 6168
219 309 276 376 &3
742 313 944 373 GUILLELMI
959 313 1113 374 ABBt'ffl
1129 318 1161 373 S.
1176 316 1345 374 Annum.
1791 305 1838 370 ddi

221 438 420 494 obsmratiene
443 443 645 508 permsneenm
666 449 724 492 uon
752 439 883 497 humente
900 437 1643 512 meonnttmterdtsinsecpnmoedas'ssutta
1656 437 1839 509 etnmcmori

221 529 364 596 examine,
376 526 567 584 neemostells
579 525 686 596 ingenii
695 533 740 582 eet
750 530 1024 603 trutinepondenn·
1064 533 1206 588 bominem
1223 536 1385 602 peccantem
1401 528 1517 595 eddixlt,
1531 533 1565 583 ut
1578 528 1605 582 ei
1619 526 1839 599 pmpterinmos

222 615 302 672 dum·
1063 616 1840 693 cesusqnotidiermmineret3pmpterbreritstemeutem

259 704 363 758 Verum
375 719 407 758 ex
419 703 471 758 hec
481 703 543 775 ipsa
551 701 638 758 divini
649 703 841 775 profunditate
847 707 1024 778 judicilillud
1066 711 1151 781 longe
1163 727 1220 765 nou
1235 714 1331 780 posset
1343 707 1451 763 abesse
1466 705 1593 782 Providit
1604 705 1734 760 munuum
1745 721 1842 760 summa

136 837 138 842 .
221 792 375 848 sulubriter
387 793 584 858 admonemur,
608 808 645 848 ne
667 793 748 850 reete
768 799 930 868 temereque
946 799 1025 852 inlir-
1064 797 1203 854 Dirinites
1218 797 1360 852 huminem
1388 809 1471 867 pesse
1493 793 1694 866 cupidiutt'bus
1708 788 1840 858 ’ωιιιιιιιι

224 895 336 940 morum
350 883 470 939 fratrum
485 881 627 936 consortia
637 882 802 940 deseramus
814 900 822 938 .·
834 884 978 956 quiequid
990 885 1025 939 de
1065 887 1233 958 illicitasque
1244 885 1374 942 cohibere
1387 884 1512 953 latitius,
1520 884 1546 938 si
1556 899 1646 955 ptem
1656 881 1770 936 formido
1778 897 1842 937 sem-

224 971 269 1028 ble
278 973 367 1043 judex
380 971 640 1028 illeeecretissimus
654 971 684 1028 in
694 973 951 1044 ooeuttodtspmst,
967 989 1025 1028 non
1066 988 1116 1047 per
1125 977 1186 1046 ejus
1200 981 1266 1032 crete
1279 971 1634 1036 contempsissemus
1647 970 1843 1026 enimmtmee

223 1065 268 1118 est
290 1061 409 1118 idoneus
430 1066 525 1118 noster
539 1061 779 1132 comprehendere
791 1063 950 1118 intellectus
981 1063 1026 1118 Fit
1066 1064 1102 1120 tta
1114 1057 1842 1135 metupositusrelminimamdsrebustempomlibns

225 1151 301 1206 enim
326 1153 504 1223 plerumque,
522 1157 556 1206 ιιι
577 1151 606 1206 bi
622 1151 815 1221 qui-videatur
828 1152 949 1224 opprimi
959 1169 1027 1224 pon-
1065 1153 1159 1224 capiet
1173 1153 1354 1224 voluptatem,
1381 1167 1463 1224 quas.
1493 1150 1561 1206 velit
1574 1149 1655 1213 nolit,
1669 1149 1728 1222 ipse
1741 1148 1842 1205 citroli·

224 1241 293 1298 dere
305 1241 482 1306 delictorum.
498 1240 568 1296 etin
583 1241 724 1310 aquilonis
739 1241 875 1298 leteribus
890 1242 1025 1308 residere,
1066 1243 1183 1298 eunus?

224 1329 320 1386 subito
333 1330 429 1386 dimne
438 1331 623 1402 inspiratione
632 1332 802 1401 compuncti,
814 1331 961 1402 culparum
968 1347 1027 1388 sor·
1101 1331 1164 1386 lem
1174 1347 1242 1401 ergo
1255 1331 1349 1386 ridere
1360 1327 1494 1401 perfacile
1503 1333 1556 1394 eet
1566 1327 1727 1400 quentieilli
1739 1327 1842 1382 detondi

223 1417 275 1474 des
288 1419 469 1476 excutientot
482 1420 510 1474 in
521 1425 598 1474 terra
608 1419 727 1474 australi
736 1436 880 1491 peropera
890 1420 1025 1474 virtutum
1064 1419 1293 1476 sintlluminibus
1306 1419 1506 1490 lacrymarum,
1522 1418 1572 1489 qui
1582 1416 1737 1472 medicinali
1749 1416 1842 1470 Domini

223 1505 278 1562 sibi
291 1507 390 1564 domos
404 1509 551 1564 edificent.
1065 1508 1215 1566 severitate
1230 1513 1401 1581 contempte,
1412 1508 1454 1564 lta
1460 1507 1584 1562 mmelse
1593 1505 1749 1578 iniquitatis
1757 1505 1843 1562 dedere

261 1596 341 1660 Quod
357 1611 420 1652 cnm
431 1598 471 1652 ite
484 1597 530 1663 sit,
542 1596 755 1652 immanissime
767 1602 811 1654 est
828 1598 943 1653 omnino
952 1598 1024 1652 into-
1065 1597 1215 1667 profundo.
1225 1602 1258 1652 ut
1267 1612 1397 1652 resecare
1405 1595 1525 1666 gredum
1537 1607 1842 1666 superasqueemerpere

223 1684 404 1757 lembilisque
418 1685 556 1758 superbie
571 1685 675 1742 interni
687 1693 715 1742 et
730 1687 829 1742 aeterni
840 1687 944 1758 judicis
953 1686 1024 1742 selle
1060 1686 1098 1740 nd
1117 1701 1202 1742 ouras
1216 1702 1268 1744 neo
1282 1686 1405 1752 calcem,
1419 1701 1472 1740 nec
1484 1685 1573 1740 velint
1587 1683 1715 1738 interius.
1734 1683 1842 1747 Quorum

224 1775 377 1844 prevenire
391 1775 571 1841 sententiam,
584 1774 815 1830 etdiecretionem
830 1774 959 1845 piscium,
974 1774 1230 1850 quiflmirebilem.
1259 1776 1316 1832 imo
1335 1774 1525 1832 miserabilem
1546 1774 1701 1829 cecitatem
1719 1771 1843 1826 cnciutic

223 1864 387 1918 eorumdem
401 1869 642 1920 sacramentorum
657 1863 764 1920 retibus
777 1853 1024 1930 concludunturin
1063 1880 1119 1934 que
1131 1864 1297 1936 supplicium
1310 1881 1367 1935 quo
1381 1863 1491 1920 lacilius
1504 1863 1651 1928 evitarem,
1666 1861 1702 1916 ed
1714 1877 1779 1915 vere
1791 1859 1843 1931 phi·

224 1953 355 2021 presenti
372 1969 501 2008 exemere
521 1953 629 2018 conari,
646 1954 812 2024 priusquam
827 1953 914 2010 meris
926 1953 1023 2010 littore
1062 1951 1197 2023 losephiae
1210 1951 1315 2017 sisium.
1329 1951 1526 2026 gremiumque
1539 1967 1586 2006 me
1599 1949 1715 2005 contuli.
1730 1947 1843 2002 lledetur

224 2042 433 2112 contirsgentur.
450 2043 532 2098 Certe
544 2043 597 2098 hoc
615 2043 715 2098 dirinae
730 2043 831 2098 littere
845 2042 955 2104 docent.
971 2042 1024 2096 hoo
1063 2041 1137 2095 enim
1149 2041 1199 2094 ille
1212 2041 1325 2102 animis.
1340 2041 1438 2095 inanes
1452 2040 1656 2094 sollicitudines
1670 2037 1842 2103 detrehitcu·

224 2130 316 2184 omnis
328 2131 417 2186 series
426 2131 636 2201 scripturarum
646 2131 853 2188 beneoonsulta
862 2130 1023 2201 respondet
1066 2129 1231 2201 piditatibus
1241 2129 1351 2196 liberat.
1369 2129 1448 2200 pellit
1459 2130 1587 2188 timores.
1599 2130 1689 2186 Tanta
1706 2133 1793 2184 summ
1804 2129 1841 2197 lu·

224 2217 344 2272 bonose
363 2219 444 2272 melis
465 2219 578 2274 interim
592 2220 676 2274 corde
691 2219 816 2290 seperari
839 2219 951 2284 debere,
968 2236 1024 2276 non
1066 2218 1206 2283 cundites,
1222 2221 1337 2289 temque
1350 2217 1555 2278 incrementis
1565 2223 1610 2276 est
1618 2219 1679 2288 ejus
1687 2215 1842 2288 pulcluitudo

226 2322 358 2376 corpore;
374 2324 425 2361 nec
437 2308 563 2364 locorum
578 2307 793 2378 longinquitate,
809 2308 856 2361 sed
872 2308 1021 2363 effectuum
1063 2314 1097 2364 ut
1111 2321 1183 2364 unus
1197 2307 1258 2362 dies
1279 2306 1350 2364 bene
1366 2313 1396 2362 et
1409 2323 1443 2364 er
1462 2307 1842 2378 cenomannenses

225 2394 371 2465 qualitate.
398 2396 499 2450 Veniet
521 2396 653 2467 profecto.
668 2397 762 2451 reniet
774 2396 826 2450 ille
839 2396 909 2461 dies,
923 2397 952 2450 in
968 2413 1024 2468 que
1063 2395 1139 2450 tenti
1154 2394 1361 2452 immortalitati
1376 2394 1540 2465 dignissime
1552 2401 1738 2467 proponetur.

225 2482 299 2538 inter
313 2499 397 2554 pecus
412 2485 592 2540 macilentum
604 2489 633 2540 et
642 2485 756 2554 pingue,
770 2484 844 2538 inter
856 2501 940 2554 pecus
954 2485 1024 2538 erie-
1101 2482 1185 2538 Vides
1205 2482 1303 2552 igitur,
1322 2483 1347 2540 si
1362 2499 1408 2540 me
1434 2482 1538 2553 diligis.
1560 2492 1667 2554 quante
1680 2483 1718 2541 eit
1730 2481 1776 2540 tibi
1789 2497 1842 2538 cum

224 2576 286 2626 tum
304 2577 333 2626 et
341 2573 493 2639 hircorum,
510 2579 607 2645 pastor
618 2574 666 2628 ille
680 2573 739 2628 tani
750 2573 861 2627 nescius
873 2573 1022 2642 judicabit.
1064 2573 1252 2630 exsultatione
1266 2572 1430 2640 mundum.
1445 2573 1494 2644 qui
1520 2573 1591 2632 mibi
1618 2573 1703 2630 wem
1729 2585 1842 2644 sponsam

224 2661 303 2716 Tunc
324 2662 432 2718 occulte
450 2662 632 2718 tenebrarum
655 2663 770 2718 omnino
789 2661 981 2733 producentur
994 2661 1022 2715 in
1064 2663 1209 2733 elegerim,
1223 2663 1305 2732 ossius
1319 2679 1383 2719 cum
1409 2662 1510 2730 torma,
1539 2669 1603 2722 tum
1629 2662 1748 2720 suentes
1772 2659 1842 2716 rebus

223 2749 295 2817 luce,
310 2767 361 2805 nec
375 2751 528 2805 suberinis
544 2751 662 2822 pellibus
675 2751 774 2823 lupina
789 2749 913 2806 cordese
927 2757 1023 2806 coute-
1065 2749 1195 2808 omnibus
1212 2750 1363 2806 antecellit
1379 2748 1445 2807 Jsm
1456 2765 1522 2822 argo
1536 2750 1611 2808 sicus
1626 2751 1768 2822 lacrymas,
1782 2747 1843 2802 cohi·

219 2843 292 2910 gent
305 2857 311 2894 ι
326 2840 393 2910 quia
408 2856 440 2896 er
455 2839 545 2912 ipsius
557 2839 726 2898 beatissime
740 2840 953 2896 resurrectionis
967 2839 1023 2894 rir-
1064 2837 1099 2894 be
1113 2839 1223 2908 fletum,
1239 2855 1352 2896 omnem
1378 2855 1529 2898 merorem
1553 2841 1686 2912 expellito
1700 2859 1706 2898 τ
1721 2843 1842 2910 procerte

218 2933 284 2984 tute
312 2929 493 3000 potentiaque
516 2931 670 3002 proveniet.
685 2934 718 2986 ut
742 2930 839 3000 quales
860 2928 905 2984 liic
919 2929 1023 3000 singuli
1065 2932 1176 2986 noveris
1203 2949 1247 2986 me
1277 2938 1387 3004 partem
1410 2933 1547 3004 optimam
1578 2933 1706 3004 etesiae.
1734 2931 1841 2993 Credite,

220 3016 301 3074 tinem
315 3018 345 3074 in
358 3017 493 3085 moribus,
505 3019 576 3076 tales
595 3019 651 3076 illio
671 3018 866 3092 appereentin
878 3017 946 3088 ipsis
961 3034 1023 3074 coe
1065 3020 1171 3078 credite
1186 3019 1267 3090 milti,
1281 3021 1413 3080 succedet
1427 3021 1583 3082 humilitati
1597 3021 1759 3088 sublimitas,
1770 3021 1844 3088 lacry-

222 3106 353 3178 poribus.
373 3107 500 3178 Denique
513 3107 576 3164 ideo
591 3108 663 3162 vitro
683 3106 788 3164 mundo
806 3106 856 3162 ille
883 3105 1052 3170 luminoseG
1064 3109 1118 3164 mis
1145 3109 1229 3172 risus.
1250 3109 1354 3168 divitie
1375 3110 1535 3180 paupertati
1553 3129 1561 3172 ι
1578 3115 1756 3182 magnasunt
1778 3109 1842 3164 cuim

223 3195 321 3250 cisitee
339 3201 528 3267 comparetur,
545 3197 678 3266 quonism
690 3195 839 3252 clarissimi
853 3195 918 3250 vitri
927 3195 957 3250 in
967 3211 1024 3252 mo·
1065 3214 1127 3268 quse
1140 3197 1198 3254 suis
1213 3197 1262 3254 ille
1275 3198 1449 3258 amatoribus
1459 3199 1620 3269 pollicetur.
1632 3201 1667 3258 tls
1680 3213 1710 3258 rt
1724 3195 1843 3266 remquis

222 3299 294 3350 rem,
314 3283 451 3354 quidquid
465 3283 504 3338 ibi
524 3283 644 3338 interius
657 3282 720 3348 erit.
741 3283 863 3338 exterius
877 3282 1021 3352 eminebit,
1065 3285 1188 3356 cogitsre
1211 3285 1342 3352 sufficiat,
1372 3291 1492 3357 quantes
1519 3288 1660 3358 sapientie
1682 3283 1842 3346 dilectoribt·

223 3372 347 3443 ipseque
361 3372 557 3443 conceptiones
578 3372 737 3428 animorum
753 3371 920 3427 mirabiliter
930 3371 1025 3443 subie-
1065 3375 1123 3430 suis
1137 3391 1204 3446 opes
1219 3375 1256 3432 sit
1269 3376 1416 3444 mucuns,
1432 3392 1497 3434 sum
1521 3379 1586 3448 ejus
1608 3395 1704 3436 amore
1729 3378 1842 3446 suscepte

222 3459 327 3516 cebuut
335 3461 497 3532 conspectui
511 3461 665 3516 oculorum.
674 3459 758 3532 Ergo,
769 3460 950 3518 dilectissime
968 3462 1024 3518 ire·
1064 3469 1215 3534 paupertas
1238 3463 1300 3535 ipsa
1313 3465 1454 3526 delectet?
1468 3467 1494 3522 H
1496 3466 1541 3524 uiu
1555 3483 1624 3538 ergo
1636 3467 1773 3526 soteres
1785 3461 1842 3518 mim

223 3555 276 3615 ter,
292 3548 413 3604 ndillam
428 3548 600 3604 ineffabilem
615 3548 766 3619 puritatem
781 3550 885 3606 sanctis
898 3551 1024 3610 moribus
1064 3549 1168 3608 bonum
1190 3557 1242 3618 est,
1259 3552 1410 3624 nutusque
1429 3569 1554 3626 uuquam
1570 3555 1737 3622 resectis,
1750 3551 1793 3624 qui
1807 3565 1843 3606 ω·

223 3653 275 3692 nos
290 3652 431 3707 paremus,
453 3637 518 3692 boni
531 3637 584 3707 ipsi
595 3637 683 3692 simus
695 3656 701 3704 ς
717 3653 843 3708 quosque
855 3638 968 3694 trebete
985 3639 1022 3698 ed
1065 3639 1100 3696 ab
1115 3639 1175 3710 ejus
1189 3640 1364 3712 amplexibus
1378 3646 1408 3698 et
1421 3658 1518 3703 soture
1532 3642 1658 3702 divellet.

222 3723 341 3777 meliore
367 3739 423 3777 non
451 3739 610 3794 possumus,
627 3724 832 3796 patientissime
856 3726 1020 3786 toleremus.
1101 3727 1206 3786 Verum
1220 3729 1245 3784 si
1255 3744 1337 3788 nosse
1349 3730 1494 3790 desideres
1508 3732 1587 3803 quali
1597 3733 1628 3792 in
1641 3731 1737 3790 esen
1749 3731 1843 3800 ejusm-

223 3811 302 3868 the·
1065 3816 1133 3886 gule
1146 3817 1842 3886 militemus‚brcritertibiillamdesoriblmus.Sunt

498 3901 672 3960 EPISTOLA
686 3903 746 3960 v11.
1064 3903 1144 3962 nobis
1158 3911 1260 3964 eunom
1287 3907 1456 3974 communie.
1485 3923 1574 3968 unum
1599 3927 1657 3975 cor,
1674 3925 1729 3970 nes
1752 3907 1841 3969 enimn

416 4003 452 4046 so
466 4005 518 4048 ι...
537 4007 733 4049 mesesrossn
747 4007 830 4050 sura.
1064 4008 1152 4052 uuum
1167 3994 1298 4068 idemque
1308 3997 1483 4068 propositum
1495 4016 1501 4056 s
1514 3998 1605 4058 virtue
1619 4005 1714 4058 sutem
1728 3995 1842 4054 obedien·

328 4081 460 4136 ltlemod
468 4083 562 4136 seculi
573 4086 759 4149 mntemptum
772 4082 913 4138 bortatur.
1062 4080 1107 4138 tiu
1121 4083 1163 4138 sic
1177 4085 1333 4156 praepollet.
1349 4093 1382 4144 ut
1395 4101 1458 4146 cum
1476 4086 1557 4148 nobie
1570 4087 1736 4146 lncredibilc
1750 4086 1784 4142 sit
1794 4089 1843 4140 su·

255 4167 1019 4240 necepmnsuon.,wpeccstontugereansissrcus
1062 4171 1140 4230 mum
1154 4173 1276 4243 legendi,
1293 4174 1386 4234 nullus
1414 4183 1510 4236 remeo
1534 4176 1704 4237 obedientie
1728 4174 1841 4248 prelum

256 4257 452 4314 consideranti
474 4257 544 4312 mihi
563 4257 659 4312 studia
669 4257 893 4328 cupiditatesque
912 4265 1021 4316 morte·
1061 4260 1165 4318 audeat
1179 4261 1336 4322 lectionem.
1349 4265 1389 4322 lle
1401 4265 1606 4336 graminum
1620 4259 1841 4339 psupttttteqssid

221 4345 301 4414 lium,
316 4351 397 4402 tants
410 4346 570 4412 admiratio,
581 4352 733 4417 tantusque
746 4353 846 4418 stupor
853 4349 1019 4416 onceditur,
1061 4349 1192 4418 reserem,
1207 4367 1272 4410 cum
1286 4368 1369 4414 omne
1381 4355 1456 4425 quod
1470 4371 1624 4426 corporeus
1638 4371 1735 4414 sensus
1742 4349 1842 4420 minei*

220 4439 253 4490 ut
264 4451 330 4488 cum
344 4433 473 4505 Satyrico
485 4435 644 4490 exclamare
652 4435 806 4506 compelles
820 4451 827 4486 ι
1029 4427 1099 4493 Dsit
1108 4438 1188 4494 nobis
1207 4441 1322 4498 omniuo
1336 4443 1520 4513 matemptui.
1537 4444 1720 4516 suinumque
1737 4453 1840 4497 ermen·

258 4523 374 4578 Oruros
389 4523 545 4589 bominum,
556 4529 719 4594 squamam
732 4529 771 4578 est
782 4527 813 4578 in
823 4526 1020 4584 rebusinonel
1061 4531 1104 4584 tes
1117 4544 1261 4600 scorpore
1276 4546 1492 4589 consuescamus
1503 4533 1598 4592 meri?
1616 4534 1740 4592 Arduum
1753 4525 1840 4598 idqui-

254 4609 325 4674 Quie
337 4610 413 4664 enim
436 4625 492 4666 non
515 4612 758 4668 vehementissime
772 4613 929 4668 admiretur
941 4619 1022 4672 tante
1061 4615 1125 4674 dem
1141 4622 1227 4688 atque
1252 4618 1375 4687 difficile,
1401 4620 1463 4691 quis
1487 4622 1592 4692 neget?
1608 4623 1662 4681 Sed
1676 4629 1766 4680 umes
1786 4617 1838 4678 hut,

219 4699 338 4756 miseros
360 4699 488 4754 homines
511 4700 664 4770 cupiditate
678 4703 795 4772 rapteri,
811 4707 953 4760 uteorum
964 4704 1020 4760 evi·
1060 4704 1131 4762 duce
1146 4705 1331 4777 philosophia.
1346 4724 1397 4766 noe
1411 4709 1716 4771 credimuscllecturos.
1732 4707 1792 4766 Hoc
1804 4705 1839 4758 ἢ

218 4787 301 4842 mesti
316 4787 469 4856 nostratis,
485 4804 541 4842 non
555 4789 694 4857 voluntas,
710 4807 767 4848 non
792 4791 913 4863 denium
934 4793 1021 4850 timor
1060 4794 1117 4850 vita
1127 4794 1287 4858 laudabilis.
1302 4812 1387 4866 quem
1407 4802 1536 4858 maenius
1553 4815 1559 4855 ι
1575 4800 1635 4862 beto
1658 4816 1723 4858 rem
1734 4795 1838 4868 philott-

218 4875 342 4944 Domini‚
358 4877 756 4948 tinemimponatlFitenim
780 4881 885 4938 mirum
907 4883 938 4938 in
956 4899 1020 4938 mo·
1060 4883 1135 4953 phie,
1156 4884 1291 4956 adquam
1306 4891 1344 4952 te,
1361 4903 1378 4940 o
1393 4888 1493 4950 amice,
1508 4888 1670 4946 invitemus.
1692 4886 1766 4954 Quod
1781 4883 1837 4940 site

218 4964 296 5032 dum.
312 4970 345 5020 ut
366 4971 473 5037 quanto
494 4967 576 5037 plurs
600 4969 801 5039 congesserint.
826 4975 905 5026 tanto
928 4972 1020 5042 magis
1059 4971 1096 5028 ed
1111 4973 1184 5032 bsrsc
1197 4974 1404 5038 adducerenon
1425 4977 1658 5042 venemens
1676 4975 1836 5036 sbillsuun·

218 5053 381 5126 cupiditatis
401 5055 510 5112 lacibus
535 5056 724 5124 inardescant,
746 5065 910 5131 crescetque
936 5076 1019 5118 emor
1060 5077 1145 5132 quem
1160 5062 1290 5124 abducet.
1303 5065 1381 5134 Veis,
1398 5071 1429 5124 et
1441 5066 1685 5130 miserereseimss
1697 5071 1758 5124 us.

217 5142 336 5212 nummi,
353 5149 490 5216 quantem
503 5145 565 5217 ipsa
580 5147 700 5217 pecunia
711 5147 820 5204 crescit.
828 5149 909 5206 Unde
922 5149 1018 5206 ineffi-

635 5269 917 5330 intermontes
932 5271 973 5328 tn
988 5273 1184 5334 eultnnmss
1203 5277 1390 5337 EPIS'l'ObA.

501 5407 530 5446 sn
548 5406 697 5450 snsrosnn
711 5407 730 5449 1.
1057 5393 1830 5479 neemanenno¹071pestorevscavemtquodonussot

253 5457 286 5516 ln
300 5463 391 5532 prima
404 5463 458 5517 hec
471 5463 591 5546 epistole
606 5463 765 5520 Willelmus
786 5465 922 5550 Gregorio
936 5483 1015 5540 pepae
1055 5470 1097 5525 ire
1111 5473 1222 5546 refugit.
1236 5475 1297 5530 Huc
1307 5480 1436 5546 spectant
1445 5475 1573 5548 Gregorii
1603 5494 1618 5530 e
1639 5493 1661 5529 ae
1671 5463 1830 5546 Vllepistola

215 5530 267 5585 Vll
280 5533 489 5616 gratulabunde
503 5551 566 5603 equs
575 5535 722 5602 electione,
742 5553 804 5608 que
813 5539 930 5609 contigit
941 5555 1015 5595 enno
1074 5543 1182 5598 nedum
1195 5545 1395 5600 nimirumtibri
1405 5494 1828 5624 primieplstofefdmdllnnossen

218 5599 305 5683 ¹⁰7&
320 5611 382 5662 tum
396 5607 538 5688 patefient
551 5608 763 5677 sepoetelsem
778 5609 813 5663 ad
828 5612 954 5681 regimen
967 5611 1015 5664 ab·
1055 5559 1206 5670 aemorum
1221 5618 1388 5687 pontificem
1405 5633 1460 5688 qus
1475 5634 1539 5676 sum
1556 5623 1650 5680 monet
1658 5621 1689 5670 ut
1701 5629 1734 5668 ns
1743 5623 1827 5665 mens·

215 5667 298 5727 bstrae
309 5676 404 5729 Sancti
417 5676 536 5746 Remsgn
548 5679 623 5748 epud
638 5679 814 5752 Remos‚quae
828 5688 893 5751 post
906 5681 1014 5738 obitum
1054 5685 1121 5741 chos
1136 5687 1315 5760 ltemigienos
1329 5688 1452 5761 amplius
1466 5697 1555 5760 vexet,
1571 5696 1656 5763 utque
1665 5688 1741 5758 juxte
1752 5695 1824 5735 canv-
