3882 6172
129 225 167 281 561
624 220 662 275 ΙΝ
681 219 794 276 EPIST.
814 221 846 277 B.
866 219 1210 278 masculitanum.
1685 217 1737 278 562

127 346 307 402 mundanarum
318 343 461 415 praeditas,
477 344 513 398 ed
529 346 668 416 pastorale
691 345 814 402 olllcium
828 347 1060 408 satisAtldeliter
1071 346 1454 420 prudenterquegubsrnans,
1465 345 1653 420 superborum
1663 344 1736 402 colla

129 434 306 504 ulilispersona
319 429 434 485 exstitit.
451 451 461 481 r
474 433 510 486 At
520 433 607 502 egoin
618 449 702 488 unam
713 435 898 506 eamdemque
935 435 1052 505 justitiae
1066 452 1185 490 censura
1199 436 1371 506 perdomuit;
1383 436 1538 508 arguendo,
1550 433 1731 500 obsecrando,

126 521 269 578 sentamimn
283 535 381 574 omnes
393 535 463 590 pene
476 520 803 592 scriptoresantiquiores
813 530 842 578 et
851 539 896 578 re·
937 524 1236 596 increpando‚dissidia
1242 525 1405 596 pacificavit,
1413 525 1584 597 tandemque
1591 523 1733 580 confectus

125 611 240 667 candores
258 611 356 668 adduci
368 628 431 666 eum
444 610 562 678 videam,
580 610 666 666 nolim
693 627 895 684 usquequaque
937 612 1024 677 senio,
1037 614 1135 683 plenus
1147 611 1266 678 dierum,
1279 613 1309 668 in
1320 612 1605 677 sanctacontessione,
1615 615 1647 668 ut
1661 627 1733 683 pras·

124 699 183 756 illius
195 700 308 771 episcopi
327 716 439 754 causam
455 699 605 772 suscipere,
628 703 713 770 atque
724 699 800 754 omni
812 701 896 772 culpa
935 701 1111 768 missumst,
1125 700 1154 754 in
1163 700 1436 772 Domiaorequievit.
1450 699 1733 772 Ingressurusitaque

123 789 246 843 dedicare.
258 787 514 850 verumenimvero,
531 787 555 841 si
574 791 720 843 auctorum
749 787 894 860 opiniones
935 788 1007 842 viam
1019 788 1154 843 universa
1169 788 1271 854 earnis,
1285 793 1461 860 mortemque
1475 788 1594 844 vicinam
1607 803 1731 859 prasea-

123 892 171 931 cum
184 877 251 931 beati
265 875 413 931 Lanfranci
434 876 575 931 sententia
601 876 750 931 conciliare
765 877 892 945 velimus,
934 876 1017 942 tiens,
1032 893 1116 932 onere
1136 876 1288 947 pontificali
1301 877 1439 948 deposito,
1455 876 1622 932 sanctissimi
1641 876 1732 931 Bene·

123 981 225 1018 asserere
238 979 350 1018 aeoessr.
364 969 408 1018 est
420 964 614 1018 Hermannum
629 963 672 1019 bis
690 963 839 1019 asceticam
853 965 894 1018 vi·
935 964 1001 1019 dicti
1012 964 1539 1037 habitum,humilitatemquesuscepit3
1552 964 1732 1020 monachum·

122 1057 166 1108 lam
177 1051 351 1124 appetivisse3
371 1051 462 1106 ethoc
474 1051 579 1124 liquido
593 1056 721 1106 constare
735 1053 847 1107 videtur
861 1069 894 1108 ex
935 1071 989 1124 que
1002 1055 1143 1125 professus
1166 1052 1248 1108 beato
1264 1053 1364 1108 Albino
1381 1070 1412 1108 se
1429 1053 1562 1122 tradidit3
1583 1069 1616 1107 ac
1630 1053 1671 1108 sic
1684 1067 1732 1106 ex·

120 1141 242 1212 ipsiusmet
265 1141 293 1196 S.
310 1139 513 1211 archiepiscopi
531 1139 623 1194 verbis
640 1158 646 1193 ε
672 1140 893 1196 «Monachicam
934 1147 1225 1213 oneratuspauperem
1232 1141 1375 1197 Christum
1386 1157 1494 1214 pauper
1506 1147 1534 1196 et
1547 1141 1608 1212 ipse
1621 1145 1735 1198 secutus

34 1247 35 1252 ¹
120 1228 273 1300 ritarnpetiit,
290 1245 366 1283 nnnc
380 1228 482 1282 iterum
495 1229 548 1282 hoc
560 1227 635 1282 idem
658 1228 748 1282 iacere
763 1228 893 1284 omnibus
934 1235 987 1282 est.
1002 1231 1074 1284 Ante
1086 1227 1198 1301 quidem
1209 1233 1241 1283 ut
1252 1229 1364 1284 Martha
1377 1228 1512 1284 sollicitus
1523 1234 1593 1295 erat,
1610 1233 1639 1283 et
1650 1243 1733 1284 occu-

118 1317 188 1370 nodis
201 1315 265 1388 petit
294 1315 696 1386 »Primumquidemdumiu
713 1314 840 1370 coenobio
860 1317 888 1372 S.
931 1324 1090 1388 patuserga
1105 1321 1202 1384 889
1215 1315 1346 1389 plurima,
1360 1333 1435 1372 nunc
1450 1333 1516 1372 vero
1536 1317 1614 1372 velut
1636 1315 1726 1371 altera

117 1403 202 1458 Bertini
215 1402 286 1474 apud
300 1405 329 1458 S.
347 1403 542 1458 Audomerum
559 1404 715 1458 monachile
740 1403 890 1460 collobium
930 1403 1727 1476 Mariaunumessenecessariumrecognoscens,optimam

116 1493 148 1558 (ut
159 1490 416 1546 ahielmesburicnsi
431 1491 710 1562 relatumestsupral
726 1493 887 1565 assumpsit.
930 1499 1039 1566 partem
1059 1494 1152 1565 elegit,
1169 1511 1230 1566 qua
1242 1511 1298 1549 uon
1313 1494 1458 1549 auferetur
1472 1494 1507 1549 ab
1522 1510 1565 1548 eo.
1582 1493 1728 1548 Commen-

116 1579 271 1633 Poslmodum
282 1579 331 1635 ubi
346 1580 375 1634 in
386 1580 514 1650 hngliam
528 1596 560 1634 ex
573 1579 736 1635 Bertiniano
750 1587 889 1636 monaste·
929 1583 1029 1637 damus
1043 1583 1127 1637 etiam
1139 1583 1312 1638 orationibus
1325 1583 1457 1648 vestris.»
1470 1589 1523 1638 etc.

114 1667 145 1720 n'o
156 1667 257 1739 optimis
281 1667 467 1734 documentis,
483 1668 598 1739 pietate,
615 1667 766 1723 virtutibus
784 1656 920 1724 instra-B
970 1673 1131 1726 Veneranda
1158 1674 1298 1726 memoria
1319 1672 1421 1726 Leonis.
1442 1670 1516 1726 Noni
1535 1667 1650 1736 scilicet,
1675 1667 1726 1724 viri

114 1764 160 1808 crus
170 1761 322 1817 remeasset,
339 1761 368 1809 et
384 1756 496 1826 egregie
510 1756 614 1810 multos
628 1757 888 1828 perauuosepiseo-
928 1761 1011 1831 plane
1025 1760 1080 1814 tide
1095 1759 1259 1829 meritisque
1276 1759 1403 1830 insignis,
1420 1757 1469 1830 qui
1489 1775 1552 1813 cum
1567 1756 1725 1828 angelicam

113 1848 189 1914 palum
198 1843 435 1911 administrassem
452 1845 566 1900 tandem
577 1845 743 1915 aegritudine
752 1845 886 1917 senioque
929 1848 1455 1919 vitamduceret,consortioangalorum
1466 1845 1585 1902 subinde
1593 1846 1726 1917 dignatus

113 1932 236 1999 conlectus,
246 1933 312 1989 vitae
322 1933 454 1988 solitariae
464 1933 711 2006 dulcedine(quam
722 1933 830 2005 pridem
841 1935 887 1988 de·
927 1945 978 1992 est.
987 1939 1042 1992 Leo
1055 1937 1183 2004 ostiens,
1194 1936 1243 1992 lib.
1254 1950 1283 2002 11,
1301 1951 1362 2008 cap.
1377 1935 1423 2000 82,
1434 1934 1564 1990 Chmniei
1575 1933 1726 1990 Cassinen-

111 2017 229 2084 threan
241 2021 363 2088 illectus,
379 2027 408 2076 et
420 2023 502 2076 morti
512 2023 570 2092 jam
582 2022 734 2093 proximus,
746 2021 780 2076 ad
794 2027 883 2077 tutam
926 2025 1029 2080 nensis.
1043 2025 1206 2096 Berengarii
1218 2025 1347 2080 haeresim
1361 2022 1469 2078 duobus
1476 2024 1505 2078 in
1519 2023 1644 2078 conciliis
1653 2022 1725 2078 Ver·

111 2108 295 2177 rqulansvitae
315 2110 466 2166 stationem
492 2111 633 2182 appellere
660 2115 810 2182 peroptat,
829 2129 883 2183 quo
925 2114 1038 2169 cellensi
1054 2121 1082 2168 et
1098 2113 1255 2170 Turonensi
1278 2112 1443 2180 damnavit3
1470 2111 1511 2166 ita
1536 2110 1725 2168 Cuiturundus

111 2210 225 2250 semmae
239 2198 311 2251 cella
325 2199 370 2264 (1),
388 2198 524 2253 Bernardi
540 2203 607 2254 sunt
619 2198 711 2264 verba)
727 2198 762 2252 ad
784 2199 884 2254 coslum
924 2203 1010 2258 Leoni
1029 2219 1144 2275 compar·
1162 2201 1210 2257 lib.
1223 2219 1231 2257 r
1246 2202 1281 2258 de
1296 2202 1420 2273 Corpore
1434 2205 1464 2256 et
1491 2200 1577 2270 Sang.
1607 2198 1721 2254 Christi.

110 2286 184 2354 quiret
203 2287 325 2342 evolare.
342 2289 404 2343 Nou
419 2286 607 2359 spernendum
629 2287 715 2342 habes
729 2286 784 2341 illis
797 2286 884 2342 terme
924 2291 1025 2346 Leonis
1040 2307 1179 2346 summam
1193 2289 1281 2345 animi
1294 2289 1491 2345 demissionem
1511 2291 1626 2343 enarrat
1638 2287 1724 2344 Ottho

110 2373 255 2444 temporibus
279 2377 442 2449 exemplum
457 2375 583 2431 llarbedi
597 2375 719 2448 episcopi
734 2375 883 2432 Redones·
924 2379 1121 2450 Frisingensis,
1145 2378 1275 2434 Chronic.
1296 2377 1360 2432 libr.
1382 2393 1417 2444 vr,
1442 2391 1493 2448 cap
1519 2373 1571 2434 33:
1595 2375 1723 2432 «Hicex

108 2461 203 2533 eisqui,
219 2463 347 2535 deposito
358 2464 533 2536 episcopatus
546 2480 641 2530 onere,
653 2481 713 2518 sese
730 2463 760 2518 in
773 2480 883 2520 monas·
923 2467 1010 2523 nobili
1031 2468 1202 2523 Francorum
1231 2466 1364 2539 prosapia
1383 2464 1529 2531 oriundus,
1555 2465 1723 2520 auctoritate

108 2553 189 2606 tarium
203 2555 229 2608 S.
244 2555 341 2610 Albini
355 2556 563 2626 andegavensis
586 2554 699 2626 recepit,
714 2560 800 2627 atque
812 2554 883 2610 inibi
922 2557 1025 2628 regalis
1044 2555 1213 2612 excellentiae
1236 2555 1380 2610 adsedem
1399 2554 1430 2609 B.
1460 2553 1537 2610 Petri
1564 2553 1722 2609 destinatus

106 2638 185 2696 induto
197 2645 351 2699 monastico
366 2644 463 2700 habitu
484 2651 581 2700 sancto
597 2645 652 2698 line
666 2650 785 2699 mortem
799 2661 882 2717 oppe-
920 2646 1022 2700 tuerat.
1033 2645 1159 2715 Cumque
1168 2649 1312 2714 assumpta
1321 2659 1447 2716 purpura
1457 2641 1610 2714 pontificali
1616 2641 1722 2698 Gallias

106 2727 155 2796 tir,
166 2733 232 2801 quod
251 2733 344 2787 disces
356 2749 389 2787 ex
405 2733 521 2804 antiqua
544 2733 573 2787 in
588 2732 760 2788 membranis
776 2734 880 2804 scripta
921 2727 1091 2805 iterageret,
1104 2732 1221 2803 contigit
1231 2747 1295 2787 eum
1309 2729 1721 2794 Cluniacumvenire,ubisorte

107 2816 205 2874 formula
214 2821 402 2876 denuntiandi
416 2827 537 2876 mortem
547 2821 671 2876 defuncti
685 2821 815 2878 monachi
831 2839 881 2878 css-
921 2829 988 2878 tunc
1001 2822 1208 2878 Hildebrandus
1230 2820 1381 2892 prioratus,
1406 2823 1439 2874 ut
1457 2817 1570 2885 dicitur,
1590 2817 1721 2874 obedieu-

104 2908 155 2960 teris
174 2910 295 2978 ejusdem
315 2910 456 2966 societatis
483 2909 671 2977 monasteriis,
689 2927 722 2964 ex
737 2911 834 2966 eodem
849 2911 877 2966 S.
920 2913 990 2967 tiam
1004 2909 1243 2968 administrabat:
1265 2909 1289 2964 is
1300 2909 1422 2964 Monam
1429 2907 1528 2961 adiens
1540 2905 1718 2960 aemulatione

103 2993 176 3049 Albini
188 2999 314 3054 caenobio
330 3004 468 3054 mutuata.
889 3001 969 3066 clici
983 3001 1093 3072 plenus,
1107 3002 1270 3054 constanter
1283 3011 1347 3052 euru
1363 2995 1398 3050 de
1416 2994 1539 3065 incoepto
1553 2993 1656 3063 arguit,
1666 2992 1719 3048 illi·

129 3083 255 3141 Universis
269 3088 358 3142 unius
369 3093 551 3142 sacrosancta
562 3086 684 3142 ecclesia
695 3086 879 3143 liliishunrilis
919 3088 1005 3143 citum
1015 3104 1076 3142 esse
1089 3086 1220 3158 inquiens
1240 3100 1290 3156 per
1309 3099 1424 3138 manum
1453 3081 1554 3137 laicam
1573 3096 1716 3136 summum

102 3175 254 3246 wnqmgatio
265 3175 343 3230 beati
352 3175 443 3230 Albini
451 3177 664 3246 andegavorum
673 3175 805 3248 episcopi,
822 3178 879 3248 ple·
920 3177 1078 3248 pontificem
1092 3173 1370 3245 adgubernationam
1382 3171 1469 3226 totius
1479 3167 1717 3226 Ecclesiaeviclen·

101 3273 150 3313 narn
164 3263 194 3316 de
208 3255 290 3318 hoste
305 3264 460 3329 victoriam,
490 3265 572 3320 etde
600 3264 717 3318 victoria
734 3281 875 3320 coronam.
919 3270 963 3320 ter
976 3263 1102 3320 introire.
1119 3263 1223 3318 Verum
1238 3261 1262 3316 si
1275 3260 1334 3316 suis
1348 3276 1378 3314 se
1396 3259 1510 3314 credere
1524 3258 1608 3312 vellet
1627 3256 1717 3312 conm-

101 3347 234 3419 lpostolica
248 3369 303 3407 nos
318 3353 452 3408 informat
478 3353 629 3408 auctoritas
643 3359 676 3408 ut
689 3370 739 3425 pro
759 3355 877 3410 invicem
917 3353 973 3419 liis,
989 3361 1142 3424 utrumque
1154 3355 1183 3405 et
1198 3350 1273 3422 quod
1287 3349 1421 3419 majestas
1435 3345 1591 3418 imperialis
1604 3345 1633 3400 in
1654 3345 1716 3419 ipso

100 3442 397 3507 euntes,alteralterius
408 3459 494 3497 onera
504 3443 877 3515 portemusetsicadimple-
918 3457 974 3496 non
989 3439 1179 3503 exacerbetur,
1200 3437 1331 3510 quodque
1349 3435 1464 3492 libertas
1474 3434 1602 3490 Ecclesia
1612 3434 1643 3489 in
1657 3434 1714 3490 ela·

99 3521 169 3582 binus
180 3530 267 3602 legem
284 3531 400 3586 Christi.
415 3533 517 3603 Legum
532 3531 620 3602 igitur
632 3531 734 3587 Christi
745 3549 796 3587 nos
803 3533 874 3587 servi
917 3529 1009 3585 ctione
1019 3529 1153 3584 canonica
1167 3531 1328 3591 renovetur,
1339 3541 1370 3580 se
1380 3523 1529 3597 pollicetur
1535 3523 1711 3591 effecturum,

98 3614 874 3691 Christipiasollicitudiuesdimpleresatagentesdenun·
915 3619 1054 3674 inclinans
1064 3635 1094 3672 se
1108 3617 1143 3671 ad
1163 3615 1302 3671 monitum
1324 3614 1394 3684 ejus,
1417 3628 1573 3685 purpuram
1586 3611 1711 3684 deponit,

98 3701 179 3759 lunas
190 3707 264 3762 vohis
279 3707 389 3762 obitura
401 3709 495 3762 domni
509 3708 635 3763 Marbcdi
645 3707 875 3781 venerabilisepi-
914 3707 1110 3779 peregrinique
1125 3704 1251 3760 habitum
1262 3718 1419 3769 assumens,
1430 3702 1536 3758 ducens
1545 3717 1640 3757 secum
1655 3700 1713 3756 llil·

97 3791 162 3862 scopi,
172 3813 281 3867 semper
296 3813 360 3851 eum
377 3797 458 3852 laude
469 3797 654 3862 memorandi,
671 3797 767 3868 lingua
780 3797 874 3853 lacun-
913 3795 1098 3860 debrendum,
1119 3795 1173 3848 iter
1191 3791 1291 3864 carpit.
1307 3790 1397 3862 Igitur
1410 3791 1446 3845 ad
1461 3789 1560 3846 urbem
1572 3805 1712 3863 usqueve-

97 3877 124 3940 di,
138 3882 262 3953 religione
277 3885 422 3957 praecipui,
439 3902 550 3940 morum
569 3886 715 3940 honestate
734 3886 868 3957 preclari,
912 3884 1003 3949 niens,
1015 3883 1131 3938 consilio
1147 3879 1360 3936 llildebrandia
1372 3879 1447 3934 clero
1468 3882 1497 3934 et
1515 3879 1619 3950 populo
1637 3879 1710 3934 Bru·

95 3964 227 4027 littemmm
243 3973 406 4029 eruditione
422 3973 586 4030 doctissimi.
606 3975 687 4045 cujus
705 3991 797 4029 serrno
812 3975 870 4030 sale
911 3988 947 4027 no
958 3973 986 4026 in
999 3987 1141 4027 summum
1157 3969 1319 4042 pontificem
1343 3968 1468 4040 eligitur,
1492 3967 1588 4038 sicque
1602 3972 1711 4022 utcum-

95 4070 182 4128 semper
190 4063 321 4118 conditus
333 4068 404 4129 erat,
419 4069 446 4118 et
456 4080 487 4118 ax
503 4079 551 4117 ore
567 4063 641 4117 illius
663 4063 739 4118 omni
763 4063 870 4119 dulcior
911 4077 965 4131 que
980 4061 1107 4115 Romana
1125 4057 1248 4113 Ecclesia
1261 4057 1296 4111 ad
1311 4055 1469 4111 faciendam
1488 4053 1653 4110 electionem
1669 4052 1711 4108 in·

94 4146 270 4207 nessessuebat
292 4151 392 4206 oratio.
415 4152 447 4205 Et
467 4151 594 4223 quamvis
610 4152 707 4206 eodem
731 4158 867 4224 tempore,
910 4148 1056 4204 formatur.
1082 4166 1095 4202 x
1113 4148 1141 4202 S.
1158 4145 1259 4201 Leonis
1280 4148 1361 4214 gasle
1382 4141 1548 4213 conscripsit
1564 4141 1709 4196 Wibertus

94 4234 156 4288 rariis
167 4240 264 4294 studiis
274 4245 337 4294 tota
348 4241 440 4294 Gallia
452 4247 606 4296 resonaret.
619 4241 678 4311 ipse
692 4245 787 4296 tamen
804 4257 868 4295 ora-
908 4244 1007 4293 auctor
1023 4243 1189 4302 coetaneus,
1202 4250 1265 4306 quae
1284 4239 1314 4288 et
1326 4231 1466 4303 evulgavit
1475 4229 1573 4285 doetus
1584 4228 1708 4284 Sirmon·
1755 4259 1758 4264 ·

93 4322 163 4378 barm
176 4328 386 4383 rexCallicanae
405 4345 497 4383 arcem
513 4329 678 4400 eloquentiae
709 4329 868 4400 specialiter
908 4327 970 4382 dus.

90 4407 867 4489 abnuebatTertiosiquidernldusSeptembrisinlrrmatus
943 4413 1366 4482 Lr'lr'sletdecsr‘scercopiscopus,
1381 4407 1439 4463 sive
1458 4404 1655 4482 Liceteldensis
1676 4404 1707 4459 in

89 4504 441 4578 arnepedspirirufortior,
452 4507 866 4570 excedensasreculo,v1vensin
906 4503 1016 4574 ungria.
1034 4503 1134 4557 Petrus
1149 4495 1489 4564 vocabaturantistesille,
1504 4496 1528 4550 si
1538 4493 1706 4567 conjecturis

88 4585 186 4652 Canale,
199 4609 250 4648 sua
264 4610 319 4649 nos
344 4593 465 4649 viduavit
487 4594 647 4666 prasentia,
663 4601 691 4650 et
705 4594 808 4650 amoris
823 4595 866 4650 sui
907 4591 1119 4662 indulgendum.
1142 4589 1287 4660 Siquidem
1313 4604 1330 4642 a
1348 4585 1502 4642 Lichfeldio
1531 4585 1637 4651 sedem,
1664 4599 1707 4639 re·

86 4671 158 4739 jaculo
178 4682 342 4736 vulneratos
366 4682 535 4737 intolerabili
550 4683 645 4737 dolore
659 4681 785 4738 coniecit.
810 4683 864 4748 Qui
904 4687 1009 4751 gnante
1022 4679 1172 4735 Guillelmo
1182 4675 1559 4751 prim0,Cestriamrernovit.
1570 4674 1622 4729 Vel
1636 4689 1704 4730 sane

86 4775 134 4828 post
146 4766 226 4840 longa
239 4770 400 4825 liberalium
416 4772 572 4827 studiorum
590 4771 671 4841 longe
682 4763 794 4842 lateque
806 4788 864 4827 ver·
905 4769 1006 4824 dixerit
1021 4769 1084 4840 quis
1096 4767 1271 4822 decessorem
1282 4763 1368 4828 illius,
1384 4763 1429 4820 eui
1444 4763 1554 4819 litteras
1567 4762 1650 4818 hasce
1662 4763 1705 4818 in·

87 4855 192 4909 undum
205 4859 351 4925 exercitia,
374 4858 475 4930 quibus
490 4859 518 4914 in
533 4859 727 4929 andegavensi
753 4860 864 4916 civitate
905 4858 1002 4913 scribit
1015 4872 1134 4928 maguus
1149 4853 1331 4920 Lanlrancus,
1346 4851 1579 4908 Leovinumfore.
1592 4852 1702 4906 atvero

84 4941 116 4992 mi
127 4943 245 5001 bmosus
254 4963 289 5001 ac
303 4948 543 5002 nominatissimus
558 4949 665 5002 exstitit
679 4948 813 5020 magister
826 4949 864 5002 ef·
904 4947 939 5001 de
957 4951 1086 5017 unoque,
1098 4961 1131 4999 ac
1144 4943 1179 4998 de
1194 4941 1326 5006 nefando,
1342 4941 1416 5013 quod
1440 4941 1485 4995 hic
1499 4945 1638 4995 memorat
1650 4940 1704 4994 cri-

84 5025 225 5088 bauaima
237 5034 359 5103 claruit3
385 5037 490 5091 electus
505 5053 522 5092 a
539 5036 771 5091 reverendissimo
792 5053 864 5109 papa
905 5035 980 5090 mine
994 5035 1026 5088 B.
1038 5032 1274 5104 archiepiscopus,
1290 5045 1432 5086 summum
1447 5035 1490 5084 est
1502 5028 1576 5101 apud
1590 5027 1703 5082 histori-

84 5111 174 5175 Urbano
186 5121 215 5178 in
229 5123 389 5179 Turonensi
400 5123 528 5190 concilio,
541 5131 643 5180 sancta
651 5125 725 5180 sedis
731 5124 861 5181 Ecclesia
902 5139 949 5177 cos
959 5121 1113 5178 silentium.
1131 5119 1206 5176 Petri
1224 5123 1320 5175 autem
1342 5133 1532 5173 successorem
1546 5115 1700 5170 Robertum

83 5200 245 5276 badonensis,
267 5217 409 5268 annuente
428 5213 556 5277 Domino,
579 5213 700 5295 pontifex
716 5213 862 5269 ordinatus
902 5211 1037 5282 sugillant
1059 5226 1130 5281 pene
1155 5224 1262 5272 omues,
1280 5207 1478 5279 allirmantque
1502 5205 1582 5258 illum
1606 5202 1700 5272 ipsum

81 5295 216 5359 trtQaam
241 5298 304 5369 ipse
322 5299 496 5370 dignitatem,
526 5300 584 5355 imo
610 5286 691 5364 onus',
721 5303 862 5356 accinctus
902 5299 1024 5354 avarities
1051 5299 1119 5354 vitio
1146 5298 1290 5365 infectum,
1319 5295 1499 5351 ecelesiarum
1531 5289 1701 5362 dilapidasse

81 5379 156 5444 gladio
167 5387 291 5456 Spiritus
311 5389 408 5454 sancti,
424 5389 490 5444 licet
502 5389 575 5444 inter
595 5388 728 5456 barbaros
742 5397 771 5444 et
783 5393 863 5445 natu·
903 5389 1058 5454 serenitates,
1075 5386 1201 5442 redditus
1215 5385 1385 5442 exhausisse.
1400 5383 1506 5437 Verum
1520 5377 1700 5448 chronologia

81 5465 120 5524 uli
133 5473 251 5543 quadam
267 5482 391 5532 annates
400 5477 520 5544 feritate,
532 5493 680 5548 perennes
689 5478 788 5550 viginti
799 5482 862 5535 octo
903 5493 966 5534 cum
977 5480 1124 5549 repugnet,
1140 5475 1243 5531 rationi
1260 5474 1376 5530 minime
1391 5487 1443 5526 nec
1456 5467 1576 5542 tempori
1585 5482 1700 5524 consen-
1735 5518 1737 5522 .
