4046 6186
256 255 324 314 1567
856 269 1074 329 anaemaris
1092 273 1296 330 DEUSDEDIT
1825 275 1894 332 1568

252 381 424 439 Athanasius
440 385 586 459 episeopus
601 389 805 447 Alexandrinus
815 394 911 450 scribit
921 395 951 450 B.
963 398 1084 458 FeliciA
1094 399 1190 462 locavi,
1206 401 1273 472 quia
1288 415 1357 470 pene
1371 415 1469 454 omnes
1482 400 1544 455 alia
1556 399 1632 464 bina,
1648 402 1710 456 aliae
1721 402 1804 473 plura
1817 402 1847 456 in
1863 416 1895 456 se

251 485 344 543 papae)
358 489 414 527 non
432 473 535 529 debere
550 475 655 548 absque
678 479 797 536 Romani
824 485 963 554 pontificis
985 505 1049 542 sen·
1092 490 1203 559 negotia
1215 489 1375 552 continent;
1391 495 1419 544 et
1433 490 1457 544 si
1471 491 1626 545 secundum
1640 507 1789 545 numerum
1804 509 1892 562 nego-

250 561 341 614 teatia
355 562 473 617 concilia
484 564 629 626 celebrari.
645 585 696 623 nec
710 570 854 642 episcopos
868 574 1008 638 damnari,
1022 582 1051 632 et
1091 577 1194 632 tiorum
1208 579 1356 650 dequibus
1370 585 1460 649 agunt
1471 579 1629 649 acciperent
1642 581 1804 638 sectionem.
1822 582 1893 635 mihi

251 650 347 704 omnia
358 653 466 722 majora
478 655 592 724 negotia
607 656 641 710 ad
657 659 781 728 ejusdem
794 662 932 731 judicium
947 665 1049 722 debere
1090 667 1213 721 laborem
1230 669 1393 739 plurimum.
1409 674 1438 722 et
1452 669 1611 723 auctoritati
1621 668 1754 722 afferrent
1768 671 1891 740 deroga-

249 736 362 792 deterri.
376 739 431 794 Sed
443 745 471 795 et
486 742 650 798 Sardioense
662 747 820 812 concilium,
837 751 910 821 quod
926 749 978 808 300
993 755 1049 824 epi·
1090 757 1212 811 tionem:
1226 758 1344 828 ideoque
1356 774 1455 812 aroneo
1464 758 1639 829 scriptorem.
1651 773 1686 811 ne
1702 761 1789 812 lector
1801 760 1892 829 gravi-

249 841 347 897 scopos
370 827 469 883 habuit
493 834 564 884 teste
580 832 730 887 universali
745 837 862 906 synode,
883 855 945 910 quae
958 857 975 894 a
990 843 1049 897 suis
1089 847 1310 910 terollendatur,
1322 847 1516 902 utnonselum
1527 847 1556 901 in
1567 848 1763 901 emendatione
1773 848 1888 910 codicis,

247 914 439 972 conditoribus
453 924 551 974 octava
563 919 675 986 dicitur,
687 924 809 995 capitulo
819 925 846 990 3,
858 934 887 982 et
897 930 922 992 l,
933 936 962 984 et
975 932 1043 997 (tior.
1088 952 1185 990 verum
1200 936 1285 990 etiam
1302 936 1331 990 in
1344 935 1472 1008 utrisque
1482 937 1607 990 numeris
1623 942 1698 990 recte
1709 955 1739 990 se
1753 936 1890 993 habendis

243 1016 283 1058 vn
304 1009 328 1058 et
347 1009 375 1070 x)
389 1005 414 1070 6,
430 1013 458 1061 et
471 1005 497 1074 9,
513 1009 611 1064 eadem
632 1013 741 1067 statuit.
759 1020 788 1068 et
801 1015 841 1070 ita
858 1017 932 1072 inter
946 1026 1046 1076 caetera
1087 1033 1116 1080 et
1129 1025 1288 1081 cautissime
1301 1026 1484 1081 emendandis
1493 1026 1669 1096 diligentiam
1680 1027 1824 1094 adhibeat,
1835 1029 1890 1082 sci·

245 1090 276 1146 B.
287 1109 367 1165 papae
375 1095 449 1150 Julio
456 1098 580 1169 scripsit:
594 1102 734 1168 Optimam
742 1109 765 1156 et
774 1106 1045 1175 oetdeconpraentis·
1085 1115 1151 1170 licet
1162 1117 1191 1170 in
1201 1133 1234 1170 eo
1245 1118 1292 1188 qui
1307 1117 1468 1188 suppositus
1478 1123 1521 1171 est
1533 1117 1691 1188 quibusque
1702 1118 1845 1187 capitulis,
1859 1125 1890 1172 et

243 1183 349 1236 simum
359 1201 413 1239 erse
427 1187 574 1250 videbitur,
589 1192 614 1242 si
628 1191 666 1244 ad
679 1197 770 1259 eaput,
782 1195 812 1247 id
826 1197 909 1248 estod
924 1199 952 1250 li.
968 1201 1045 1254 Petri
1085 1204 1152 1259 item
1165 1205 1195 1259 in
1210 1223 1242 1260 ee
1267 1206 1314 1278 qui
1329 1222 1378 1277 per
1394 1210 1485 1261 totum
1510 1206 1633 1261 codicem
1656 1206 1824 1277 prepositus
1844 1214 1888 1261 est

242 1275 1045 1350 apostolisalemdesinpulisquibusqueprovincr'isDeraini
1085 1293 1202 1364 singulis
1216 1295 1455 1350 deflorationibus.
1614 1357 1617 1364 Ι

242 1360 368 1425 reserant
382 1365 540 1417 sacerdotes.
553 1366 625 1420 Huic
637 1371 723 1421 etiam
735 1375 800 1423 ante
814 1369 891 1426 illam
905 1375 1043 1444 synodum
1119 1384 1206 1439 Porro
1221 1386 1244 1444 si
1259 1401 1315 1457 qua
1334 1385 1380 1439 hic
1395 1386 1509 1451 inserta,
1526 1385 1600 1458 quod
1618 1384 1702 1440 etiam
1717 1385 1747 1438 in
1762 1401 1885 1456 evange.

241 1450 355 1502 tantum
370 1452 532 1507 reverentiae
544 1453 579 1508 ab
593 1455 716 1526 antiquis
731 1457 861 1513 Patribus
875 1461 978 1531 legitur
992 1464 1043 1517 im·
1084 1473 1156 1528 listis
1178 1491 1251 1544 saepe
1275 1474 1421 1544 contingit,
1442 1473 1496 1528 sihi
1517 1475 1633 1528 invicem
1648 1474 1791 1528 contraria
1807 1475 1884 1527 ende.

242 1538 527 1609 persuasissent
548 1543 596 1596 ille
614 1543 733 1614 insignis
748 1555 856 1619 martyr
874 1551 1040 1621 cyprianus,
1083 1561 1207 1626 buitim:
1229 1564 1396 1618 discretione
1420 1563 1545 1618 adhibita
1568 1561 1648 1617 facite
1669 1561 1787 1632 patebit,
1809 1565 1885 1634 quod

241 1624 379 1682 Alricanae
393 1629 540 1699 provincia
553 1631 670 1702 primas,
680 1635 791 1705 legatur
805 1637 833 1690 in
846 1638 904 1692 suis
917 1641 1042 1710 epistolis
1083 1667 1174 1722 neque
1189 1651 1251 1718 sibi,
1264 1669 1315 1706 nee
1330 1658 1408 1706 extra
1419 1653 1517 1724 positis
1529 1651 1676 1722 scripturis
1686 1651 1883 1706 adversentur.

239 1715 469 1786 Psfflbytesffl'um
479 1724 508 1773 ei
522 1719 703 1778 dlfl⁰⁰¹¹0l¹1¹¹¹
720 1725 875 1780 R0¹1¹2¹¹³¹11
888 1728 1039 1784 Ecclesiam
1049 1759 1072 1818 Β
1083 1739 1161 1803 Quod
1173 1741 1196 1794 si
1206 1747 1334 1812 patenter
1344 1742 1485 1795 adversari
1494 1741 1650 1811 contigerit,
1661 1739 1780 1794 interior
1789 1747 1885 1794 aucte-

239 1806 1040 1882 postmartyriumFabianigubernantiumstatutishumi·
1082 1829 1150 1884 ritas
1159 1831 1260 1900 potiori
1270 1831 1369 1886 cedere
1379 1831 1606 1902 debebitltaque
1616 1829 1882 1901 primumdessorau'

239 1891 306 1947 liter
316 1894 452 1964 paruisse,
464 1902 492 1950 et
506 1914 603 1953 eorum
618 1917 679 1971 quae
690 1903 763 1972 apud
777 1919 856 1958 suain
870 1908 1041 1976 provinciam
1082 1920 1312 1990 quaeqneoptima
1320 1921 1354 1975 de
1363 1921 1529 1991 quibusdam
1539 1917 1745 1973 universalibus
1752 1918 1881 1989 synodis,

238 1985 419 2050 gerebantur,
429 1985 543 2041 directis
551 1988 587 2042 ad
598 2005 645 2043 eos
656 1991 791 2061 epistolis,
803 1995 939 2050 rationein
949 1999 1041 2054 reddi·
1081 2007 1110 2062 id
1121 2014 1163 2062 est
1177 2009 1298 2072 Nicaeam,
1312 2010 1452 2081 Ephesina
1464 2007 1797 2080 prima‚chalccdonensi
1808 2013 1836 2060 et
1846 2021 1882 2070 vr,

240 2067 325 2125 disse.
338 2071 412 2136 Quin
425 2075 510 2130 etiam
519 2077 595 2131 idem
606 2078 696 2134 clerus
709 2080 812 2151 legitur
825 2083 854 2138 in
869 2086 993 2156 epistolis
1004 2090 1040 2144 ad
1081 2103 1110 2150 et
1123 2112 1173 2164 vn,
1191 2103 1219 2152 et
1233 2113 1363 2169 v1u,quae
1377 2099 1480 2170 partim
1494 2105 1651 2168 aquatuer.
1664 2096 1722 2150 sive
1731 2111 1748 2148 a
1757 2095 1884 2166 quinque

240 2159 371 2213 eumdem
384 2162 555 2234 cyprianum
565 2167 669 2232 missis,
682 2175 710 2223 ct
723 2171 758 2224 ad
770 2172 904 2236 Siciliam,
917 2181 945 2230 et
954 2178 990 2231 ad
999 2179 1040 2232 di·
1080 2187 1256 2256 patriarchis,
1275 2187 1310 2240 ab
1331 2203 1428 2242 eorum
1450 2186 1552 2258 partim
1571 2184 1683 2238 vicariis
1696 2183 1749 2239 sub
1763 2184 1884 2237 diversis

237 2260 334 2300 uersas
349 2255 442 2318 partes
458 2252 590 2322 epistolas
605 2256 750 2324 direxisse,
764 2265 793 2314 et
807 2262 930 2324 nondum
946 2267 1040 2336 prasi-
1079 2276 1253 2346 temporibus
1265 2276 1461 2331 universaliter
1470 2273 1702 2330 celebrataiuisse
1711 2277 1881 2327 noscuntur.

239 2332 459 2394 deuteCornelio
471 2343 742 2411 proimminentibus
753 2353 1038 2422 tunenegotiisetiam
1079 2365 1119 2419 De
1134 2382 1253 2436 quarum
1267 2367 1445 2426 auctoritate,
1456 2366 1510 2420 nisi
1525 2365 1572 2436 qui
1588 2363 1720 2427 insaniat,
1734 2378 1821 2416 nemo
1832 2363 1882 2416 du.

237 2421 275 2476 ad
294 2424 490 2484 celebrandam
513 2431 608 2487 Romae
623 2435 762 2505 synodum
779 2438 923 2512 episcopos
937 2459 1038 2500 eonve-
1079 2453 1158 2508 bitet.
1176 2456 1229 2510 Sed
1245 2461 1273 2509 et
1285 2456 1320 2510 de
1335 2455 1451 2527 reliquis
1469 2454 1594 2508 conciliis
1612 2451 1809 2509 Orientalibus
1824 2468 1882 2505 non

238 2527 327 2568 casse·
1079 2543 1129 2597 abs
1142 2561 1171 2598 re
1182 2545 1276 2614 putavi
1290 2561 1351 2616 quaa
1361 2560 1485 2614 congrua
1496 2544 1554 2598 visa
1562 2548 1628 2597 sant
1637 2549 1780 2604 mutuare.
1791 2557 1810 2594 a
1821 2543 1882 2612 qni·

274 2601 342 2666 Qut!
356 2620 419 2659 ⁰¹1¹ss
442 2605 482 2660 ila
505 2607 570 2670 Sint*
588 2611 656 2664 satis
675 2612 792 2684 impium
814 2616 924 2672 Videtur
938 2636 1037 2689 ‘luem'
1078 2630 1130 2686 bus
1144 2633 1270 2688 ridebam
1286 2635 1426 2688 Romanos
1448 2633 1593 2705 pontifices
1613 2631 1642 2685 in
1663 2631 1723 2686 suis
1737 2630 1881 2688 eonstitu-

235 2689 306 2744 libet
327 2693 375 2763 qui
391 2694 550 2751 Christiano
573 2701 687 2755 nomine
710 2702 855 2772 glorietur,
871 2707 1037 2763 Christianis
1077 2720 1210 2784 amnibus,
1224 2723 1297 2791 quod
1312 2728 1340 2776 er
1355 2721 1483 2776 curiosus
1498 2721 1585 2775 lactor
1598 2718 1813 2790 deprehendere
1828 2737 1880 2790 ρο.

235 2781 410 2850 temporibus
426 2783 558 2842 Romanae
573 2787 702 2843 ECClOSlae
726 2793 839 2848 monilis
853 2811 909 2850 110ss
924 2797 1037 2868 achle·
1078 2811 1152 2876 terit,
1164 2812 1360 2866 auctoritatem
1372 2812 1521 2881 sscceplsse.
1531 2811 1671 2865 Ppaeoereg
1685 2809 1818 2880 quaedgm
1833 2825 1880 2863 35.

229 2884 324 2940 scere,
341 2887 404 2926 eum
419 2873 472 2928 sub
486 2877 687 2946 persecutionis
707 2881 873 2938 crudelitate
886 2885 944 2939 Deo
959 2886 1036 2958 digni
1077 2899 1185 2970 sumpsi
1199 2901 1234 2954 ne
1248 2901 1462 2970 Carthaginensi
1478 2899 1595 2972 synodo,
1611 2915 1672 2970 quae
1693 2897 1778 2952 22⁰0
1795 2902 1826 2952 et
1850 2899 1879 2954 li

234 2959 381 3028 pontifices
395 2966 453 3016 tam
468 2963 567 3019 devote
579 2968 734 3036 paruerint.
747 2971 833 3028 etiam
846 2973 912 3027 dum
927 2982 1037 3030 careret
1077 2987 1213 3060 episcopis
1225 2989 1276 3043 sub
1293 3007 1365 3062 papa
1379 2990 1488 3044 zosimo
1502 2994 1565 3043 acan
1579 2994 1631 3052 est,
1647 2987 1836 3058 pnaesentibns
1851 2994 1881 3041 et

232 3048 374 3118 pontifice.
395 3051 532 3107 Arbitrati
554 3055 656 3127 quippe
674 3065 740 3112 sunt
759 3059 855 3115 Patres
870 3063 969 3132 spiritu
985 3033 1164 3147 Deicjpsjus
1186 3079 1286 3148 legatis
1309 3079 1443 3133 Faustino
1467 3078 1606 3149 episcopo,
1629 3082 1657 3132 et
1680 3077 1826 3148 philippo,
1851 3085 1880 3132 et

231 3137 318 3207 pleni,
331 3137 427 3194 beatos
441 3143 582 3212 apostolos
598 3145 711 3202 Petrum
724 3155 752 3202 et
762 3151 880 3206 Paulum
891 3153 919 3206 in
930 3171 963 3208 ea
973 3173 1033 3210 ma·
1074 3164 1167 3218 Asello
1183 3167 1361 3238 presbyteris,
1377 3168 1406 3222 in
1419 3183 1475 3238 qua
1494 3167 1597 3221 eisdem
1613 3166 1803 3238 praesentibns
1815 3183 1879 3221 con-

228 3225 339 3296 BnffiClS
354 3229 462 3284 mefitis
478 3231 569 3287 illese
587 3240 616 3287 el
637 3253 765 3308 Plffississss,
781 3239 932 3313 fidemque,
948 3261 1032 3315 quam
1074 3254 1187 3308 firmata
1201 3264 1268 3309 sunt
1280 3262 1309 3311 et
1320 3257 1426 3310 inserta
1438 3257 1528 3310 eidem
1541 3255 1657 3327 synodo,
1668 3254 1805 3310 Africana
1814 3273 1879 3310 eon-

230 3317 266 3372 ab
281 3319 386 3374 eisdem
405 3325 537 3394 suscepit,
559 3343 620 3397 quae
635 3327 664 3382 in
680 3335 739 3384 toto
755 3333 869 3396 mundo,
888 3335 984 3390 eodem
997 3338 1029 3391 B.
1073 3342 1137 3396 cilia
1162 3343 1277 3398 diversis
1303 3345 1449 3416 capitibus,
1469 3345 1504 3399 de
1527 3344 1627 3416 quibus
1649 3345 1832 3408 Caelestinus,
1849 3353 1877 3400 et

229 3405 319 3462 Paulo
330 3413 667 3477 attestante,annuntiata
676 3419 886 3488 estetlaudata,
895 3422 1031 3478 incudem
1073 3430 1268 3502 Symmachus,
1284 3438 1312 3488 et
1325 3435 1485 3488 Hadrianus
1495 3434 1622 3506 quadam
1633 3433 1768 3488 videntur
1777 3435 1808 3489 in
1818 3436 1877 3489 suis

228 3497 355 3566 usquein
365 3501 531 3556 saeeulanon
544 3503 675 3570 deiicere;
692 3506 740 3560 sed
756 3515 788 3560 ut
801 3509 891 3564 eidem
904 3511 934 3564 B.
947 3513 1030 3568 Petro
1071 3519 1191 3576 decretis
1205 3523 1338 3578 inserere.
1354 3525 1386 3577 Et
1400 3524 1533 3594 quoniam
1549 3524 1736 3590 adversarius,
1748 3524 1820 3578 dum
1834 3543 1878 3579 ra·

228 3581 399 3652 imperatum
423 3588 523 3653 iuerat,
542 3608 742 3664 usquequaque
763 3599 867 3666 positos
886 3599 986 3655 fratres
1001 3602 1031 3656 in
1071 3609 1141 3663 tioni
1153 3611 1319 3670 succumbit.
1328 3613 1522 3668 auctoritatem
1533 3613 1661 3678 infamat,
1672 3614 1823 3668 sciendum
1833 3623 1877 3668 est

229 3670 327 3727 eadem
342 3673 397 3727 tide
411 3679 586 3733 confirmare.
607 3680 671 3734 llaec
685 3683 736 3736 etsi
752 3684 892 3740 interdum
908 3689 1031 3746 adversis
1072 3700 1204 3769 quoniam
1220 3702 1315 3755 omnia
1332 3701 1447 3756 concilia
1462 3702 1519 3756 sive
1538 3701 1716 3768 universalia,
1732 3704 1794 3757 sire
1808 3722 1875 3775 pro-

228 3760 325 3814 mundi
335 3761 448 3817 flatibus
458 3767 636 3837 opprimitur,
648 3771 755 3825 meritis
765 3777 860 3828 tamen
870 3775 1028 3848 principum
1072 3787 1210 3854 vincialia,
1224 3807 1285 3860 quae
1304 3796 1370 3845 ante
1385 3791 1639 3845 Chalcedonensen
1652 3792 1796 3862 synodum
1812 3801 1876 3847 acta

225 3850 426 3920 apostolorum,
444 3855 491 3924 qui
509 3855 537 3908 in
552 3873 585 3910 ea
600 3863 629 3912 et
643 3860 738 3914 vivunt
751 3867 779 3915 et
797 3865 956 3933 president,
972 3885 1027 3923 non
1069 3876 1190 3943 inerant,
1203 3885 1301 3948 postea
1309 3879 1474 3934 confirmata
1487 3885 1516 3934 et
1526 3879 1706 3934 corroborata
1714 3880 1835 3936 suerunt
1845 3883 1875 3936 ia

224 3934 362 3994 obruitur.
380 3941 518 4006 Quoniam
533 3947 585 4000 etsi
610 3948 761 4019 aliquando
784 3952 820 4006 ad
834 3955 1028 4025 probationem
1069 3967 1166 4021 eadem
1180 3985 1239 4038 cap.
1253 3967 1279 4028 l.
1291 3969 1416 4039 quodita
1428 3969 1569 4024 sehabet:
1581 3971 1874 4036 sanctasanctorum

223 4036 313 4098 ports
334 4029 417 4086 inferi
440 4033 573 4089 adversus
586 4053 649 4090 eam
663 4040 766 4108 valent,
781 4047 876 4098 tamen
890 4045 956 4100 lesu
972 4047 1027 4101 Do·
1068 4057 1186 4109 Parrum
1198 4073 1248 4124 per
1257 4060 1369 4124 stapulo
1383 4075 1458 4112 nune
1468 4074 1553 4126 usque
1564 4060 1682 4111 concilia
1693 4064 1873 4128 constitutus,

223 4115 302 4171 mino
316 4126 415 4174 orante
431 4138 481 4192 pro
504 4124 559 4177 side
582 4126 658 4180 Pet-ri
678 4144 713 4181 ne
728 4129 850 4197 deficiat,
867 4135 1027 4190 nullatcnus
1065 4147 1213 4212 propriam
1224 4147 1310 4199 robur
1322 4148 1442 4200 obtinere
1449 4147 1705 4200 decrevimusNam
1717 4147 1876 4203 Chalcedo-

222 4206 384 4275 praevalent.
392 4207 492 4280 Itaque
501 4229 552 4282 ege
560 4217 735 4272 auctoritatis
744 4219 1024 4294 ipsiusprivilegium,
1067 4248 1154 4287 nense
1177 4234 1324 4289 concilium
1348 4251 1365 4288 a
1387 4233 1440 4290 630
1466 4234 1593 4290 Patribus
1611 4236 1663 4289 sub
1684 4235 1780 4290 Leone
1798 4255 1876 4309 papa

223 4309 278 4364 quo
294 4297 370 4350 omni
391 4299 542 4354 christiano
562 4303 621 4357 orbi
643 4309 814 4374 praeminet,
831 4311 1025 4380 ignorantibus
1065 4327 1186 4388 gestum,
1197 4327 1238 4375 est
1249 4323 1310 4392 ejus
1320 4323 1496 4378 auctoritatis
1506 4339 1538 4378 ae
1549 4323 1742 4382 firmitudinis.
1753 4331 1787 4378 ut
1797 4329 1873 4396 quis·

222 4385 381 4453 patefacere
396 4389 519 4459 cupiens.
538 4389 659 4447 Domino
674 4395 743 4448 mihi
758 4414 838 4469 opem
854 4401 970 4466 terente,
992 4384 1129 4478 exunis
1139 4411 1200 4479 ejus
1210 4410 1379 4465 soliditatem
1390 4427 1445 4466 non
1455 4417 1541 4466 tenet.
1552 4412 1772 4482 cujustibetvitae
1782 4423 1875 4486 atque

221 4472 473 4530 rariissanctorum
481 4479 1022 4563 Petrumethristianorumprincipum
1066 4496 1184 4552 actimis
1198 4499 1307 4560 existat,
1325 4507 1356 4554 ut
1378 4501 1409 4555 B.
1426 4501 1579 4570 Gregorius
1595 4502 1644 4565 ait,
1666 4501 1779 4556 etiamsi
1797 4503 1874 4574 lapis

222 4563 446 4624 auctoritatibus,
458 4567 612 4636 potioribus
623 4571 779 4644 quibusque
789 4575 817 4628 in
829 4593 915 4631 unum
926 4596 1013 4651 conge
1065 4601 1126 4639 esse
1138 4587 1273 4652 videatur,
1285 4595 1364 4644 extra
1379 4589 1428 4643 Dei
1442 4590 1590 4644 aedilicium
1602 4591 1704 4660 jaceat.
1717 4591 1774 4644 Sed
1790 4599 1823 4646 et
1837 4595 1874 4646 de

222 4647 283 4712 stis,
296 4653 909 4732 praescnsdetloraviopusculumquadrifaria
919 4668 1023 4740 disper·
1064 4677 1873 4750 auctoritatccanonumapostolorumquiperlilementem

221 4733 304 4790 titum
315 4739 475 4808 partitione.
487 4744 559 4798 Nam
576 4746 682 4816 primus
695 4750 765 4804 liber
777 4753 901 4809 continet
917 4758 1024 4826 privile·
1064 4763 1220 4818 Romanum
1235 4767 1393 4837 pontificem
1405 4768 1540 4822 detiraeco
1552 4768 1580 4822 in
1591 4769 1721 4822 Latinum
1733 4771 1873 4825 translat-i

219 4823 298 4893 gium
327 4829 503 4884 auctoritatis
530 4834 655 4903 ejusdem
681 4838 813 4895 Romanae
836 4843 963 4901 Ecclesiae
990 4849 1024 4902 Et
1064 4849 1206 4917 dicuntur,
1230 4870 1347 4924 quorum
1363 4855 1447 4908 etiam
1463 4856 1629 4910 auctoritate
1643 4870 1681 4910 vn
1696 4859 1873 4914 universalis

220 4915 353 4984 quoniam
371 4917 491 4972 Ecclesia
512 4922 572 4975 sine
589 4924 662 4978 olere
685 4943 736 4980 suo
761 4945 821 4984 esse
844 4947 898 4986 non
919 4941 1020 5004 petest,
1063 4940 1187 5009 synodus
1199 4943 1313 4996 Patrum
1325 4957 1397 4998 econ
1411 4949 1440 4998 et
1453 4944 1527 4998 idern
1539 4945 1691 5015 Gregorius
1702 4947 1731 4999 in
1747 4965 1802 5002 suo
1817 4949 1874 5003 Rus

217 5017 310 5074 neque
322 5005 414 5060 clerus
428 5006 534 5078 absque
550 5009 632 5064 rebus
643 5015 743 5083 quibus
753 5021 948 5089 temporaliter
958 5025 1022 5078 sub·
1061 5029 1150 5099 gistro
1163 5038 1203 5084 uti
1218 5031 1337 5097 videtur,
1346 5033 1381 5087 de
1393 5050 1521 5104 querum,
1539 5035 1664 5106 inquam,
1681 5043 1710 5090 et
1723 5054 1873 5107 quorum-

217 5091 315 5161 sistat;
332 5094 397 5148 huie
412 5095 542 5166 subjunxi
557 5101 709 5155 secundum
725 5113 754 5158 et
767 5109 881 5162 tertium
897 5110 931 5164 de
947 5113 1021 5168 clero
1062 5115 1131 5171 libet
1144 5117 1262 5172 aliorum
1278 5137 1416 5176 canonum
1439 5123 1604 5177 auctoritate
1623 5125 1793 5179 Anastasius
1810 5127 1872 5181 Re·

217 5185 246 5234 et
258 5182 343 5237 rebus
354 5184 479 5253 ejusdem
491 5187 707 5254 Ecclesioe.Quia
718 5209 782 5246 vero
793 5197 884 5250 sacnti
896 5207 1020 5268 potestas
1062 5219 1151 5258 manse
1167 5207 1294 5261 Ecclesiae
1310 5207 1535 5264 bibliothecarius
1551 5211 1578 5264 in
1601 5213 1717 5282 prologo
1732 5215 1870 5283 ejusdem

215 5267 265 5323 Dei
278 5271 429 5327 Ecclesiam
446 5273 496 5328 sibi
516 5279 668 5348 subjugare
682 5282 789 5340 nititur.
807 5284 921 5340 libertas
933 5289 1019 5358 ipsius
1061 5307 1099 5346 ru
1115 5295 1404 5367 universalissynodi,
1424 5315 1507 5369 quam
1523 5300 1557 5354 de
1572 5301 1668 5355 Graeco
1683 5301 1711 5354 in
1726 5303 1871 5359 Latinum

216 5364 244 5412 et
258 5359 324 5412 cleri
337 5367 365 5414 at
378 5378 472 5417 rerum
485 5367 555 5436 ejus,
569 5368 651 5421 tertio
662 5375 689 5422 et
701 5371 819 5425 rriaxime
831 5383 931 5443 quarto
946 5378 1016 5432 libro
1059 5384 1210 5442 transtulit.
1219 5385 1319 5438 loanni
1332 5387 1392 5441 Vlll
1403 5405 1482 5459 papae
1492 5390 1532 5443 ita
1541 5391 1653 5444 scribit:
1666 5393 1870 5448 Pradecesser*

215 5446 358 5502 evidenter
372 5454 537 5508 ostenditur.
560 5457 690 5526 Singulas
705 5467 799 5513 autem
820 5463 1016 5522 deflorationes
1057 5478 1144 5524 aestro
1166 5475 1214 5526 ΡΙ).
1230 5475 1366 5540 Stephano
1381 5483 1406 5528 et
1421 5481 1573 5544 apostolatu
1594 5485 1680 5533 restro
1698 5481 1870 5536 decernenti·

215 5532 487 5605 huieoperiinsertas
489 5544 701 5612 juxtaordiaem
708 5549 895 5619 capitulorum
901 5554 1016 5610 uaiuime
1058 5575 1114 5613 non
1125 5565 1236 5615 tentum
1246 5567 1315 5618 setes
1325 5569 1512 5631 apostotorum
1523 5571 1729 5637 quoinquoptntu
1738 5585 1869 5628 canoras
