<?xml version="1.0" encoding="UTF-8"?>
<!DOCTYPE html PUBLIC "-//W3C//DTD XHTML 1.0 Transitional//EN"
    "http://www.w3.org/TR/xhtml1/DTD/xhtml1-transitional.dtd">
<html xmlns="http://www.w3.org/1999/xhtml" xml:lang="en" lang="en">
 <head>
  <title>
</title>
<meta http-equiv="Content-Type" content="text/html;charset=utf-8" />
  <meta name='ocr-system' content='tesseract 3.04.00' />
  <meta name='ocr-capabilities' content='ocr_page ocr_carea ocr_par ocr_line ocrx_word'/>
</head>
<body>
  <div class='ocr_page' id='page_1' title='image "./patrologiaecurs92unkngoog_0721.png"; bbox 0 0 3970 6172; ppageno 0'>
   <div class='ocr_carea' id='block_1_1' title="bbox 218 341 1846 408">
    <p class='ocr_par' dir='ltr' id='par_1_1' title="bbox 218 341 1846 408">
     <span class='ocr_line' id='line_1_1' title="bbox 218 341 1846 408; baseline 0.003 -8"><span class='ocrx_word' id='word_1_1' title='bbox 218 341 286 402; x_wconf 76' lang='lat' dir='ltr'><strong>rtet</strong></span> <span class='ocrx_word' id='word_1_2' title='bbox 710 344 924 402; x_wconf 80' lang='lat' dir='ltr'>GILLEBER&#39;PI</span> <span class='ocrx_word' id='word_1_3' title='bbox 942 345 1111 404; x_wconf 78' lang='lat' dir='ltr'><strong>nonnum</strong></span> <span class='ocrx_word' id='word_1_4' title='bbox 1128 347 1360 408; x_wconf 80' lang='lat' dir='ltr'>ELNONENSIS</span> <span class='ocrx_word' id='word_1_5' title='bbox 1774 346 1846 407; x_wconf 72' lang='lat' dir='ltr'><strong>titt</strong></span> 
     </span>
    </p>
   </div>
   <div class='ocr_carea' id='block_1_2' title="bbox 199 463 1845 760">
    <p class='ocr_par' dir='ltr' id='par_1_2' title="bbox 199 463 1845 760">
     <span class='ocr_line' id='line_1_2' title="bbox 199 463 1845 590; baseline 0.009 -74"><span class='ocrx_word' id='word_1_6' title='bbox 199 463 330 590; x_wconf 61' lang='lat' dir='ltr'><strong>qenpplit</strong></span> <span class='ocrx_word' id='word_1_7' title='bbox 343 478 394 538; x_wconf 85' lang='lat' dir='ltr'><strong>pas</strong></span> <span class='ocrx_word' id='word_1_8' title='bbox 407 463 490 522; x_wconf 82' lang='lat' dir='ltr'><strong>l’idte</strong></span> <span class='ocrx_word' id='word_1_9' title='bbox 506 479 564 538; x_wconf 88' lang='lat' dir='ltr'><strong>que</strong></span> <span class='ocrx_word' id='word_1_10' title='bbox 579 479 651 521; x_wconf 88' lang='lat' dir='ltr'><strong>nous</strong></span> <span class='ocrx_word' id='word_1_11' title='bbox 669 468 762 526; x_wconf 86' lang='lat' dir='ltr'><strong>donne</strong></span> <span class='ocrx_word' id='word_1_12' title='bbox 775 470 811 526; x_wconf 89' lang='lat' dir='ltr'><strong>de</strong></span> <span class='ocrx_word' id='word_1_13' title='bbox 829 475 902 530; x_wconf 88' lang='lat' dir='ltr'><strong>cette</strong></span> <span class='ocrx_word' id='word_1_14' title='bbox 918 470 995 546; x_wconf 68' lang='lat' dir='ltr'><strong>pisce</strong></span> <span class='ocrx_word' id='word_1_15' title='bbox 1012 473 1157 530; x_wconf 86' lang='lat' dir='ltr'><strong>anmoins</strong></span> <span class='ocrx_word' id='word_1_16' title='bbox 1178 475 1270 533; x_wconf 75' lang='lat' dir='ltr'><strong>meme</strong></span> <span class='ocrx_word' id='word_1_17' title='bbox 1293 474 1329 533; x_wconf 89' lang='lat' dir='ltr'><strong>de</strong></span> <span class='ocrx_word' id='word_1_18' title='bbox 1349 474 1563 544; x_wconf 84' lang='lat' dir='ltr'><strong>Saint-Amaud‚</strong></span> <span class='ocrx_word' id='word_1_19' title='bbox 1581 473 1708 547; x_wconf 87' lang='lat' dir='ltr'><strong>lorsqa’il</strong></span> <span class='ocrx_word' id='word_1_20' title='bbox 1724 473 1767 530; x_wconf 93' lang='lat' dir='ltr'><strong>dit</strong></span> <span class='ocrx_word' id='word_1_21' title='bbox 1784 473 1845 530; x_wconf 73' lang='lat' dir='ltr'><strong>acc</strong></span> 
     </span>
     <span class='ocr_line' id='line_1_3' title="bbox 230 551 1271 684; baseline 0.015 -24"><span class='ocrx_word' id='word_1_22' title='bbox 230 551 258 606; x_wconf 53' lang='lat' dir='ltr'><strong>us</strong></span> <span class='ocrx_word' id='word_1_23' title='bbox 297 576 303 591; x_wconf 44' lang='grc' dir='ltr'>Ι</span> <span class='ocrx_word' id='word_1_24' title='bbox 586 610 744 684; x_wconf 81' lang='lat' dir='ltr'><strong>Suseeptom</strong></span> <span class='ocrx_word' id='word_1_25' title='bbox 758 616 1019 684; x_wconf 81' lang='lat' dir='ltr'><strong>querulcdilbertus</strong></span> <span class='ocrx_word' id='word_1_26' title='bbox 1032 621 1271 676; x_wconf 84' lang='lat' dir='ltr'><strong>cormincclodem</strong></span> 
     </span>
     <span class='ocr_line' id='line_1_4' title="bbox 585 685 1234 760; baseline 0.015 -20"><span class='ocrx_word' id='word_1_27' title='bbox 585 685 768 753; x_wconf 72' lang='lat' dir='ltr'><strong>Constiterat,</strong></span> <span class='ocrx_word' id='word_1_28' title='bbox 782 691 881 741; x_wconf 77' lang='lat' dir='ltr'><strong>mestis</strong></span> <span class='ocrx_word' id='word_1_29' title='bbox 892 691 1124 760; x_wconf 78' lang='lat' dir='ltr'><strong><em>prosequiturque</em></strong></span> <span class='ocrx_word' id='word_1_30' title='bbox 1135 692 1234 750; x_wconf 85' lang='lat' dir='ltr'><strong>modis.</strong></span> 
     </span>
    </p>
   </div>
   <div class='ocr_carea' id='block_1_3' title="bbox 217 802 1848 1606">
    <p class='ocr_par' dir='ltr' id='par_1_3' title="bbox 217 802 1847 1032">
     <span class='ocr_line' id='line_1_5' title="bbox 238 802 1847 891; baseline 0.008 -33"><span class='ocrx_word' id='word_1_31' title='bbox 238 802 353 886; x_wconf 39' lang='lat' dir='ltr'><strong>&#39;llalbre</strong></span> <span class='ocrx_word' id='word_1_32' title='bbox 362 805 457 862; x_wconf 77' lang='lat' dir='ltr'><strong>Andre</strong></span> <span class='ocrx_word' id='word_1_33' title='bbox 470 805 523 891; x_wconf 78' lang='lat' dir='ltr'><strong>fait</strong></span> <span class='ocrx_word' id='word_1_34' title='bbox 531 809 616 880; x_wconf 80' lang='lat' dir='ltr'><strong><em>juger</em></strong></span> <span class='ocrx_word' id='word_1_35' title='bbox 648 811 696 866; x_wconf 91' lang='lat' dir='ltr'><strong>u’il</strong></span> <span class='ocrx_word' id='word_1_36' title='bbox 710 811 784 865; x_wconf 86' lang='lat' dir='ltr'><strong>avait</strong></span> <span class='ocrx_word' id='word_1_37' title='bbox 797 828 833 866; x_wconf 80' lang='lat' dir='ltr'><strong>vu</strong></span> <span class='ocrx_word' id='word_1_38' title='bbox 849 829 880 867; x_wconf 92' lang='lat' dir='ltr'><strong>ce</strong></span> <span class='ocrx_word' id='word_1_39' title='bbox 896 812 993 882; x_wconf 79' lang='lat' dir='ltr'><strong>poema</strong></span> <span class='ocrx_word' id='word_1_40' title='bbox 1007 813 1078 868; x_wconf 90' lang='lat' dir='ltr'><strong>dans</strong></span> <span class='ocrx_word' id='word_1_41' title='bbox 1090 815 1131 869; x_wconf 89' lang='lat' dir='ltr'><strong>les</strong></span> <span class='ocrx_word' id='word_1_42' title='bbox 1145 817 1324 880; x_wconf 79' lang='lat' dir='ltr'><strong>manuscrits,</strong></span> <span class='ocrx_word' id='word_1_43' title='bbox 1340 816 1472 888; x_wconf 87' lang='lat' dir='ltr'><strong>puisqu&#39;il</strong></span> <span class='ocrx_word' id='word_1_44' title='bbox 1484 832 1557 872; x_wconf 87' lang='lat' dir='ltr'><strong>nous</strong></span> <span class='ocrx_word' id='word_1_45' title='bbox 1569 814 1694 887; x_wconf 86' lang='lat' dir='ltr'><strong>apprend</strong></span> <span class='ocrx_word' id='word_1_46' title='bbox 1706 813 1847 886; x_wconf 77' lang='lat' dir='ltr'><strong>qu’ildtait</strong></span> 
     </span>
     <span class='ocr_line' id='line_1_6' title="bbox 217 827 1844 964; baseline 0.007 -36"><span class='ocrx_word' id='word_1_47' title='bbox 217 873 304 959; x_wconf 73' lang='lat' dir='ltr'><strong>divise</strong></span> <span class='ocrx_word' id='word_1_48' title='bbox 324 892 358 960; x_wconf 79' lang='lat' dir='ltr'><strong>en</strong></span> <span class='ocrx_word' id='word_1_49' title='bbox 374 885 473 948; x_wconf 88' lang='lat' dir='ltr'><strong>quatre</strong></span> <span class='ocrx_word' id='word_1_50' title='bbox 493 880 575 964; x_wconf 68' lang='lat' dir='ltr'><strong>liures</strong></span> <span class='ocrx_word' id='word_1_51' title='bbox 589 887 618 936; x_wconf 90' lang='lat' dir='ltr'><strong>et</strong></span> <span class='ocrx_word' id='word_1_52' title='bbox 629 827 699 936; x_wconf 59' lang='lat' dir='ltr'><strong>(bien</strong></span> <span class='ocrx_word' id='word_1_53' title='bbox 711 882 781 938; x_wconf 78' lang='lat' dir='ltr'><strong>ecrit</strong></span> <span class='ocrx_word' id='word_1_54' title='bbox 795 900 866 954; x_wconf 91' lang='lat' dir='ltr'><strong>pour</strong></span> <span class='ocrx_word' id='word_1_55' title='bbox 880 901 911 938; x_wconf 94' lang='lat' dir='ltr'><strong>ce</strong></span> <span class='ocrx_word' id='word_1_56' title='bbox 929 885 1070 955; x_wconf 82' lang='lat' dir='ltr'><strong>temps-lb.</strong></span> <span class='ocrx_word' id='word_1_57' title='bbox 1085 885 1201 955; x_wconf 74' lang='lat' dir='ltr'><strong>Scripsit</strong></span> <span class='ocrx_word' id='word_1_58' title='bbox 1216 891 1335 955; x_wconf 70' lang='lat' dir='ltr'><strong>cleponis·</strong></span> <span class='ocrx_word' id='word_1_59' title='bbox 1346 891 1481 951; x_wconf 72' lang='lat' dir='ltr'><strong>carmine.</strong></span> <span class='ocrx_word' id='word_1_60' title='bbox 1495 888 1539 942; x_wconf 92' lang='lat' dir='ltr'><strong>dit</strong></span> <span class='ocrx_word' id='word_1_61' title='bbox 1553 903 1584 942; x_wconf 92' lang='lat' dir='ltr'><strong>ce</strong></span> <span class='ocrx_word' id='word_1_62' title='bbox 1597 885 1804 956; x_wconf 67' lang='lat' dir='ltr'><strong>bibliograpbe</strong></span> <span class='ocrx_word' id='word_1_63' title='bbox 1813 888 1844 940; x_wconf 76' lang='lat' dir='ltr'><strong>dc</strong></span> 
     </span>
     <span class='ocr_line' id='line_1_7' title="bbox 217 949 1629 1032; baseline 0.008 -33"><span class='ocrx_word' id='word_1_64' title='bbox 217 949 345 1002; x_wconf 70' lang='lat' dir='ltr'><strong>emendae</strong></span> <span class='ocrx_word' id='word_1_65' title='bbox 362 949 510 1004; x_wconf 81' lang='lat' dir='ltr'><strong>Eluonense</strong></span> <span class='ocrx_word' id='word_1_66' title='bbox 525 953 609 1006; x_wconf 66' lang='lat' dir='ltr'><strong>libros</strong></span> <span class='ocrx_word' id='word_1_67' title='bbox 621 955 666 1007; x_wconf 81' lang='lat' dir='ltr'><strong>ll&#39;.</strong></span> <span class='ocrx_word' id='word_1_68' title='bbox 682 954 845 1032; x_wconf 88' lang='lat' dir='ltr'><strong>Cependant</strong></span> <span class='ocrx_word' id='word_1_69' title='bbox 859 971 894 1009; x_wconf 91' lang='lat' dir='ltr'><strong>on</strong></span> <span class='ocrx_word' id='word_1_70' title='bbox 910 955 1027 1024; x_wconf 82' lang='lat' dir='ltr'><strong>regards</strong></span> <span class='ocrx_word' id='word_1_71' title='bbox 1042 972 1072 1010; x_wconf 87' lang='lat' dir='ltr'><strong>ce</strong></span> <span class='ocrx_word' id='word_1_72' title='bbox 1107 957 1186 1012; x_wconf 77' lang='lat' dir='ltr'><strong>o‘eme</strong></span> <span class='ocrx_word' id='word_1_73' title='bbox 1201 974 1309 1013; x_wconf 89' lang='lat' dir='ltr'><strong>comme</strong></span> <span class='ocrx_word' id='word_1_74' title='bbox 1339 960 1408 1014; x_wconf 89' lang='lat' dir='ltr'><strong>crdu</strong></span> <span class='ocrx_word' id='word_1_75' title='bbox 1427 961 1521 1024; x_wconf 78' lang='lat' dir='ltr'><strong>(Bona.</strong></span> <span class='ocrx_word' id='word_1_76' title='bbox 1538 959 1629 1020; x_wconf 49' lang='grc' dir='ltr'><strong>ἰωὰ).</strong></span> 
     </span>
    </p>

    <p class='ocr_par' dir='ltr' id='par_1_4' title="bbox 217 974 1846 1384">
     <span class='ocr_line' id='line_1_8' title="bbox 253 974 1845 1100; baseline 0.007 -29"><span class='ocrx_word' id='word_1_77' title='bbox 253 1014 282 1071; x_wconf 78' lang='lat'><strong>3⁰</strong></span> <span class='ocrx_word' id='word_1_78' title='bbox 295 1019 338 1100; x_wconf 80' lang='lat' dir='ltr'><strong>Au</strong></span> <span class='ocrx_word' id='word_1_79' title='bbox 352 1023 443 1091; x_wconf 81' lang='lat' dir='ltr'><strong>temps</strong></span> <span class='ocrx_word' id='word_1_80' title='bbox 456 1020 491 1075; x_wconf 90' lang='lat' dir='ltr'><strong>de</strong></span> <span class='ocrx_word' id='word_1_81' title='bbox 501 1022 642 1078; x_wconf 80' lang='lat' dir='ltr'><strong>sanderus</strong></span> <span class='ocrx_word' id='word_1_82' title='bbox 656 1040 692 1078; x_wconf 91' lang='lat' dir='ltr'><strong>on</strong></span> <span class='ocrx_word' id='word_1_83' title='bbox 703 1029 826 1096; x_wconf 81' lang='lat' dir='ltr'><strong>voyaita</strong></span> <span class='ocrx_word' id='word_1_84' title='bbox 841 1027 868 1080; x_wconf 87' lang='lat' dir='ltr'><strong>la</strong></span> <span class='ocrx_word' id='word_1_85' title='bbox 878 1025 1066 1098; x_wconf 75' lang='lat' dir='ltr'><strong>bibliotheque</strong></span> <span class='ocrx_word' id='word_1_86' title='bbox 1081 974 1115 1082; x_wconf 69' lang='lat' dir='ltr'><strong>‹fe</strong></span> <span class='ocrx_word' id='word_1_87' title='bbox 1128 976 1337 1086; x_wconf 64' lang='lat' dir='ltr'><strong>Saintutrnand¹</strong></span> <span class='ocrx_word' id='word_1_88' title='bbox 1340 1047 1378 1085; x_wconf 91' lang='lat' dir='ltr'><strong>un</strong></span> <span class='ocrx_word' id='word_1_89' title='bbox 1388 1030 1544 1084; x_wconf 89' lang='lat' dir='ltr'><strong>manuscrit</strong></span> <span class='ocrx_word' id='word_1_90' title='bbox 1552 1033 1705 1083; x_wconf 87' lang='lat' dir='ltr'><strong>couteuaut</strong></span> <span class='ocrx_word' id='word_1_91' title='bbox 1714 1043 1754 1082; x_wconf 86' lang='lat' dir='ltr'><strong>un</strong></span> <span class='ocrx_word' id='word_1_92' title='bbox 1765 1028 1845 1083; x_wconf 84' lang='lat' dir='ltr'><strong>Com·</strong></span> 
     </span>
     <span class='ocr_line' id='line_1_9' title="bbox 217 1092 1843 1182; baseline 0.007 -41"><span class='ocrx_word' id='word_1_93' title='bbox 217 1092 356 1144; x_wconf 78' lang='lat' dir='ltr'><strong>ntentans</strong></span> <span class='ocrx_word' id='word_1_94' title='bbox 370 1107 419 1145; x_wconf 90' lang='lat' dir='ltr'><strong>sur</strong></span> <span class='ocrx_word' id='word_1_95' title='bbox 431 1097 523 1146; x_wconf 85' lang='lat' dir='ltr'><strong>tontes</strong></span> <span class='ocrx_word' id='word_1_96' title='bbox 538 1094 579 1147; x_wconf 91' lang='lat' dir='ltr'><strong>les</strong></span> <span class='ocrx_word' id='word_1_97' title='bbox 592 1095 700 1165; x_wconf 83' lang='lat' dir='ltr'><strong>Epitres</strong></span> <span class='ocrx_word' id='word_1_98' title='bbox 709 1096 748 1178; x_wconf 69' lang='lat' dir='ltr'><strong>⁸de</strong></span> <span class='ocrx_word' id='word_1_99' title='bbox 759 1099 793 1179; x_wconf 72' lang='lat' dir='ltr'><strong>S.¹</strong></span> <span class='ocrx_word' id='word_1_100' title='bbox 802 1096 881 1156; x_wconf 79' lang='lat' dir='ltr'><strong>Paul.</strong></span> <span class='ocrx_word' id='word_1_101' title='bbox 898 1113 963 1152; x_wconf 88' lang='lat' dir='ltr'><strong>sous</strong></span> <span class='ocrx_word' id='word_1_102' title='bbox 977 1098 1002 1151; x_wconf 83' lang='lat' dir='ltr'><strong>le</strong></span> <span class='ocrx_word' id='word_1_103' title='bbox 1017 1099 1132 1179; x_wconf 82' lang='lat' dir='ltr'><strong>nomde</strong></span> <span class='ocrx_word' id='word_1_104' title='bbox 1146 1099 1262 1182; x_wconf 79' lang='lat' dir='ltr'><strong>Gilbert</strong></span> <span class='ocrx_word' id='word_1_105' title='bbox 1282 1101 1374 1155; x_wconf 89' lang='lat' dir='ltr'><strong>moine</strong></span> <span class='ocrx_word' id='word_1_106' title='bbox 1384 1102 1422 1155; x_wconf 93' lang='lat' dir='ltr'><strong>du</strong></span> <span class='ocrx_word' id='word_1_107' title='bbox 1441 1103 1533 1155; x_wconf 72' lang='lat' dir='ltr'><strong>meane</strong></span> <span class='ocrx_word' id='word_1_108' title='bbox 1543 1101 1599 1154; x_wconf 90' lang='lat' dir='ltr'><strong>lieu</strong></span> <span class='ocrx_word' id='word_1_109' title='bbox 1611 1100 1843 1167; x_wconf 66' lang='lat' dir='ltr'><strong>(SasuBibAEclq.</strong></span> 
     </span>
     <span class='ocr_line' id='line_1_10' title="bbox 217 1162 1846 1317; baseline 0.007 -34"><span class='ocrx_word' id='word_1_110' title='bbox 217 1167 449 1300; x_wconf 59' lang='grc'><strong>1111111111.</strong></span> <span class='ocrx_word' id='word_1_111' title='bbox 462 1162 1846 1317; x_wconf 48' lang='grc' dir='ltr'><strong>1111111111111111.,1111111111ῗῖ1111111ἐξ1111111ἕὲ111111111111111·111ῗέ</strong></span> 
     </span>
     <span class='ocr_line' id='line_1_11' title="bbox 218 1305 1596 1384; baseline 0.007 -30"><span class='ocrx_word' id='word_1_112' title='bbox 218 1305 247 1355; x_wconf 89' lang='lat' dir='ltr'><strong>et</strong></span> <span class='ocrx_word' id='word_1_113' title='bbox 260 1309 404 1357; x_wconf 88' lang='lat' dir='ltr'><strong>montrent</strong></span> <span class='ocrx_word' id='word_1_114' title='bbox 417 1321 471 1375; x_wconf 88' lang='lat' dir='ltr'><strong>que</strong></span> <span class='ocrx_word' id='word_1_115' title='bbox 484 1311 556 1360; x_wconf 88' lang='lat' dir='ltr'><strong>cette</strong></span> <span class='ocrx_word' id='word_1_116' title='bbox 568 1307 732 1379; x_wconf 78' lang='lat' dir='ltr'><strong>inscription</strong></span> <span class='ocrx_word' id='word_1_117' title='bbox 747 1317 791 1364; x_wconf 87' lang='lat' dir='ltr'><strong>est</strong></span> <span class='ocrx_word' id='word_1_118' title='bbox 802 1309 885 1364; x_wconf 89' lang='lat' dir='ltr'><strong>d&#39;une</strong></span> <span class='ocrx_word' id='word_1_119' title='bbox 900 1317 981 1364; x_wconf 90' lang='lat' dir='ltr'><strong>autre</strong></span> <span class='ocrx_word' id='word_1_120' title='bbox 993 1311 1068 1365; x_wconf 86' lang='lat' dir='ltr'><strong>main</strong></span> <span class='ocrx_word' id='word_1_121' title='bbox 1086 1328 1140 1382; x_wconf 88' lang='lat' dir='ltr'><strong>que</strong></span> <span class='ocrx_word' id='word_1_122' title='bbox 1155 1313 1188 1367; x_wconf 91' lang='lat' dir='ltr'><strong>de</strong></span> <span class='ocrx_word' id='word_1_123' title='bbox 1203 1313 1271 1368; x_wconf 89' lang='lat' dir='ltr'><strong>celle</strong></span> <span class='ocrx_word' id='word_1_124' title='bbox 1285 1316 1319 1369; x_wconf 90' lang='lat' dir='ltr'><strong>de</strong></span> <span class='ocrx_word' id='word_1_125' title='bbox 1332 1315 1452 1370; x_wconf 88' lang='lat' dir='ltr'><strong>l&#39;auteur</strong></span> <span class='ocrx_word' id='word_1_126' title='bbox 1466 1312 1596 1384; x_wconf 84' lang='lat' dir='ltr'><strong>original.</strong></span> 
     </span>
    </p>

    <p class='ocr_par' dir='ltr' id='par_1_5' title="bbox 217 1369 1848 1606">
     <span class='ocr_line' id='line_1_12' title="bbox 224 1369 1846 1454; baseline 0.004 -24"><span class='ocrx_word' id='word_1_127' title='bbox 224 1441 230 1454; x_wconf 36' lang='grc' dir='ltr'>Ι</span> <span class='ocrx_word' id='word_1_128' title='bbox 253 1369 283 1454; x_wconf 63' lang='grc'><strong>10</strong></span> <span class='ocrx_word' id='word_1_129' title='bbox 294 1373 436 1430; x_wconf 84' lang='lat' dir='ltr'><strong>Sandcrus</strong></span> <span class='ocrx_word' id='word_1_130' title='bbox 445 1377 540 1446; x_wconf 73' lang='lat' dir='ltr'><strong>cicuta</strong></span> <span class='ocrx_word' id='word_1_131' title='bbox 553 1393 607 1448; x_wconf 90' lang='lat' dir='ltr'><strong>que</strong></span> <span class='ocrx_word' id='word_1_132' title='bbox 617 1378 671 1432; x_wconf 91' lang='lat' dir='ltr'><strong>l’on</strong></span> <span class='ocrx_word' id='word_1_133' title='bbox 684 1381 840 1435; x_wconf 76' lang='lat' dir='ltr'><strong>conservait</strong></span> <span class='ocrx_word' id='word_1_134' title='bbox 855 1381 912 1434; x_wconf 76' lang='lat' dir='ltr'><strong>ila</strong></span> <span class='ocrx_word' id='word_1_135' title='bbox 925 1382 1017 1435; x_wconf 77' lang='lat' dir='ltr'><strong>meme</strong></span> <span class='ocrx_word' id='word_1_136' title='bbox 1027 1380 1216 1454; x_wconf 78' lang='lat' dir='ltr'><strong>bibliotheque</strong></span> <span class='ocrx_word' id='word_1_137' title='bbox 1230 1401 1269 1439; x_wconf 92' lang='lat' dir='ltr'><strong>un</strong></span> <span class='ocrx_word' id='word_1_138' title='bbox 1281 1391 1361 1439; x_wconf 90' lang='lat' dir='ltr'><strong>autre</strong></span> <span class='ocrx_word' id='word_1_139' title='bbox 1375 1385 1530 1439; x_wconf 78' lang='lat' dir='ltr'><strong>manuscrit</strong></span> <span class='ocrx_word' id='word_1_140' title='bbox 1540 1382 1601 1438; x_wconf 74' lang='lat' dir='ltr'><strong>cote</strong></span> <span class='ocrx_word' id='word_1_141' title='bbox 1611 1379 1846 1452; x_wconf 76' lang='lat' dir='ltr'><strong>188‚danslequel</strong></span> 
     </span>
     <span class='ocr_line' id='line_1_13' title="bbox 217 1444 1846 1528; baseline 0.006 -33"><span class='ocrx_word' id='word_1_142' title='bbox 217 1446 324 1524; x_wconf 78' lang='lat' dir='ltr'><strong>etaient</strong></span> <span class='ocrx_word' id='word_1_143' title='bbox 337 1444 386 1499; x_wconf 90' lang='lat' dir='ltr'><strong>des</strong></span> <span class='ocrx_word' id='word_1_144' title='bbox 401 1462 528 1528; x_wconf 79' lang='lat' dir='ltr'><strong>sermons</strong></span> <span class='ocrx_word' id='word_1_145' title='bbox 543 1455 684 1518; x_wconf 89' lang='lat' dir='ltr'><strong>pourtous</strong></span> <span class='ocrx_word' id='word_1_146' title='bbox 699 1451 740 1504; x_wconf 89' lang='lat' dir='ltr'><strong>les</strong></span> <span class='ocrx_word' id='word_1_147' title='bbox 750 1453 830 1521; x_wconf 75' lang='lat' dir='ltr'><strong>Jours</strong></span> <span class='ocrx_word' id='word_1_148' title='bbox 845 1451 941 1507; x_wconf 72' lang='lat' dir='ltr'><strong>deute</strong></span> <span class='ocrx_word' id='word_1_149' title='bbox 971 1452 1076 1508; x_wconf 85' lang='lat' dir='ltr'><strong>cudant</strong></span> <span class='ocrx_word' id='word_1_150' title='bbox 1090 1453 1115 1508; x_wconf 89' lang='lat' dir='ltr'><strong>le</strong></span> <span class='ocrx_word' id='word_1_151' title='bbox 1125 1471 1207 1510; x_wconf 90' lang='lat' dir='ltr'><strong>cours</strong></span> <span class='ocrx_word' id='word_1_152' title='bbox 1218 1455 1252 1510; x_wconf 89' lang='lat' dir='ltr'><strong>de</strong></span> <span class='ocrx_word' id='word_1_153' title='bbox 1264 1456 1383 1510; x_wconf 81' lang='lat' dir='ltr'><strong>l&#39;annee.</strong></span> <span class='ocrx_word' id='word_1_154' title='bbox 1400 1457 1438 1510; x_wconf 87' lang='lat' dir='ltr'><strong>lis</strong></span> <span class='ocrx_word' id='word_1_155' title='bbox 1448 1471 1483 1510; x_wconf 88' lang='lat' dir='ltr'><strong>nc</strong></span> <span class='ocrx_word' id='word_1_156' title='bbox 1493 1455 1636 1526; x_wconf 85' lang='lat' dir='ltr'><strong>portaieut</strong></span> <span class='ocrx_word' id='word_1_157' title='bbox 1649 1454 1730 1525; x_wconf 87' lang='lat' dir='ltr'><strong>point</strong></span> <span class='ocrx_word' id='word_1_158' title='bbox 1743 1453 1769 1506; x_wconf 93' lang='lat' dir='ltr'><strong>le</strong></span> <span class='ocrx_word' id='word_1_159' title='bbox 1781 1467 1846 1506; x_wconf 87' lang='lat' dir='ltr'><strong>nom</strong></span> 
     </span>
     <span class='ocr_line' id='line_1_14' title="bbox 218 1511 1848 1606; baseline 0.008 -41"><span class='ocrx_word' id='word_1_160' title='bbox 218 1511 253 1565; x_wconf 91' lang='lat' dir='ltr'><strong>de</strong></span> <span class='ocrx_word' id='word_1_161' title='bbox 266 1513 376 1569; x_wconf 86' lang='lat' dir='ltr'><strong>Grlbert</strong></span> <span class='ocrx_word' id='word_1_162' title='bbox 399 1517 422 1570; x_wconf 97' lang='lat' dir='ltr'><strong>ll</strong></span> <span class='ocrx_word' id='word_1_163' title='bbox 470 1517 540 1572; x_wconf 79' lang='lat' dir='ltr'><strong>etart</strong></span> <span class='ocrx_word' id='word_1_164' title='bbox 556 1519 712 1575; x_wconf 83' lang='lat' dir='ltr'>seulement</span> <span class='ocrx_word' id='word_1_165' title='bbox 722 1522 839 1594; x_wconf 79' lang='lat' dir='ltr'><strong>marque</strong></span> <span class='ocrx_word' id='word_1_166' title='bbox 869 1539 903 1578; x_wconf 89' lang='lat' dir='ltr'><strong>ue</strong></span> <span class='ocrx_word' id='word_1_167' title='bbox 918 1525 940 1577; x_wconf 90' lang='lat' dir='ltr'><strong>c&#39;</strong></span> <span class='ocrx_word' id='word_1_168' title='bbox 960 1523 1013 1578; x_wconf 84' lang='lat' dir='ltr'><strong>tait</strong></span> <span class='ocrx_word' id='word_1_169' title='bbox 1025 1525 1053 1578; x_wconf 84' lang='lat' dir='ltr'><strong>la</strong></span> <span class='ocrx_word' id='word_1_170' title='bbox 1064 1525 1228 1595; x_wconf 79' lang='lat' dir='ltr'><strong>productiora</strong></span> <span class='ocrx_word' id='word_1_171' title='bbox 1239 1527 1306 1581; x_wconf 85' lang='lat' dir='ltr'><strong>d&#39;un</strong></span> <span class='ocrx_word' id='word_1_172' title='bbox 1324 1527 1418 1581; x_wconf 88' lang='lat' dir='ltr'><strong>moine</strong></span> <span class='ocrx_word' id='word_1_173' title='bbox 1431 1526 1465 1580; x_wconf 90' lang='lat' dir='ltr'><strong>de</strong></span> <span class='ocrx_word' id='word_1_174' title='bbox 1480 1524 1699 1590; x_wconf 77' lang='lat' dir='ltr'><strong>saint-Amand3</strong></span> <span class='ocrx_word' id='word_1_175' title='bbox 1714 1529 1745 1578; x_wconf 88' lang='lat' dir='ltr'><strong>et</strong></span> <span class='ocrx_word' id='word_1_176' title='bbox 1758 1522 1814 1578; x_wconf 88' lang='lat' dir='ltr'><strong>l’on</strong></span> <span class='ocrx_word' id='word_1_177' title='bbox 1825 1540 1848 1606; x_wconf 70' lang='lat' dir='ltr'><strong>p</strong></span> 
     </span>
    </p>
   </div>
   <div class='ocr_carea' id='block_1_4' title="bbox 218 1535 1844 1715">
    <p class='ocr_par' dir='ltr' id='par_1_6' title="bbox 218 1535 1844 1715">
     <span class='ocr_line' id='line_1_15' title="bbox 218 1535 1844 1715; baseline 0.007 -78"><span class='ocrx_word' id='word_1_178' title='bbox 218 1581 379 1640; x_wconf 78' lang='lat' dir='ltr'><strong>decouurait</strong></span> <span class='ocrx_word' id='word_1_179' title='bbox 387 1587 422 1642; x_wconf 87' lang='lat' dir='ltr'><strong>da</strong></span> <span class='ocrx_word' id='word_1_180' title='bbox 436 1535 583 1715; x_wconf 47' lang='lat' dir='ltr'><strong>{mii}</strong></span> <span class='ocrx_word' id='word_1_181' title='bbox 588 1541 946 1656; x_wconf 46' lang='lat' dir='ltr'><strong>*amieredesoliditzavec</strong></span> <span class='ocrx_word' id='word_1_182' title='bbox 956 1611 992 1649; x_wconf 90' lang='lat' dir='ltr'><strong>un</strong></span> <span class='ocrx_word' id='word_1_183' title='bbox 1003 1595 1092 1664; x_wconf 87' lang='lat' dir='ltr'><strong>grand</strong></span> <span class='ocrx_word' id='word_1_184' title='bbox 1098 1597 1180 1651; x_wconf 82' lang='lat' dir='ltr'><strong>fonds</strong></span> <span class='ocrx_word' id='word_1_185' title='bbox 1190 1597 1225 1652; x_wconf 91' lang='lat' dir='ltr'><strong>de</strong></span> <span class='ocrx_word' id='word_1_186' title='bbox 1235 1598 1308 1668; x_wconf 80' lang='lat' dir='ltr'><strong>plere</strong></span> <span class='ocrx_word' id='word_1_187' title='bbox 1318 1606 1347 1653; x_wconf 91' lang='lat' dir='ltr'><strong>ct</strong></span> <span class='ocrx_word' id='word_1_188' title='bbox 1356 1597 1535 1653; x_wconf 81' lang='lat' dir='ltr'><strong>d’erudition!</strong></span> <span class='ocrx_word' id='word_1_189' title='bbox 1544 1594 1844 1665; x_wconf 66' lang='lat' dir='ltr'><strong>&#39;louscaractbresqm</strong></span> 
     </span>
    </p>
   </div>
   <div class='ocr_carea' id='block_1_5' title="bbox 217 1657 539 1802">
    <p class='ocr_par' dir='ltr' id='par_1_7' title="bbox 217 1657 539 1802">
     <span class='ocr_line' id='line_1_16' title="bbox 217 1657 539 1802; baseline 0.019 -22"><span class='ocrx_word' id='word_1_190' title='bbox 217 1657 539 1802; x_wconf 62' lang='lat' dir='ltr'><strong>sltztlbltttlll</strong></span> 
     </span>
    </p>
   </div>
   <div class='ocr_carea' id='block_1_6' title="bbox 217 1796 1852 2515">
    <p class='ocr_par' dir='ltr' id='par_1_8' title="bbox 217 1796 1852 2208">
     <span class='ocr_line' id='line_1_17' title="bbox 252 1796 1849 1884; baseline 0.006 -32"><span class='ocrx_word' id='word_1_191' title='bbox 252 1796 306 1880; x_wconf 75' lang='lat' dir='ltr'><strong>Les</strong></span> <span class='ocrx_word' id='word_1_192' title='bbox 316 1799 675 1884; x_wconf 34' lang='lat' dir='ltr'><strong>premiers&#39;continuateurs</strong></span> <span class='ocrx_word' id='word_1_193' title='bbox 685 1805 882 1862; x_wconf 73' lang='lat' dir='ltr'><strong>debellandus</strong></span> <span class='ocrx_word' id='word_1_194' title='bbox 892 1809 1003 1879; x_wconf 88' lang='lat' dir='ltr'><strong>parient</strong></span> <span class='ocrx_word' id='word_1_195' title='bbox 1021 1827 1056 1864; x_wconf 91' lang='lat' dir='ltr'><strong>en</strong></span> <span class='ocrx_word' id='word_1_196' title='bbox 1077 1811 1240 1882; x_wconf 87' lang='lat' dir='ltr'><strong>particulier</strong></span> <span class='ocrx_word' id='word_1_197' title='bbox 1253 1810 1320 1866; x_wconf 85' lang='lat' dir='ltr'><strong>d&#39;un</strong></span> <span class='ocrx_word' id='word_1_198' title='bbox 1339 1827 1451 1866; x_wconf 90' lang='lat' dir='ltr'><strong>sermon</strong></span> <span class='ocrx_word' id='word_1_199' title='bbox 1467 1826 1516 1865; x_wconf 90' lang='lat' dir='ltr'><strong>sur</strong></span> <span class='ocrx_word' id='word_1_200' title='bbox 1533 1810 1608 1865; x_wconf 82' lang='lat' dir='ltr'><strong>saint</strong></span> <span class='ocrx_word' id='word_1_201' title='bbox 1621 1806 1744 1864; x_wconf 84' lang='lat' dir='ltr'><strong>Amaud.</strong></span> <span class='ocrx_word' id='word_1_202' title='bbox 1768 1807 1849 1879; x_wconf 89' lang='lat' dir='ltr'><strong>qu’ils</strong></span> 
     </span>
     <span class='ocr_line' id='line_1_18' title="bbox 217 1873 1848 1952; baseline 0.007 -32"><span class='ocrx_word' id='word_1_203' title='bbox 217 1878 330 1925; x_wconf 80' lang='lat' dir='ltr'><strong>ararent</strong></span> <span class='ocrx_word' id='word_1_204' title='bbox 344 1873 442 1927; x_wconf 75' lang='lat' dir='ltr'><strong>trouve</strong></span> <span class='ocrx_word' id='word_1_205' title='bbox 456 1873 525 1928; x_wconf 76' lang='lat' dir='ltr'><strong>isole</strong></span> <span class='ocrx_word' id='word_1_206' title='bbox 540 1876 610 1929; x_wconf 89' lang='lat' dir='ltr'><strong>dans</strong></span> <span class='ocrx_word' id='word_1_207' title='bbox 627 1877 668 1932; x_wconf 87' lang='lat' dir='ltr'><strong>les</strong></span> <span class='ocrx_word' id='word_1_208' title='bbox 683 1879 861 1944; x_wconf 78' lang='lat' dir='ltr'><strong>manuscrits,</strong></span> <span class='ocrx_word' id='word_1_209' title='bbox 877 1884 906 1933; x_wconf 91' lang='lat' dir='ltr'><strong>et</strong></span> <span class='ocrx_word' id='word_1_210' title='bbox 919 1880 988 1934; x_wconf 89' lang='lat' dir='ltr'><strong>dont</strong></span> <span class='ocrx_word' id='word_1_211' title='bbox 1002 1881 1036 1935; x_wconf 91' lang='lat' dir='ltr'><strong>ils</strong></span> <span class='ocrx_word' id='word_1_212' title='bbox 1050 1889 1100 1936; x_wconf 90' lang='lat' dir='ltr'><strong>ont</strong></span> <span class='ocrx_word' id='word_1_213' title='bbox 1115 1882 1208 1950; x_wconf 74' lang='lat' dir='ltr'><strong>publii</strong></span> <span class='ocrx_word' id='word_1_214' title='bbox 1225 1884 1266 1936; x_wconf 85' lang='lat' dir='ltr'><strong>les</strong></span> <span class='ocrx_word' id='word_1_215' title='bbox 1280 1882 1432 1952; x_wconf 73' lang='lat' dir='ltr'><strong>premieres</strong></span> <span class='ocrx_word' id='word_1_216' title='bbox 1444 1882 1534 1952; x_wconf 87' lang='lat' dir='ltr'><strong>lignes</strong></span> <span class='ocrx_word' id='word_1_217' title='bbox 1549 1882 1645 1948; x_wconf 76' lang='lat' dir='ltr'><strong>(Boou.</strong></span> <span class='ocrx_word' id='word_1_218' title='bbox 1661 1877 1679 1935; x_wconf 79' lang='lat'>6</span> <span class='ocrx_word' id='word_1_219' title='bbox 1695 1880 1769 1942; x_wconf 79' lang='lat' dir='ltr'><strong>Feb..</strong></span> <span class='ocrx_word' id='word_1_220' title='bbox 1784 1894 1848 1949; x_wconf 85' lang='lat' dir='ltr'><strong>pag.</strong></span> 
     </span>
     <span class='ocr_line' id='line_1_19' title="bbox 217 1936 1852 2030; baseline 0.006 -36"><span class='ocrx_word' id='word_1_221' title='bbox 217 1936 316 1998; x_wconf 71' lang='lat' dir='ltr'><strong>etan.</strong></span> <span class='ocrx_word' id='word_1_222' title='bbox 334 1941 403 2030; x_wconf 49' lang='lat'><strong>¹3¹2·</strong></span> <span class='ocrx_word' id='word_1_223' title='bbox 417 1944 515 2008; x_wconf 89' lang='lat' dir='ltr'><strong>Quand</strong></span> <span class='ocrx_word' id='word_1_224' title='bbox 532 1947 640 2028; x_wconf 75' lang='lat' dir='ltr'><strong>celuici</strong></span> <span class='ocrx_word' id='word_1_225' title='bbox 654 1964 689 2002; x_wconf 89' lang='lat' dir='ltr'><strong>ne</strong></span> <span class='ocrx_word' id='word_1_226' title='bbox 704 1948 786 2004; x_wconf 80' lang='lat' dir='ltr'><strong>serait</strong></span> <span class='ocrx_word' id='word_1_227' title='bbox 800 1967 850 2022; x_wconf 87' lang='lat' dir='ltr'><strong>pas</strong></span> <span class='ocrx_word' id='word_1_228' title='bbox 865 1951 955 2020; x_wconf 89' lang='lat' dir='ltr'><strong>partie</strong></span> <span class='ocrx_word' id='word_1_229' title='bbox 968 1952 1006 2006; x_wconf 91' lang='lat' dir='ltr'><strong>du</strong></span> <span class='ocrx_word' id='word_1_230' title='bbox 1018 1953 1121 2007; x_wconf 82' lang='lat' dir='ltr'><strong>recueil</strong></span> <span class='ocrx_word' id='word_1_231' title='bbox 1134 1953 1292 2023; x_wconf 76' lang='lat' dir='ltr'><strong>precedent,</strong></span> <span class='ocrx_word' id='word_1_232' title='bbox 1302 1970 1380 2008; x_wconf 84' lang='lat' dir='ltr'><strong>nnnc</strong></span> <span class='ocrx_word' id='word_1_233' title='bbox 1390 1954 1517 2025; x_wconf 87' lang='lat' dir='ltr'><strong>pourrait</strong></span> <span class='ocrx_word' id='word_1_234' title='bbox 1530 1969 1580 2024; x_wconf 90' lang='lat' dir='ltr'><strong>pas</strong></span> <span class='ocrx_word' id='word_1_235' title='bbox 1592 1949 1852 2005; x_wconf 85' lang='lat' dir='ltr'><strong>raiscnnablernent</strong></span> 
     </span>
     <span class='ocr_line' id='line_1_20' title="bbox 217 2007 1851 2099; baseline 0.007 -36"><span class='ocrx_word' id='word_1_236' title='bbox 217 2007 244 2064; x_wconf 89' lang='lat' dir='ltr'><strong>le</strong></span> <span class='ocrx_word' id='word_1_237' title='bbox 258 2011 393 2096; x_wconf 25' lang='lat' dir='ltr'><strong>reiusnera</strong></span> <span class='ocrx_word' id='word_1_238' title='bbox 407 2021 488 2072; x_wconf 88' lang='lat' dir='ltr'><strong>notre</strong></span> <span class='ocrx_word' id='word_1_239' title='bbox 502 2016 639 2099; x_wconf 76' lang='lat' dir='ltr'><strong>eor-ruam:</strong></span> <span class='ocrx_word' id='word_1_240' title='bbox 656 2019 785 2075; x_wconf 86' lang='lat' dir='ltr'><strong>d&#39;autant</strong></span> <span class='ocrx_word' id='word_1_241' title='bbox 794 2023 857 2092; x_wconf 90' lang='lat' dir='ltr'><strong>plus</strong></span> <span class='ocrx_word' id='word_1_242' title='bbox 875 2039 929 2093; x_wconf 88' lang='lat' dir='ltr'><strong>que</strong></span> <span class='ocrx_word' id='word_1_243' title='bbox 945 2022 971 2076; x_wconf 90' lang='lat' dir='ltr'><strong>la</strong></span> <span class='ocrx_word' id='word_1_244' title='bbox 983 2023 1059 2092; x_wconf 81' lang='lat' dir='ltr'><strong>pibce</strong></span> <span class='ocrx_word' id='word_1_245' title='bbox 1073 2032 1116 2079; x_wconf 82' lang='lat' dir='ltr'><strong>est</strong></span> <span class='ocrx_word' id='word_1_246' title='bbox 1132 2025 1304 2093; x_wconf 79' lang='lat' dir='ltr'><strong>postdrieure</strong></span> <span class='ocrx_word' id='word_1_247' title='bbox 1318 2041 1354 2078; x_wconf 89' lang='lat' dir='ltr'><strong>au</strong></span> <span class='ocrx_word' id='word_1_248' title='bbox 1366 2025 1458 2079; x_wconf 89' lang='lat' dir='ltr'><strong>moine</strong></span> <span class='ocrx_word' id='word_1_249' title='bbox 1473 2023 1568 2087; x_wconf 79' lang='lat' dir='ltr'><strong>Milon,</strong></span> <span class='ocrx_word' id='word_1_250' title='bbox 1585 2029 1614 2076; x_wconf 91' lang='lat' dir='ltr'><strong>et</strong></span> <span class='ocrx_word' id='word_1_251' title='bbox 1629 2021 1696 2075; x_wconf 77' lang='lat' dir='ltr'><strong>faite</strong></span> <span class='ocrx_word' id='word_1_252' title='bbox 1709 2023 1851 2093; x_wconf 80' lang='lat' dir='ltr'><strong>pouretrs</strong></span> 
     </span>
     <span class='ocr_line' id='line_1_21' title="bbox 217 2079 1852 2208; baseline 0.005 -71"><span class='ocrx_word' id='word_1_253' title='bbox 217 2079 267 2208; x_wconf 52' lang='lat' dir='ltr'><strong>{gg</strong></span> <span class='ocrx_word' id='word_1_254' title='bbox 277 2099 313 2138; x_wconf 88' lang='lat' dir='ltr'><strong>aa</strong></span> <span class='ocrx_word' id='word_1_255' title='bbox 320 2101 393 2208; x_wconf 69' lang='lat' dir='ltr'><strong>quur</strong></span> <span class='ocrx_word' id='word_1_256' title='bbox 402 2089 479 2142; x_wconf 89' lang='lat' dir='ltr'><strong>natal</strong></span> <span class='ocrx_word' id='word_1_257' title='bbox 499 2088 534 2141; x_wconf 90' lang='lat' dir='ltr'><strong>de</strong></span> <span class='ocrx_word' id='word_1_258' title='bbox 549 2096 623 2143; x_wconf 81' lang='lat' dir='ltr'><strong>saint</strong></span> <span class='ocrx_word' id='word_1_259' title='bbox 637 2092 757 2158; x_wconf 82' lang='lat' dir='ltr'><strong>Amaud,</strong></span> <span class='ocrx_word' id='word_1_260' title='bbox 768 2109 876 2148; x_wconf 90' lang='lat' dir='ltr'><strong>comme</strong></span> <span class='ocrx_word' id='word_1_261' title='bbox 887 2095 929 2148; x_wconf 87' lang='lat' dir='ltr'><strong>les</strong></span> <span class='ocrx_word' id='word_1_262' title='bbox 941 2093 1024 2149; x_wconf 76' lang='lat' dir='ltr'><strong>ecrite</strong></span> <span class='ocrx_word' id='word_1_263' title='bbox 1039 2095 1073 2150; x_wconf 91' lang='lat' dir='ltr'><strong>dc</strong></span> <span class='ocrx_word' id='word_1_264' title='bbox 1089 2095 1175 2150; x_wconf 87' lang='lat' dir='ltr'><strong>Milon</strong></span> <span class='ocrx_word' id='word_1_265' title='bbox 1191 2112 1221 2150; x_wconf 89' lang='lat' dir='ltr'><strong>se</strong></span> <span class='ocrx_word' id='word_1_266' title='bbox 1235 2095 1348 2150; x_wconf 86' lang='lat' dir='ltr'><strong>lisaieut</strong></span> <span class='ocrx_word' id='word_1_267' title='bbox 1359 2113 1397 2150; x_wconf 89' lang='lat' dir='ltr'><strong>au</strong></span> <span class='ocrx_word' id='word_1_268' title='bbox 1413 2098 1480 2166; x_wconf 83' lang='lat' dir='ltr'><strong>jour</strong></span> <span class='ocrx_word' id='word_1_269' title='bbox 1493 2096 1528 2149; x_wconf 89' lang='lat' dir='ltr'><strong>de</strong></span> <span class='ocrx_word' id='word_1_270' title='bbox 1539 2092 1698 2149; x_wconf 75' lang='lat' dir='ltr'><strong>l’dleuation</strong></span> <span class='ocrx_word' id='word_1_271' title='bbox 1713 2099 1744 2146; x_wconf 88' lang='lat' dir='ltr'><strong>et</strong></span> <span class='ocrx_word' id='word_1_272' title='bbox 1757 2098 1852 2146; x_wconf 83' lang='lat' dir='ltr'><strong>trans-</strong></span> 
     </span>
    </p>

    <p class='ocr_par' dir='ltr' id='par_1_9' title="bbox 270 2170 529 2229">
     <span class='ocr_line' id='line_1_22' title="bbox 270 2170 529 2229; baseline 0.008 -21"><span class='ocrx_word' id='word_1_273' title='bbox 270 2170 306 2208; x_wconf 91' lang='lat' dir='ltr'><strong>on</strong></span> <span class='ocrx_word' id='word_1_274' title='bbox 340 2173 420 2212; x_wconf 86' lang='lat' dir='ltr'><strong>ason</strong></span> <span class='ocrx_word' id='word_1_275' title='bbox 439 2174 529 2229; x_wconf 84' lang='lat' dir='ltr'><strong>corps.</strong></span> 
     </span>
    </p>

    <p class='ocr_par' dir='ltr' id='par_1_10' title="bbox 217 2224 1851 2515">
     <span class='ocr_line' id='line_1_23' title="bbox 254 2224 1851 2312; baseline 0.007 -35"><span class='ocrx_word' id='word_1_276' title='bbox 254 2224 297 2306; x_wconf 70' lang='lat' dir='ltr'><strong>(ln</strong></span> <span class='ocrx_word' id='word_1_277' title='bbox 312 2225 344 2280; x_wconf 92' lang='lat' dir='ltr'><strong>lit</strong></span> <span class='ocrx_word' id='word_1_278' title='bbox 357 2228 428 2310; x_wconf 72' lang='lat' dir='ltr'><strong>daps</strong></span> <span class='ocrx_word' id='word_1_279' title='bbox 447 2230 487 2312; x_wconf 80' lang='lat' dir='ltr'><strong>les</strong></span> <span class='ocrx_word' id='word_1_280' title='bbox 507 2239 684 2287; x_wconf 87' lang='lat' dir='ltr'><strong>monuments</strong></span> <span class='ocrx_word' id='word_1_281' title='bbox 698 2232 733 2286; x_wconf 90' lang='lat' dir='ltr'><strong>de</strong></span> <span class='ocrx_word' id='word_1_282' title='bbox 745 2232 873 2304; x_wconf 80' lang='lat' dir='ltr'><strong>l’abbaye</strong></span> <span class='ocrx_word' id='word_1_283' title='bbox 888 2234 923 2290; x_wconf 90' lang='lat' dir='ltr'><strong>de</strong></span> <span class='ocrx_word' id='word_1_284' title='bbox 937 2236 1012 2290; x_wconf 88' lang='lat' dir='ltr'><strong>saint</strong></span> <span class='ocrx_word' id='word_1_285' title='bbox 1025 2236 1137 2291; x_wconf 81' lang='lat' dir='ltr'><strong>Amand</strong></span> <span class='ocrx_word' id='word_1_286' title='bbox 1156 2238 1205 2307; x_wconf 92' lang='lat' dir='ltr'><strong>qui</strong></span> <span class='ocrx_word' id='word_1_287' title='bbox 1220 2238 1331 2309; x_wconf 89' lang='lat' dir='ltr'><strong>parient</strong></span> <span class='ocrx_word' id='word_1_288' title='bbox 1345 2238 1395 2293; x_wconf 89' lang='lat' dir='ltr'><strong>des</strong></span> <span class='ocrx_word' id='word_1_289' title='bbox 1406 2236 1490 2291; x_wconf 75' lang='lat' dir='ltr'><strong>torits</strong></span> <span class='ocrx_word' id='word_1_290' title='bbox 1508 2236 1543 2292; x_wconf 91' lang='lat' dir='ltr'><strong>de</strong></span> <span class='ocrx_word' id='word_1_291' title='bbox 1558 2234 1676 2298; x_wconf 74' lang='lat' dir='ltr'><strong>Gilbert,</strong></span> <span class='ocrx_word' id='word_1_292' title='bbox 1694 2235 1764 2306; x_wconf 86' lang='lat' dir='ltr'><strong>qu’il</strong></span> <span class='ocrx_word' id='word_1_293' title='bbox 1776 2234 1851 2289; x_wconf 76' lang='lat' dir='ltr'><strong>avait</strong></span> 
     </span>
     <span class='ocr_line' id='line_1_24' title="bbox 217 2295 1851 2388; baseline 0.007 -40"><span class='ocrx_word' id='word_1_294' title='bbox 217 2295 302 2388; x_wconf 64' lang='lat' dir='ltr'><strong>tratti</strong></span> <span class='ocrx_word' id='word_1_295' title='bbox 317 2297 354 2351; x_wconf 95' lang='lat' dir='ltr'><strong>du</strong></span> <span class='ocrx_word' id='word_1_296' title='bbox 370 2299 596 2382; x_wconf 83' lang='lat' dir='ltr'><strong>retablrssement</strong></span> <span class='ocrx_word' id='word_1_297' title='bbox 605 2301 640 2356; x_wconf 93' lang='lat' dir='ltr'><strong>de</strong></span> <span class='ocrx_word' id='word_1_298' title='bbox 652 2311 724 2358; x_wconf 89' lang='lat' dir='ltr'><strong>cette</strong></span> <span class='ocrx_word' id='word_1_299' title='bbox 730 2304 838 2359; x_wconf 86' lang='lat' dir='ltr'><strong>illustre</strong></span> <span class='ocrx_word' id='word_1_300' title='bbox 853 2305 977 2378; x_wconf 88' lang='lat' dir='ltr'><strong>abbaye:</strong></span> <span class='ocrx_word' id='word_1_301' title='bbox 993 2309 1029 2362; x_wconf 83' lang='lat' dir='ltr'><strong>Ile</strong></span> <span class='ocrx_word' id='word_1_302' title='bbox 1042 2311 1216 2375; x_wconf 81' lang='lat' dir='ltr'><strong>reparatione</strong></span> <span class='ocrx_word' id='word_1_303' title='bbox 1224 2311 1343 2377; x_wconf 81' lang='lat' dir='ltr'><strong>ejusdem</strong></span> <span class='ocrx_word' id='word_1_304' title='bbox 1357 2308 1511 2364; x_wconf 64' lang='lat' dir='ltr'><strong>cenobii&amp;</strong></span> <span class='ocrx_word' id='word_1_305' title='bbox 1521 2313 1594 2361; x_wconf 83' lang='lat' dir='ltr'><strong>cette</strong></span> <span class='ocrx_word' id='word_1_306' title='bbox 1605 2305 1851 2377; x_wconf 81' lang='lat' dir='ltr'><strong>partied’bistoire</strong></span> 
     </span>
     <span class='ocr_line' id='line_1_25' title="bbox 217 2364 1851 2453; baseline 0.007 -34"><span class='ocrx_word' id='word_1_307' title='bbox 217 2381 237 2418; x_wconf 91' lang='lat' dir='ltr'><strong>n</strong></span> <span class='ocrx_word' id='word_1_308' title='bbox 247 2364 317 2449; x_wconf 75' lang='lat' dir='ltr'><strong>itaut</strong></span> <span class='ocrx_word' id='word_1_309' title='bbox 330 2385 380 2451; x_wconf 72' lang='lat' dir='ltr'><strong>pas</strong></span> <span class='ocrx_word' id='word_1_310' title='bbox 395 2371 495 2453; x_wconf 79' lang='lat' dir='ltr'><strong>trartte</strong></span> <span class='ocrx_word' id='word_1_311' title='bbox 509 2372 578 2453; x_wconf 84' lang='lat' dir='ltr'><strong>dans</strong></span> <span class='ocrx_word' id='word_1_312' title='bbox 595 2372 619 2426; x_wconf 92' lang='lat' dir='ltr'><strong>le</strong></span> <span class='ocrx_word' id='word_1_313' title='bbox 636 2373 734 2444; x_wconf 78' lang='lat' dir='ltr'><strong>pobme</strong></span> <span class='ocrx_word' id='word_1_314' title='bbox 748 2375 857 2431; x_wconf 80' lang='lat' dir='ltr'><strong>destint</strong></span> <span class='ocrx_word' id='word_1_315' title='bbox 871 2394 908 2432; x_wconf 89' lang='lat' dir='ltr'><strong>au</strong></span> <span class='ocrx_word' id='word_1_316' title='bbox 923 2377 992 2434; x_wconf 79' lang='lat' dir='ltr'><strong>recit</strong></span> <span class='ocrx_word' id='word_1_317' title='bbox 1003 2379 1037 2434; x_wconf 89' lang='lat' dir='ltr'><strong>dc</strong></span> <span class='ocrx_word' id='word_1_318' title='bbox 1052 2378 1279 2435; x_wconf 85' lang='lat' dir='ltr'><strong>l&#39;embrasement</strong></span> <span class='ocrx_word' id='word_1_319' title='bbox 1294 2380 1332 2435; x_wconf 91' lang='lat' dir='ltr'><strong>du</strong></span> <span class='ocrx_word' id='word_1_320' title='bbox 1347 2380 1438 2435; x_wconf 78' lang='lat' dir='ltr'><strong>meme</strong></span> <span class='ocrx_word' id='word_1_321' title='bbox 1460 2378 1630 2444; x_wconf 76' lang='lat' dir='ltr'><strong>monestere,</strong></span> <span class='ocrx_word' id='word_1_322' title='bbox 1646 2393 1679 2431; x_wconf 90' lang='lat' dir='ltr'><strong>ce</strong></span> <span class='ocrx_word' id='word_1_323' title='bbox 1700 2377 1790 2432; x_wconf 85' lang='lat' dir='ltr'><strong>serait</strong></span> <span class='ocrx_word' id='word_1_324' title='bbox 1812 2392 1851 2432; x_wconf 90' lang='lat' dir='ltr'><strong>un</strong></span> 
     </span>
     <span class='ocr_line' id='line_1_26' title="bbox 218 2435 1170 2515; baseline 0.014 -24"><span class='ocrx_word' id='word_1_325' title='bbox 218 2435 289 2493; x_wconf 82' lang='lat' dir='ltr'><strong>dont</strong></span> <span class='ocrx_word' id='word_1_326' title='bbox 302 2442 465 2510; x_wconf 81' lang='lat' dir='ltr'><strong>particulrer</strong></span> <span class='ocrx_word' id='word_1_327' title='bbox 477 2460 526 2515; x_wconf 86' lang='lat' dir='ltr'><strong>qur</strong></span> <span class='ocrx_word' id='word_1_328' title='bbox 539 2443 687 2513; x_wconf 86' lang='lat' dir='ltr'><strong>grossirait</strong></span> <span class='ocrx_word' id='word_1_329' title='bbox 698 2447 725 2500; x_wconf 90' lang='lat' dir='ltr'><strong>le</strong></span> <span class='ocrx_word' id='word_1_330' title='bbox 740 2447 856 2502; x_wconf 81' lang='lat' dir='ltr'><strong>nombre</strong></span> <span class='ocrx_word' id='word_1_331' title='bbox 870 2450 906 2503; x_wconf 89' lang='lat' dir='ltr'><strong>de</strong></span> <span class='ocrx_word' id='word_1_332' title='bbox 920 2466 987 2505; x_wconf 84' lang='lat' dir='ltr'><strong>ceux</strong></span> <span class='ocrx_word' id='word_1_333' title='bbox 1002 2451 1037 2505; x_wconf 90' lang='lat' dir='ltr'><strong>de</strong></span> <span class='ocrx_word' id='word_1_334' title='bbox 1052 2451 1170 2505; x_wconf 87' lang='lat' dir='ltr'><strong>Gilbert.</strong></span> 
     </span>
    </p>
   </div>
   <div class='ocr_carea' id='block_1_7' title="bbox 602 1665 1846 1741">
    <p class='ocr_par' dir='ltr' id='par_1_11' title="bbox 602 1665 1846 1741">
     <span class='ocr_line' id='line_1_27' title="bbox 602 1665 1846 1741; baseline 0.002 -24"><span class='ocrx_word' id='word_1_335' title='bbox 602 1665 792 1732; x_wconf 87' lang='lat' dir='ltr'><strong>personnelles</strong></span> <span class='ocrx_word' id='word_1_336' title='bbox 804 1665 839 1720; x_wconf 88' lang='lat' dir='ltr'><strong>de</strong></span> <span class='ocrx_word' id='word_1_337' title='bbox 852 1665 969 1729; x_wconf 87' lang='lat' dir='ltr'><strong>Gilbert,</strong></span> <span class='ocrx_word' id='word_1_338' title='bbox 986 1682 1022 1720; x_wconf 89' lang='lat' dir='ltr'><strong>ua</strong></span> <span class='ocrx_word' id='word_1_339' title='bbox 1044 1674 1215 1737; x_wconf 84' lang='lat' dir='ltr'><strong>permettent</strong></span> <span class='ocrx_word' id='word_1_340' title='bbox 1228 1685 1348 1741; x_wconf 84' lang='lat' dir='ltr'><strong>presque</strong></span> <span class='ocrx_word' id='word_1_341' title='bbox 1361 1685 1413 1741; x_wconf 90' lang='lat' dir='ltr'><strong>pas</strong></span> <span class='ocrx_word' id='word_1_342' title='bbox 1427 1669 1462 1723; x_wconf 91' lang='lat' dir='ltr'><strong>de</strong></span> <span class='ocrx_word' id='word_1_343' title='bbox 1476 1669 1577 1723; x_wconf 86' lang='lat' dir='ltr'><strong>douter</strong></span> <span class='ocrx_word' id='word_1_344' title='bbox 1591 1683 1645 1739; x_wconf 89' lang='lat' dir='ltr'><strong>que</strong></span> <span class='ocrx_word' id='word_1_345' title='bbox 1663 1683 1696 1721; x_wconf 88' lang='lat' dir='ltr'><strong>ce</strong></span> <span class='ocrx_word' id='word_1_346' title='bbox 1710 1681 1748 1720; x_wconf 89' lang='lat' dir='ltr'><strong>ne</strong></span> <span class='ocrx_word' id='word_1_347' title='bbox 1761 1666 1806 1720; x_wconf 78' lang='lat' dir='ltr'><strong>liat</strong></span> <span class='ocrx_word' id='word_1_348' title='bbox 1819 1665 1846 1719; x_wconf 79' lang='lat' dir='ltr'><strong>ll</strong></span> 
     </span>
    </p>
   </div>
   <div class='ocr_carea' id='block_1_8' title="bbox 1451 2643 1857 2659">
    <p class='ocr_par' dir='ltr' id='par_1_12' title="bbox 1451 2643 1857 2659">
     <span class='ocr_line' id='line_1_28' title="bbox 1451 2643 1857 2659; baseline -0.007 0"><span class='ocrx_word' id='word_1_349' title='bbox 1451 2643 1857 2659; x_wconf 49' lang='grc' dir='ltr'><strong><em>ψ</em></strong></span> 
     </span>
    </p>
   </div>
   <div class='ocr_carea' id='block_1_9' title="bbox 262 2775 1810 2920">
    <p class='ocr_par' dir='ltr' id='par_1_13' title="bbox 262 2775 1810 2920">
     <span class='ocr_line' id='line_1_29' title="bbox 262 2775 1810 2920; baseline 0.006 -13"><span class='ocrx_word' id='word_1_350' title='bbox 262 2775 669 2915; x_wconf 82' lang='lat' dir='ltr'><strong>HISTORIA</strong></span> <span class='ocrx_word' id='word_1_351' title='bbox 715 2781 1331 2920; x_wconf 85' lang='lat' dir='ltr'>MIRACULORUM</span> <span class='ocrx_word' id='word_1_352' title='bbox 1375 2784 1438 2919; x_wconf 89' lang='lat' dir='ltr'><strong>S.</strong></span> <span class='ocrx_word' id='word_1_353' title='bbox 1472 2783 1810 2918; x_wconf 84' lang='lat' dir='ltr'><strong>AMANDI</strong></span> 
     </span>
    </p>
   </div>
   <div class='ocr_carea' id='block_1_10' title="bbox 649 3020 1418 3084">
    <p class='ocr_par' dir='ltr' id='par_1_14' title="bbox 649 3020 1418 3084">
     <span class='ocr_line' id='line_1_30' title="bbox 649 3020 1418 3084; baseline 0.003 -2"><span class='ocrx_word' id='word_1_354' title='bbox 649 3020 833 3084; x_wconf 73' lang='lat' dir='ltr'>CORPORE</span> <span class='ocrx_word' id='word_1_355' title='bbox 854 3021 932 3083; x_wconf 78' lang='lat' dir='ltr'><strong>pun</strong></span> <span class='ocrx_word' id='word_1_356' title='bbox 953 3022 1157 3084; x_wconf 74' lang='lat' dir='ltr'><strong>sanuciani</strong></span> <span class='ocrx_word' id='word_1_357' title='bbox 1178 3021 1418 3084; x_wconf 78' lang='lat' dir='ltr'><strong>Duronrnro</strong></span> 
     </span>
    </p>
   </div>
   <div class='ocr_carea' id='block_1_11' title="bbox 266 3176 1799 3279">
    <p class='ocr_par' dir='ltr' id='par_1_15' title="bbox 266 3176 1799 3279">
     <span class='ocr_line' id='line_1_31' title="bbox 266 3176 1799 3279; baseline 0.005 -9"><span class='ocrx_word' id='word_1_358' title='bbox 266 3176 586 3276; x_wconf 80' lang='lat' dir='ltr'><strong>AUCTORE</strong></span> <span class='ocrx_word' id='word_1_359' title='bbox 617 3181 1046 3278; x_wconf 82' lang='lat' dir='ltr'>GILLEBERTO</span> <span class='ocrx_word' id='word_1_360' title='bbox 1075 3180 1416 3279; x_wconf 84' lang='lat' dir='ltr'><strong>MONAOHO</strong></span> <span class='ocrx_word' id='word_1_361' title='bbox 1447 3179 1799 3278; x_wconf 74' lang='lat' dir='ltr'><strong>ELONENSI.</strong></span> 
     </span>
    </p>
   </div>
   <div class='ocr_carea' id='block_1_12' title="bbox 217 3362 1852 3530">
    <p class='ocr_par' dir='ltr' id='par_1_16' title="bbox 217 3362 1852 3530">
     <span class='ocr_line' id='line_1_32' title="bbox 217 3362 1852 3448; baseline 0.002 -23"><span class='ocrx_word' id='word_1_362' title='bbox 217 3362 307 3445; x_wconf 80' lang='lat' dir='ltr'><strong>(Acta</strong></span> <span class='ocrx_word' id='word_1_363' title='bbox 322 3367 376 3428; x_wconf 92' lang='lat' dir='ltr'><strong>SS.</strong></span> <span class='ocrx_word' id='word_1_364' title='bbox 393 3369 558 3446; x_wconf 71' lang='lat' dir='ltr'><strong>uoniam,</strong></span> <span class='ocrx_word' id='word_1_365' title='bbox 572 3369 664 3432; x_wconf 79' lang='lat' dir='ltr'><strong>Febr.</strong></span> <span class='ocrx_word' id='word_1_366' title='bbox 681 3375 705 3434; x_wconf 91' lang='lat' dir='ltr'><strong>t.</strong></span> <span class='ocrx_word' id='word_1_367' title='bbox 723 3369 745 3447; x_wconf 88' lang='grc'><strong>1,</strong></span> <span class='ocrx_word' id='word_1_368' title='bbox 760 3369 792 3448; x_wconf 91' lang='lat' dir='ltr'><strong>d,</strong></span> <span class='ocrx_word' id='word_1_369' title='bbox 808 3368 875 3430; x_wconf 81' lang='lat' dir='ltr'><strong>dex</strong></span> <span class='ocrx_word' id='word_1_370' title='bbox 888 3387 962 3432; x_wconf 87' lang='lat' dir='ltr'><strong>mss.</strong></span> <span class='ocrx_word' id='word_1_371' title='bbox 979 3370 1135 3432; x_wconf 87' lang='lat' dir='ltr'><strong>Gandensi</strong></span> <span class='ocrx_word' id='word_1_372' title='bbox 1150 3369 1337 3444; x_wconf 88' lang='lat' dir='ltr'><strong>etBeliortii‚</strong></span> <span class='ocrx_word' id='word_1_373' title='bbox 1350 3365 1696 3432; x_wconf 87' lang='lat' dir='ltr'><strong>collatiscumeditioue</strong></span> <span class='ocrx_word' id='word_1_374' title='bbox 1708 3365 1852 3446; x_wconf 86' lang='lat' dir='ltr'><strong>Operum</strong></span> 
     </span>
     <span class='ocr_line' id='line_1_33' title="bbox 815 3450 1239 3530; baseline 0.005 -20"><span class='ocrx_word' id='word_1_375' title='bbox 815 3450 950 3530; x_wconf 90' lang='lat' dir='ltr'><strong>Philippi</strong></span> <span class='ocrx_word' id='word_1_376' title='bbox 969 3451 1009 3512; x_wconf 89' lang='lat' dir='ltr'><strong>ab</strong></span> <span class='ocrx_word' id='word_1_377' title='bbox 1025 3451 1239 3530; x_wconf 83' lang='lat' dir='ltr'><strong>Eleemosyna.</strong></span> 
     </span>
    </p>
   </div>
   <div class='ocr_carea' id='block_1_13' title="bbox 214 3687 1857 5101">
    <p class='ocr_par' dir='ltr' id='par_1_17' title="bbox 214 3687 1857 5101">
     <span class='ocr_line' id='line_1_34' title="bbox 419 3687 1854 3764; baseline 0 -22"><span class='ocrx_word' id='word_1_378' title='bbox 419 3687 609 3746; x_wconf 83' lang='lat' dir='ltr'>PROLOGUS</span> <span class='ocrx_word' id='word_1_379' title='bbox 623 3689 808 3746; x_wconf 80' lang='lat' dir='ltr'>AUCTORIS.</span> <span class='ocrx_word' id='word_1_380' title='bbox 1020 3693 1180 3764; x_wconf 67' lang='lat' dir='ltr'><strong>Aquaadam</strong></span> <span class='ocrx_word' id='word_1_381' title='bbox 1192 3692 1315 3764; x_wconf 87' lang='lat' dir='ltr'><strong>insignia</strong></span> <span class='ocrx_word' id='word_1_382' title='bbox 1324 3692 1360 3747; x_wconf 88' lang='lat' dir='ltr'><strong>ad</strong></span> <span class='ocrx_word' id='word_1_383' title='bbox 1376 3692 1505 3747; x_wconf 86' lang='lat' dir='ltr'><strong>notitiam</strong></span> <span class='ocrx_word' id='word_1_384' title='bbox 1529 3690 1654 3745; x_wconf 89' lang='lat' dir='ltr'><strong>conabor</strong></span> <span class='ocrx_word' id='word_1_385' title='bbox 1669 3688 1783 3743; x_wconf 87' lang='lat' dir='ltr'><strong>mittere</strong></span> <span class='ocrx_word' id='word_1_386' title='bbox 1800 3703 1854 3759; x_wconf 88' lang='lat' dir='ltr'><strong>po-</strong></span> 
     </span>
     <span class='ocr_line' id='line_1_35' title="bbox 1053 3781 1854 3854; baseline -0.007 -18"><span class='ocrx_word' id='word_1_387' title='bbox 1053 3788 1203 3849; x_wconf 85' lang='lat' dir='ltr'><strong>sterorum,</strong></span> <span class='ocrx_word' id='word_1_388' title='bbox 1217 3783 1339 3854; x_wconf 89' lang='lat' dir='ltr'><strong>qualiter</strong></span> <span class='ocrx_word' id='word_1_389' title='bbox 1352 3782 1380 3836; x_wconf 90' lang='lat' dir='ltr'><strong>in</strong></span> <span class='ocrx_word' id='word_1_390' title='bbox 1394 3781 1478 3836; x_wconf 89' lang='lat' dir='ltr'><strong>terris</strong></span> <span class='ocrx_word' id='word_1_391' title='bbox 1500 3785 1597 3834; x_wconf 85' lang='lat' dir='ltr'><strong>nostra</strong></span> <span class='ocrx_word' id='word_1_392' title='bbox 1610 3785 1692 3834; x_wconf 76' lang='lat' dir='ltr'><strong>astate</strong></span> <span class='ocrx_word' id='word_1_393' title='bbox 1708 3794 1757 3832; x_wconf 84' lang='lat' dir='ltr'><strong>rex</strong></span> <span class='ocrx_word' id='word_1_394' title='bbox 1771 3783 1854 3848; x_wconf 86' lang='lat' dir='ltr'><strong>pate·</strong></span> 
     </span>
     <span class='ocr_line' id='line_1_36' title="bbox 254 3866 1855 3942; baseline -0.002 -18"><span class='ocrx_word' id='word_1_395' title='bbox 254 3866 358 3925; x_wconf 67' lang='lat' dir='ltr'><strong>tricet</strong></span> <span class='ocrx_word' id='word_1_396' title='bbox 369 3870 510 3924; x_wconf 88' lang='lat' dir='ltr'><strong>interdum</strong></span> <span class='ocrx_word' id='word_1_397' title='bbox 519 3871 642 3927; x_wconf 88' lang='lat' dir='ltr'><strong>humana</strong></span> <span class='ocrx_word' id='word_1_398' title='bbox 652 3886 731 3926; x_wconf 87' lang='lat' dir='ltr'><strong>mens</strong></span> <span class='ocrx_word' id='word_1_399' title='bbox 739 3871 922 3942; x_wconf 82' lang='lat' dir='ltr'><strong>phantasticis</strong></span> <span class='ocrx_word' id='word_1_400' title='bbox 933 3872 1013 3928; x_wconf 85' lang='lat' dir='ltr'><strong>visio·</strong></span> <span class='ocrx_word' id='word_1_401' title='bbox 1052 3873 1150 3928; x_wconf 85' lang='lat' dir='ltr'><strong>iecerit</strong></span> <span class='ocrx_word' id='word_1_402' title='bbox 1163 3871 1332 3926; x_wconf 81' lang='lat' dir='ltr'><strong>immortalis</strong></span> <span class='ocrx_word' id='word_1_403' title='bbox 1346 3870 1463 3924; x_wconf 80' lang='lat' dir='ltr'><strong>militena</strong></span> <span class='ocrx_word' id='word_1_404' title='bbox 1477 3885 1568 3934; x_wconf 76' lang='lat' dir='ltr'><strong>suum,</strong></span> <span class='ocrx_word' id='word_1_405' title='bbox 1586 3867 1700 3923; x_wconf 89' lang='lat' dir='ltr'><strong>beatum</strong></span> <span class='ocrx_word' id='word_1_406' title='bbox 1723 3866 1855 3922; x_wconf 86' lang='lat' dir='ltr'><strong>uidelicet</strong></span> 
     </span>
     <span class='ocr_line' id='line_1_37' title="bbox 216 3954 1854 4032; baseline -0.001 -21"><span class='ocrx_word' id='word_1_407' title='bbox 216 3955 299 4012; x_wconf 89' lang='lat' dir='ltr'><strong>nibus</strong></span> <span class='ocrx_word' id='word_1_408' title='bbox 319 3957 442 4026; x_wconf 81' lang='lat' dir='ltr'><strong>fallatur,</strong></span> <span class='ocrx_word' id='word_1_409' title='bbox 466 3959 516 4014; x_wconf 93' lang='lat' dir='ltr'><strong>sed</strong></span> <span class='ocrx_word' id='word_1_410' title='bbox 535 3976 591 4014; x_wconf 91' lang='lat' dir='ltr'><strong>non</strong></span> <span class='ocrx_word' id='word_1_411' title='bbox 616 3961 815 4017; x_wconf 82' lang='lat' dir='ltr'><strong>miraculorum</strong></span> <span class='ocrx_word' id='word_1_412' title='bbox 840 3961 927 4032; x_wconf 90' lang='lat' dir='ltr'><strong>signis</strong></span> <span class='ocrx_word' id='word_1_413' title='bbox 953 3961 1012 4016; x_wconf 80' lang='lat' dir='ltr'><strong>falli</strong></span> <span class='ocrx_word' id='word_1_414' title='bbox 1053 3961 1209 4016; x_wconf 80' lang='lat' dir='ltr'><strong>Amandum</strong></span> <span class='ocrx_word' id='word_1_415' title='bbox 1223 3959 1352 4032; x_wconf 79' lang='lat' dir='ltr'><strong>gloriosae</strong></span> <span class='ocrx_word' id='word_1_416' title='bbox 1372 3958 1402 4012; x_wconf 94' lang='lat' dir='ltr'><strong>in</strong></span> <span class='ocrx_word' id='word_1_417' title='bbox 1419 3956 1578 4012; x_wconf 70' lang='lat' dir='ltr'><strong>celestibus</strong></span> <span class='ocrx_word' id='word_1_418' title='bbox 1593 3956 1667 4011; x_wconf 91' lang='lat' dir='ltr'><strong>dono</strong></span> <span class='ocrx_word' id='word_1_419' title='bbox 1682 3954 1854 4011; x_wconf 84' lang='lat' dir='ltr'><strong>immortali-</strong></span> 
     </span>
     <span class='ocr_line' id='line_1_38' title="bbox 215 4043 1854 4122; baseline -0.002 -20"><span class='ocrx_word' id='word_1_420' title='bbox 215 4051 317 4118; x_wconf 86' lang='lat' dir='ltr'><strong>potest‚</strong></span> <span class='ocrx_word' id='word_1_421' title='bbox 332 4049 536 4119; x_wconf 83' lang='lat' dir='ltr'><strong>quaevirtutum</strong></span> <span class='ocrx_word' id='word_1_422' title='bbox 552 4055 683 4122; x_wconf 85' lang='lat' dir='ltr'><strong>operator</strong></span> <span class='ocrx_word' id='word_1_423' title='bbox 696 4051 833 4106; x_wconf 87' lang='lat' dir='ltr'><strong>Dominus</strong></span> <span class='ocrx_word' id='word_1_424' title='bbox 844 4049 873 4105; x_wconf 90' lang='lat' dir='ltr'><strong>in</strong></span> <span class='ocrx_word' id='word_1_425' title='bbox 884 4049 1013 4105; x_wconf 88' lang='lat' dir='ltr'><strong>fidelibus</strong></span> <span class='ocrx_word' id='word_1_426' title='bbox 1052 4051 1151 4105; x_wconf 84' lang='lat' dir='ltr'><strong>tatiss</strong></span> <span class='ocrx_word' id='word_1_427' title='bbox 1176 4066 1207 4104; x_wconf 86' lang='lat' dir='ltr'><strong>se</strong></span> <span class='ocrx_word' id='word_1_428' title='bbox 1228 4055 1419 4103; x_wconf 89' lang='lat' dir='ltr'><strong>muneratum.</strong></span> <span class='ocrx_word' id='word_1_429' title='bbox 1435 4047 1464 4102; x_wconf 88' lang='lat' dir='ltr'><strong>Si</strong></span> <span class='ocrx_word' id='word_1_430' title='bbox 1491 4045 1554 4117; x_wconf 89' lang='lat' dir='ltr'><strong>quis</strong></span> <span class='ocrx_word' id='word_1_431' title='bbox 1581 4051 1678 4100; x_wconf 87' lang='lat' dir='ltr'><strong>autem</strong></span> <span class='ocrx_word' id='word_1_432' title='bbox 1708 4043 1854 4098; x_wconf 72' lang='lat' dir='ltr'><strong>obstinata</strong></span> 
     </span>
     <span class='ocr_line' id='line_1_39' title="bbox 215 4133 1853 4212; baseline -0.003 -21"><span class='ocrx_word' id='word_1_433' title='bbox 215 4137 275 4192; x_wconf 90' lang='lat' dir='ltr'><strong>suis</strong></span> <span class='ocrx_word' id='word_1_434' title='bbox 287 4139 397 4210; x_wconf 86' lang='lat' dir='ltr'><strong>operari</strong></span> <span class='ocrx_word' id='word_1_435' title='bbox 412 4139 554 4210; x_wconf 88' lang='lat' dir='ltr'><strong>dignatur.</strong></span> <span class='ocrx_word' id='word_1_436' title='bbox 570 4139 613 4194; x_wconf 85' lang='lat' dir='ltr'><strong>Ab</strong></span> <span class='ocrx_word' id='word_1_437' title='bbox 632 4139 770 4212; x_wconf 80' lang='lat' dir='ltr'><strong>AEgyptiis</strong></span> <span class='ocrx_word' id='word_1_438' title='bbox 783 4156 905 4212; x_wconf 88' lang='lat' dir='ltr'><strong>namque</strong></span> <span class='ocrx_word' id='word_1_439' title='bbox 921 4139 1012 4210; x_wconf 86' lang='lat' dir='ltr'><strong>Magis</strong></span> <span class='ocrx_word' id='word_1_440' title='bbox 1053 4147 1147 4194; x_wconf 89' lang='lat' dir='ltr'><strong>mente</strong></span> <span class='ocrx_word' id='word_1_441' title='bbox 1162 4145 1288 4193; x_wconf 89' lang='lat' dir='ltr'><strong>nostrum</strong></span> <span class='ocrx_word' id='word_1_442' title='bbox 1300 4139 1328 4192; x_wconf 91' lang='lat' dir='ltr'><strong>in</strong></span> <span class='ocrx_word' id='word_1_443' title='bbox 1343 4137 1395 4191; x_wconf 90' lang='lat' dir='ltr'><strong>hoc</strong></span> <span class='ocrx_word' id='word_1_444' title='bbox 1409 4137 1513 4208; x_wconf 90' lang='lat' dir='ltr'><strong>stylum</strong></span> <span class='ocrx_word' id='word_1_445' title='bbox 1522 4135 1661 4190; x_wconf 90' lang='lat' dir='ltr'><strong>studuerit</strong></span> <span class='ocrx_word' id='word_1_446' title='bbox 1668 4133 1853 4204; x_wconf 79' lang='lat' dir='ltr'><strong>redarguere,</strong></span> 
     </span>
     <span class='ocr_line' id='line_1_40' title="bbox 215 4221 1852 4300; baseline -0.004 -20"><span class='ocrx_word' id='word_1_447' title='bbox 215 4224 345 4282; x_wconf 90' lang='lat' dir='ltr'><strong>illusione</strong></span> <span class='ocrx_word' id='word_1_448' title='bbox 360 4227 537 4299; x_wconf 84' lang='lat' dir='ltr'><strong>phantastica</strong></span> <span class='ocrx_word' id='word_1_449' title='bbox 564 4245 612 4283; x_wconf 89' lang='lat' dir='ltr'><strong>rex</strong></span> <span class='ocrx_word' id='word_1_450' title='bbox 635 4237 733 4300; x_wconf 89' lang='lat' dir='ltr'><strong>captus</strong></span> <span class='ocrx_word' id='word_1_451' title='bbox 747 4234 791 4282; x_wconf 90' lang='lat' dir='ltr'><strong>est</strong></span> <span class='ocrx_word' id='word_1_452' title='bbox 813 4228 1011 4299; x_wconf 86' lang='lat' dir='ltr'><strong>Memphiticus</strong></span> <span class='ocrx_word' id='word_1_453' title='bbox 1052 4228 1194 4283; x_wconf 87' lang='lat' dir='ltr'><strong>arbitrans</strong></span> <span class='ocrx_word' id='word_1_454' title='bbox 1213 4242 1264 4281; x_wconf 87' lang='lat' dir='ltr'><strong>nos</strong></span> <span class='ocrx_word' id='word_1_455' title='bbox 1282 4225 1337 4280; x_wconf 90' lang='lat' dir='ltr'><strong>nisi</strong></span> <span class='ocrx_word' id='word_1_456' title='bbox 1358 4226 1487 4295; x_wconf 81' lang='lat' dir='ltr'><strong>vulgares</strong></span> <span class='ocrx_word' id='word_1_457' title='bbox 1508 4240 1637 4279; x_wconf 87' lang='lat' dir='ltr'><strong>rumores</strong></span> <span class='ocrx_word' id='word_1_458' title='bbox 1662 4222 1743 4293; x_wconf 88' lang='lat' dir='ltr'><strong>sequi</strong></span> <span class='ocrx_word' id='word_1_459' title='bbox 1769 4221 1852 4288; x_wconf 79' lang='lat' dir='ltr'><strong>uelle,</strong></span> 
     </span>
     <span class='ocr_line' id='line_1_41' title="bbox 214 4310 1855 4389; baseline -0.003 -21"><span class='ocrx_word' id='word_1_460' title='bbox 214 4329 279 4368; x_wconf 87' lang='lat' dir='ltr'><strong>cum</strong></span> <span class='ocrx_word' id='word_1_461' title='bbox 294 4317 423 4372; x_wconf 88' lang='lat' dir='ltr'><strong>universa</strong></span> <span class='ocrx_word' id='word_1_462' title='bbox 435 4317 568 4389; x_wconf 81' lang='lat' dir='ltr'><strong>AEgypto,</strong></span> <span class='ocrx_word' id='word_1_463' title='bbox 582 4318 653 4372; x_wconf 87' lang='lat' dir='ltr'><strong>falsa</strong></span> <span class='ocrx_word' id='word_1_464' title='bbox 667 4325 696 4372; x_wconf 93' lang='lat' dir='ltr'><strong>et</strong></span> <span class='ocrx_word' id='word_1_465' title='bbox 705 4316 897 4388; x_wconf 79' lang='lat' dir='ltr'><strong>imaginabilia</strong></span> <span class='ocrx_word' id='word_1_466' title='bbox 907 4317 1011 4372; x_wconf 89' lang='lat' dir='ltr'><strong>habens</strong></span> <span class='ocrx_word' id='word_1_467' title='bbox 1052 4318 1117 4372; x_wconf 91' lang='lat' dir='ltr'><strong>huic</strong></span> <span class='ocrx_word' id='word_1_468' title='bbox 1126 4317 1252 4388; x_wconf 84' lang='lat' dir='ltr'><strong>jaculum</strong></span> <span class='ocrx_word' id='word_1_469' title='bbox 1267 4314 1444 4387; x_wconf 88' lang='lat' dir='ltr'><strong>opponimus,</strong></span> <span class='ocrx_word' id='word_1_470' title='bbox 1464 4312 1687 4385; x_wconf 72' lang='lat' dir='ltr'><strong>quodquoniam</strong></span> <span class='ocrx_word' id='word_1_471' title='bbox 1698 4310 1855 4365; x_wconf 80' lang='lat' dir='ltr'><strong>refutanti·</strong></span> 
     </span>
     <span class='ocr_line' id='line_1_42' title="bbox 215 4397 1852 4479; baseline -0.004 -21"><span class='ocrx_word' id='word_1_472' title='bbox 215 4419 266 4474; x_wconf 88' lang='lat' dir='ltr'><strong>pro</strong></span> <span class='ocrx_word' id='word_1_473' title='bbox 280 4420 345 4460; x_wconf 86' lang='lat' dir='ltr'><strong>uero</strong></span> <span class='ocrx_word' id='word_1_474' title='bbox 353 4425 362 4476; x_wconf 74' lang='grc' dir='ltr'><strong><em>ς</em></strong></span> <span class='ocrx_word' id='word_1_475' title='bbox 377 4407 426 4460; x_wconf 87' lang='lat' dir='ltr'><strong>sed</strong></span> <span class='ocrx_word' id='word_1_476' title='bbox 441 4413 590 4479; x_wconf 87' lang='lat' dir='ltr'><strong>postquam</strong></span> <span class='ocrx_word' id='word_1_477' title='bbox 602 4407 736 4461; x_wconf 90' lang='lat' dir='ltr'><strong>divinitus</strong></span> <span class='ocrx_word' id='word_1_478' title='bbox 749 4413 862 4461; x_wconf 85' lang='lat' dir='ltr'><strong>ostensa</strong></span> <span class='ocrx_word' id='word_1_479' title='bbox 875 4414 941 4460; x_wconf 90' lang='lat' dir='ltr'><strong>suut</strong></span> <span class='ocrx_word' id='word_1_480' title='bbox 950 4422 1013 4478; x_wconf 93' lang='lat' dir='ltr'><strong>por·</strong></span> <span class='ocrx_word' id='word_1_481' title='bbox 1052 4405 1104 4461; x_wconf 89' lang='lat' dir='ltr'><strong>bus</strong></span> <span class='ocrx_word' id='word_1_482' title='bbox 1116 4405 1508 4476; x_wconf 80' lang='lat' dir='ltr'><strong>ueritatemobjecitpastoret</strong></span> <span class='ocrx_word' id='word_1_483' title='bbox 1517 4399 1699 4474; x_wconf 88' lang='lat' dir='ltr'><strong>primipilaris</strong></span> <span class='ocrx_word' id='word_1_484' title='bbox 1709 4397 1852 4453; x_wconf 79' lang='lat' dir='ltr'><strong>Ecclesiae.</strong></span> 
     </span>
     <span class='ocr_line' id='line_1_43' title="bbox 215 4488 1855 4568; baseline -0.002 -22"><span class='ocrx_word' id='word_1_485' title='bbox 215 4495 295 4548; x_wconf 86' lang='lat' dir='ltr'><strong>tenta</strong></span> <span class='ocrx_word' id='word_1_486' title='bbox 308 4495 454 4564; x_wconf 85' lang='lat' dir='ltr'><strong>virtutum,</strong></span> <span class='ocrx_word' id='word_1_487' title='bbox 468 4496 539 4568; x_wconf 86' lang='lat' dir='ltr'><strong>blagi</strong></span> <span class='ocrx_word' id='word_1_488' title='bbox 553 4497 639 4551; x_wconf 88' lang='lat' dir='ltr'><strong>ctiam</strong></span> <span class='ocrx_word' id='word_1_489' title='bbox 650 4497 703 4568; x_wconf 88' lang='lat' dir='ltr'><strong>ipsi</strong></span> <span class='ocrx_word' id='word_1_490' title='bbox 716 4513 778 4551; x_wconf 91' lang='lat' dir='ltr'><strong>cum</strong></span> <span class='ocrx_word' id='word_1_491' title='bbox 789 4497 906 4562; x_wconf 70' lang='lat' dir='ltr'><strong>caeteris,</strong></span> <span class='ocrx_word' id='word_1_492' title='bbox 916 4512 1014 4568; x_wconf 88' lang='lat' dir='ltr'><strong>quam·</strong></span> <span class='ocrx_word' id='word_1_493' title='bbox 1053 4496 1114 4551; x_wconf 82' lang='lat' dir='ltr'><strong>Non</strong></span> <span class='ocrx_word' id='word_1_494' title='bbox 1133 4511 1286 4564; x_wconf 82' lang='lat' dir='ltr'><strong>possumus,</strong></span> <span class='ocrx_word' id='word_1_495' title='bbox 1307 4493 1409 4564; x_wconf 90' lang='lat' dir='ltr'><strong>inquit,</strong></span> <span class='ocrx_word' id='word_1_496' title='bbox 1436 4509 1496 4563; x_wconf 78' lang='lat' dir='ltr'><strong>que</strong></span> <span class='ocrx_word' id='word_1_497' title='bbox 1514 4493 1675 4545; x_wconf 79' lang='lat' dir='ltr'><strong>audivimus</strong></span> <span class='ocrx_word' id='word_1_498' title='bbox 1689 4493 1714 4543; x_wconf 86' lang='lat' dir='ltr'><strong>el</strong></span> <span class='ocrx_word' id='word_1_499' title='bbox 1728 4488 1855 4542; x_wconf 80' lang='lat' dir='ltr'><strong>uidimus</strong></span> 
     </span>
     <span class='ocr_line' id='line_1_44' title="bbox 216 4577 1856 4657; baseline -0.003 -23"><span class='ocrx_word' id='word_1_500' title='bbox 216 4596 300 4651; x_wconf 88' lang='lat' dir='ltr'><strong>quam</strong></span> <span class='ocrx_word' id='word_1_501' title='bbox 313 4581 435 4654; x_wconf 88' lang='lat' dir='ltr'><strong>primum</strong></span> <span class='ocrx_word' id='word_1_502' title='bbox 446 4584 593 4652; x_wconf 88' lang='lat' dir='ltr'><strong>increduli,</strong></span> <span class='ocrx_word' id='word_1_503' title='bbox 603 4586 781 4657; x_wconf 87' lang='lat' dir='ltr'><strong>postmodum</strong></span> <span class='ocrx_word' id='word_1_504' title='bbox 789 4591 883 4640; x_wconf 86' lang='lat' dir='ltr'><strong>tamen</strong></span> <span class='ocrx_word' id='word_1_505' title='bbox 895 4585 1013 4657; x_wconf 78' lang='lat' dir='ltr'><strong>professi</strong></span> <span class='ocrx_word' id='word_1_506' title='bbox 1054 4600 1110 4638; x_wconf 85' lang='lat' dir='ltr'><strong>uon</strong></span> <span class='ocrx_word' id='word_1_507' title='bbox 1121 4587 1199 4652; x_wconf 87' lang='lat' dir='ltr'><strong>toqui</strong></span> <span class='ocrx_word' id='word_1_508' title='bbox 1218 4585 1282 4650; x_wconf 76' lang='lat' dir='ltr'><strong>tici.</strong></span> <span class='ocrx_word' id='word_1_509' title='bbox 1298 4597 1335 4650; x_wconf 80' lang='lat' dir='ltr'><strong>tv,</strong></span> <span class='ocrx_word' id='word_1_510' title='bbox 1363 4581 1420 4651; x_wconf 75' lang='lat'>20).</span> <span class='ocrx_word' id='word_1_511' title='bbox 1436 4581 1484 4636; x_wconf 92' lang='lat' dir='ltr'><strong>Nil</strong></span> <span class='ocrx_word' id='word_1_512' title='bbox 1510 4596 1632 4651; x_wconf 86' lang='lat' dir='ltr'><strong>namque</strong></span> <span class='ocrx_word' id='word_1_513' title='bbox 1655 4577 1702 4631; x_wconf 89' lang='lat' dir='ltr'><strong>hic</strong></span> <span class='ocrx_word' id='word_1_514' title='bbox 1724 4577 1856 4631; x_wconf 84' lang='lat' dir='ltr'><strong>calamus</strong></span> 
     </span>
     <span class='ocr_line' id='line_1_45' title="bbox 217 4665 1856 4744; baseline -0.004 -20"><span class='ocrx_word' id='word_1_515' title='bbox 217 4671 349 4726; x_wconf 89' lang='lat' dir='ltr'><strong>suntboc</strong></span> <span class='ocrx_word' id='word_1_516' title='bbox 364 4689 424 4727; x_wconf 88' lang='lat' dir='ltr'><strong>esse</strong></span> <span class='ocrx_word' id='word_1_517' title='bbox 441 4673 560 4744; x_wconf 82' lang='lat' dir='ltr'><strong>digitum</strong></span> <span class='ocrx_word' id='word_1_518' title='bbox 587 4673 640 4728; x_wconf 92' lang='lat' dir='ltr'><strong>Dei</strong></span> <span class='ocrx_word' id='word_1_519' title='bbox 667 4675 764 4742; x_wconf 73' lang='lat' dir='ltr'><strong>(lidori.</strong></span> <span class='ocrx_word' id='word_1_520' title='bbox 783 4689 841 4740; x_wconf 79' lang='lat' dir='ltr'><strong>vrri,</strong></span> <span class='ocrx_word' id='word_1_521' title='bbox 863 4673 918 4744; x_wconf 73' lang='lat'>19).</span> <span class='ocrx_word' id='word_1_522' title='bbox 944 4674 1012 4729; x_wconf 86' lang='lat' dir='ltr'><strong>Coeli</strong></span> <span class='ocrx_word' id='word_1_523' title='bbox 1053 4673 1144 4744; x_wconf 90' lang='lat' dir='ltr'><strong>aperit</strong></span> <span class='ocrx_word' id='word_1_524' title='bbox 1168 4671 1346 4727; x_wconf 87' lang='lat' dir='ltr'><strong>currentibus</strong></span> <span class='ocrx_word' id='word_1_525' title='bbox 1372 4669 1507 4731; x_wconf 83' lang='lat' dir='ltr'><strong>articulis,</strong></span> <span class='ocrx_word' id='word_1_526' title='bbox 1536 4669 1590 4723; x_wconf 91' lang='lat' dir='ltr'><strong>nisi</strong></span> <span class='ocrx_word' id='word_1_527' title='bbox 1618 4683 1680 4739; x_wconf 78' lang='lat' dir='ltr'><strong>que</strong></span> <span class='ocrx_word' id='word_1_528' title='bbox 1707 4665 1856 4720; x_wconf 82' lang='lat' dir='ltr'><strong>evidenter</strong></span> 
     </span>
     <span class='ocr_line' id='line_1_46' title="bbox 216 4753 1856 4834; baseline -0.003 -22"><span class='ocrx_word' id='word_1_529' title='bbox 216 4774 327 4830; x_wconf 80' lang='lat' dir='ltr'><strong>nempe,</strong></span> <span class='ocrx_word' id='word_1_530' title='bbox 344 4761 396 4815; x_wconf 82' lang='lat' dir='ltr'><strong>lroc</strong></span> <span class='ocrx_word' id='word_1_531' title='bbox 409 4766 453 4816; x_wconf 90' lang='lat' dir='ltr'><strong>est</strong></span> <span class='ocrx_word' id='word_1_532' title='bbox 465 4762 568 4834; x_wconf 88' lang='lat' dir='ltr'><strong>quique</strong></span> <span class='ocrx_word' id='word_1_533' title='bbox 581 4763 687 4828; x_wconf 86' lang='lat' dir='ltr'><strong>fideles,</strong></span> <span class='ocrx_word' id='word_1_534' title='bbox 702 4762 821 4833; x_wconf 85' lang='lat' dir='ltr'><strong>gloriam</strong></span> <span class='ocrx_word' id='word_1_535' title='bbox 834 4763 884 4818; x_wconf 88' lang='lat' dir='ltr'><strong>Dei</strong></span> <span class='ocrx_word' id='word_1_536' title='bbox 894 4763 1014 4834; x_wconf 92' lang='lat' dir='ltr'><strong>loquun·</strong></span> <span class='ocrx_word' id='word_1_537' title='bbox 1053 4761 1168 4817; x_wconf 92' lang='lat' dir='ltr'><strong>obtutus</strong></span> <span class='ocrx_word' id='word_1_538' title='bbox 1195 4761 1347 4834; x_wconf 85' lang='lat' dir='ltr'><strong>probavere</strong></span> <span class='ocrx_word' id='word_1_539' title='bbox 1369 4757 1515 4830; x_wconf 88' lang='lat' dir='ltr'><strong>scriptoris</strong></span> <span class='ocrx_word' id='word_1_540' title='bbox 1543 4757 1592 4824; x_wconf 70' lang='lat' dir='ltr'><strong>qn,</strong></span> <span class='ocrx_word' id='word_1_541' title='bbox 1606 4754 1801 4811; x_wconf 87' lang='lat' dir='ltr'><strong>testimonium</strong></span> <span class='ocrx_word' id='word_1_542' title='bbox 1828 4753 1856 4808; x_wconf 84' lang='lat' dir='ltr'><strong>ei</strong></span> 
     </span>
     <span class='ocr_line' id='line_1_47' title="bbox 216 4843 1856 4923; baseline -0.003 -22"><span class='ocrx_word' id='word_1_543' title='bbox 216 4851 275 4916; x_wconf 91' lang='lat' dir='ltr'><strong>tur,</strong></span> <span class='ocrx_word' id='word_1_544' title='bbox 291 4848 479 4904; x_wconf 89' lang='lat' dir='ltr'><strong>etinomnem</strong></span> <span class='ocrx_word' id='word_1_545' title='bbox 491 4855 596 4908; x_wconf 87' lang='lat' dir='ltr'><strong>terram</strong></span> <span class='ocrx_word' id='word_1_546' title='bbox 609 4851 743 4907; x_wconf 87' lang='lat' dir='ltr'><strong>uirtutum</strong></span> <span class='ocrx_word' id='word_1_547' title='bbox 756 4851 844 4923; x_wconf 92' lang='lat' dir='ltr'><strong>ipsius</strong></span> <span class='ocrx_word' id='word_1_548' title='bbox 859 4868 1014 4922; x_wconf 90' lang='lat' dir='ltr'><strong>sonuspro·</strong></span> <span class='ocrx_word' id='word_1_549' title='bbox 1055 4851 1236 4906; x_wconf 89' lang='lat' dir='ltr'><strong>reddentibus</strong></span> <span class='ocrx_word' id='word_1_550' title='bbox 1259 4850 1387 4920; x_wconf 89' lang='lat' dir='ltr'><strong>ejusdem</strong></span> <span class='ocrx_word' id='word_1_551' title='bbox 1417 4846 1553 4918; x_wconf 89' lang='lat' dir='ltr'><strong>temporis</strong></span> <span class='ocrx_word' id='word_1_552' title='bbox 1571 4844 1728 4909; x_wconf 83' lang='lat' dir='ltr'><strong>monacbis,</strong></span> <span class='ocrx_word' id='word_1_553' title='bbox 1742 4843 1856 4898; x_wconf 83' lang='lat' dir='ltr'><strong>clericis</strong></span> 
     </span>
     <span class='ocr_line' id='line_1_48' title="bbox 214 4921 1857 5013; baseline -0.004 -22"><span class='ocrx_word' id='word_1_554' title='bbox 214 4936 354 5009; x_wconf 86' lang='lat' dir='ltr'><strong>greditur.</strong></span> <span class='ocrx_word' id='word_1_555' title='bbox 371 4938 449 4994; x_wconf 88' lang='lat' dir='ltr'><strong>Unde</strong></span> <span class='ocrx_word' id='word_1_556' title='bbox 476 4956 527 5011; x_wconf 91' lang='lat' dir='ltr'><strong>pro</strong></span> <span class='ocrx_word' id='word_1_557' title='bbox 552 4939 665 5008; x_wconf 87' lang='lat' dir='ltr'><strong>modulo</strong></span> <span class='ocrx_word' id='word_1_558' title='bbox 689 4946 791 4995; x_wconf 82' lang='lat' dir='ltr'><strong>nostrae</strong></span> <span class='ocrx_word' id='word_1_559' title='bbox 811 4921 1141 5013; x_wconf 75' lang='lat' dir='ltr'><strong>possibilitatis‚Batque</strong></span> <span class='ocrx_word' id='word_1_560' title='bbox 1155 4941 1242 4996; x_wconf 89' lang='lat' dir='ltr'><strong>etiam</strong></span> <span class='ocrx_word' id='word_1_561' title='bbox 1250 4937 1416 4996; x_wconf 84' lang='lat' dir='ltr'><strong>venerandae</strong></span> <span class='ocrx_word' id='word_1_562' title='bbox 1427 4936 1571 4992; x_wconf 79' lang='lat' dir='ltr'><strong>memoriae</strong></span> <span class='ocrx_word' id='word_1_563' title='bbox 1581 4940 1611 4990; x_wconf 90' lang='lat' dir='ltr'><strong>et</strong></span> <span class='ocrx_word' id='word_1_564' title='bbox 1627 4932 1748 5004; x_wconf 89' lang='lat' dir='ltr'><strong>insignis</strong></span> <span class='ocrx_word' id='word_1_565' title='bbox 1768 4931 1857 4986; x_wconf 77' lang='lat' dir='ltr'><strong>lamae</strong></span> 
     </span>
     <span class='ocr_line' id='line_1_49' title="bbox 215 5021 1526 5101; baseline 0.004 -19"><span class='ocrx_word' id='word_1_566' title='bbox 215 5026 343 5100; x_wconf 89' lang='lat' dir='ltr'><strong>impolito</strong></span> <span class='ocrx_word' id='word_1_567' title='bbox 356 5028 470 5100; x_wconf 89' lang='lat' dir='ltr'><strong>quidem</strong></span> <span class='ocrx_word' id='word_1_568' title='bbox 484 5045 623 5097; x_wconf 87' lang='lat' dir='ltr'><strong>sermone,</strong></span> <span class='ocrx_word' id='word_1_569' title='bbox 635 5030 748 5085; x_wconf 88' lang='lat' dir='ltr'><strong>sednon</strong></span> <span class='ocrx_word' id='word_1_570' title='bbox 757 5029 874 5101; x_wconf 90' lang='lat' dir='ltr'><strong>ignobili</strong></span> <span class='ocrx_word' id='word_1_571' title='bbox 885 5029 1013 5096; x_wconf 88' lang='lat' dir='ltr'><strong>materie,</strong></span> <span class='ocrx_word' id='word_1_572' title='bbox 1055 5030 1135 5086; x_wconf 89' lang='lat' dir='ltr'><strong>laicis</strong></span> <span class='ocrx_word' id='word_1_573' title='bbox 1150 5028 1199 5101; x_wconf 76' lang='lat'><strong>(2).</strong></span> <span class='ocrx_word' id='word_1_574' title='bbox 1518 5021 1526 5028; x_wconf 72' lang='grc'><strong>’</strong></span> 
     </span>
    </p>
   </div>
   <div class='ocr_carea' id='block_1_14' title="bbox 214 5207 1859 5480">
    <p class='ocr_par' dir='ltr' id='par_1_18' title="bbox 214 5207 1859 5480">
     <span class='ocr_line' id='line_1_50' title="bbox 253 5207 1654 5285; baseline -0.007 -17"><span class='ocrx_word' id='word_1_575' title='bbox 253 5210 287 5282; x_wconf 76' lang='lat' dir='ltr'><strong>(ll</strong></span> <span class='ocrx_word' id='word_1_576' title='bbox 307 5210 382 5268; x_wconf 89' lang='lat' dir='ltr'><strong>Hinc</strong></span> <span class='ocrx_word' id='word_1_577' title='bbox 394 5216 506 5267; x_wconf 86' lang='lat' dir='ltr'><strong>constat</strong></span> <span class='ocrx_word' id='word_1_578' title='bbox 518 5211 553 5266; x_wconf 92' lang='lat' dir='ltr'><strong>de</strong></span> <span class='ocrx_word' id='word_1_579' title='bbox 566 5209 710 5282; x_wconf 89' lang='lat' dir='ltr'><strong>scriptoris</strong></span> <span class='ocrx_word' id='word_1_580' title='bbox 724 5215 817 5264; x_wconf 84' lang='lat' dir='ltr'><strong>aetate.</strong></span> <span class='ocrx_word' id='word_1_581' title='bbox 1074 5207 1099 5264; x_wconf 91' lang='lat'><strong>5.</strong></span> <span class='ocrx_word' id='word_1_582' title='bbox 1114 5209 1151 5264; x_wconf 85' lang='lat' dir='ltr'><strong>Dc</strong></span> <span class='ocrx_word' id='word_1_583' title='bbox 1163 5223 1248 5278; x_wconf 86' lang='lat' dir='ltr'><strong>puero</strong></span> <span class='ocrx_word' id='word_1_584' title='bbox 1257 5207 1342 5262; x_wconf 78' lang='lat' dir='ltr'><strong>debili</strong></span> <span class='ocrx_word' id='word_1_585' title='bbox 1350 5211 1461 5264; x_wconf 82' lang='lat' dir='ltr'><strong>sonato.</strong></span> <span class='ocrx_word' id='word_1_586' title='bbox 1648 5273 1654 5285; x_wconf 39' lang='lat'><strong>·</strong></span> 
     </span>
     <span class='ocr_line' id='line_1_51' title="bbox 252 5271 1859 5366; baseline -0.01 -27"><span class='ocrx_word' id='word_1_587' title='bbox 252 5281 289 5349; x_wconf 77' lang='lat'><strong>(2)</strong></span> <span class='ocrx_word' id='word_1_588' title='bbox 304 5283 558 5366; x_wconf 41' lang='lat' dir='ltr'><strong>Capitulisdeinde.</strong></span> <span class='ocrx_word' id='word_1_589' title='bbox 569 5282 698 5352; x_wconf 85' lang='lat' dir='ltr'><strong>margine</strong></span> <span class='ocrx_word' id='word_1_590' title='bbox 711 5281 841 5364; x_wconf 80' lang='lat' dir='ltr'><strong>indicatis</strong></span> <span class='ocrx_word' id='word_1_591' title='bbox 859 5279 1013 5336; x_wconf 87' lang='lat' dir='ltr'><strong>Historiam</strong></span> <span class='ocrx_word' id='word_1_592' title='bbox 1071 5279 1099 5334; x_wconf 89' lang='grc'><strong>6.</strong></span> <span class='ocrx_word' id='word_1_593' title='bbox 1113 5282 1149 5334; x_wconf 85' lang='lat' dir='ltr'><strong>De</strong></span> <span class='ocrx_word' id='word_1_594' title='bbox 1163 5282 1302 5333; x_wconf 81' lang='lat' dir='ltr'><strong>insensato</strong></span> <span class='ocrx_word' id='word_1_595' title='bbox 1312 5278 1455 5363; x_wconf 76' lang='lat' dir='ltr'><strong>lorrduuii</strong></span> <span class='ocrx_word' id='word_1_596' title='bbox 1468 5274 1561 5331; x_wconf 79' lang='lat' dir='ltr'><strong>sensui</strong></span> <span class='ocrx_word' id='word_1_597' title='bbox 1574 5271 1691 5326; x_wconf 74' lang='lat' dir='ltr'><strong>rulddm</strong></span> <span class='ocrx_word' id='word_1_598' title='bbox 1853 5347 1859 5357; x_wconf 30' lang='lat'>¹</span> 
     </span>
     <span class='ocr_line' id='line_1_52' title="bbox 214 5341 1857 5480; baseline -0.009 -71"><span class='ocrx_word' id='word_1_599' title='bbox 214 5368 294 5480; x_wconf 54' lang='lat' dir='ltr'><strong>ppque</strong></span> <span class='ocrx_word' id='word_1_600' title='bbox 309 5362 406 5411; x_wconf 88' lang='lat' dir='ltr'><strong>nostro</strong></span> <span class='ocrx_word' id='word_1_601' title='bbox 426 5356 635 5426; x_wconf 76' lang='lat' dir='ltr'><strong>distinguimus.</strong></span> <span class='ocrx_word' id='word_1_602' title='bbox 647 5351 691 5409; x_wconf 84' lang='lat' dir='ltr'><strong>Ea</strong></span> <span class='ocrx_word' id='word_1_603' title='bbox 708 5359 803 5408; x_wconf 88' lang='lat' dir='ltr'><strong>autem</strong></span> <span class='ocrx_word' id='word_1_604' title='bbox 819 5359 860 5440; x_wconf 78' lang='lat' dir='ltr'><strong>ita</strong></span> <span class='ocrx_word' id='word_1_605' title='bbox 882 5351 1013 5423; x_wconf 88' lang='lat' dir='ltr'><strong>legeban·</strong></span> <span class='ocrx_word' id='word_1_606' title='bbox 1073 5352 1317 5477; x_wconf 49' lang='lat' dir='ltr'><strong>lqrqlqtaqontrocto</strong></span> <span class='ocrx_word' id='word_1_607' title='bbox 1345 5351 1462 5405; x_wconf 79' lang='lat' dir='ltr'><strong>mulcere</strong></span> <span class='ocrx_word' id='word_1_608' title='bbox 1484 5345 1535 5400; x_wconf 83' lang='lat' dir='ltr'><strong>sub</strong></span> <span class='ocrx_word' id='word_1_609' title='bbox 1562 5345 1663 5414; x_wconf 77' lang='lat' dir='ltr'><strong>feretro</strong></span> <span class='ocrx_word' id='word_1_610' title='bbox 1684 5341 1715 5399; x_wconf 88' lang='lat' dir='ltr'><strong>S.</strong></span> <span class='ocrx_word' id='word_1_611' title='bbox 1728 5341 1857 5398; x_wconf 73' lang='lat' dir='ltr'><strong>Amouda</strong></span> 
     </span>
    </p>
   </div>
   <div class='ocr_carea' id='block_1_15' title="bbox 236 5491 1698 5625">
    <p class='ocr_par' dir='ltr' id='par_1_19' title="bbox 236 5491 1698 5625">
     <span class='ocr_line' id='line_1_53' title="bbox 236 5491 1463 5569; baseline -0.01 -15"><span class='ocrx_word' id='word_1_612' title='bbox 236 5496 260 5554; x_wconf 92' lang='grc'><strong>1.</strong></span> <span class='ocrx_word' id='word_1_613' title='bbox 273 5499 310 5553; x_wconf 85' lang='lat' dir='ltr'><strong>Dc</strong></span> <span class='ocrx_word' id='word_1_614' title='bbox 319 5500 464 5569; x_wconf 80' lang='lat' dir='ltr'><strong>componis</strong></span> <span class='ocrx_word' id='word_1_615' title='bbox 473 5497 597 5552; x_wconf 77' lang='lat' dir='ltr'><strong>ardendo</strong></span> <span class='ocrx_word' id='word_1_616' title='bbox 617 5497 791 5564; x_wconf 80' lang='lat' dir='ltr'><strong>sonantibus,</strong></span> <span class='ocrx_word' id='word_1_617' title='bbox 817 5497 927 5552; x_wconf 82' lang='lat' dir='ltr'><strong>nemine</strong></span> <span class='ocrx_word' id='word_1_618' title='bbox 947 5499 1014 5566; x_wconf 88' lang='lat' dir='ltr'><strong>pul·</strong></span> <span class='ocrx_word' id='word_1_619' title='bbox 1075 5493 1101 5550; x_wconf 89' lang='lat'><strong>8.</strong></span> <span class='ocrx_word' id='word_1_620' title='bbox 1117 5495 1233 5549; x_wconf 72' lang='lat' dir='ltr'><strong>dcccco</strong></span> <span class='ocrx_word' id='word_1_621' title='bbox 1242 5491 1463 5546; x_wconf 83' lang='lat' dir='ltr'><strong>otsuircstiluto.</strong></span> 
     </span>
     <span class='ocr_line' id='line_1_54' title="bbox 251 5558 1698 5625; baseline -0.009 -1"><span class='ocrx_word' id='word_1_622' title='bbox 251 5573 338 5625; x_wconf 83' lang='lat' dir='ltr'><strong>sonte.</strong></span> <span class='ocrx_word' id='word_1_623' title='bbox 1072 5563 1100 5618; x_wconf 83' lang='lat'><strong>9.</strong></span> <span class='ocrx_word' id='word_1_624' title='bbox 1115 5565 1151 5619; x_wconf 77' lang='lat' dir='ltr'><strong>lic</strong></span> <span class='ocrx_word' id='word_1_625' title='bbox 1164 5569 1272 5619; x_wconf 83' lang='lat' dir='ltr'><strong>mutuo</strong></span> <span class='ocrx_word' id='word_1_626' title='bbox 1288 5563 1434 5616; x_wconf 85' lang='lat' dir='ltr'><strong>noticitolc</strong></span> <span class='ocrx_word' id='word_1_627' title='bbox 1447 5558 1548 5613; x_wconf 81' lang='lat' dir='ltr'><strong>ibidem</strong></span> <span class='ocrx_word' id='word_1_628' title='bbox 1564 5558 1698 5625; x_wconf 83' lang='lat' dir='ltr'><strong>loquente.</strong></span> 
     </span>
    </p>
   </div>
   <div class='ocr_carea' id='block_1_16' title="bbox 233 5625 1858 5705">
    <p class='ocr_par' dir='ltr' id='par_1_20' title="bbox 233 5625 1858 5705">
     <span class='ocr_line' id='line_1_55' title="bbox 233 5625 1858 5705; baseline -0.011 -5"><span class='ocrx_word' id='word_1_629' title='bbox 233 5641 261 5700; x_wconf 78' lang='grc'><strong>2.</strong></span> <span class='ocrx_word' id='word_1_630' title='bbox 274 5642 312 5696; x_wconf 75' lang='lat' dir='ltr'><strong>dc</strong></span> <span class='ocrx_word' id='word_1_631' title='bbox 322 5645 463 5697; x_wconf 81' lang='lat' dir='ltr'><strong>insensato</strong></span> <span class='ocrx_word' id='word_1_632' title='bbox 477 5641 621 5697; x_wconf 75' lang='lat' dir='ltr'><strong>Gomcrcci</strong></span> <span class='ocrx_word' id='word_1_633' title='bbox 634 5643 728 5695; x_wconf 84' lang='lat' dir='ltr'><strong>sensui</strong></span> <span class='ocrx_word' id='word_1_634' title='bbox 741 5638 857 5693; x_wconf 80' lang='lat' dir='ltr'><strong>reddito.</strong></span> <span class='ocrx_word' id='word_1_635' title='bbox 1059 5632 1101 5694; x_wconf 86' lang='grc'><strong>11).</strong></span> <span class='ocrx_word' id='word_1_636' title='bbox 1115 5637 1151 5690; x_wconf 83' lang='lat' dir='ltr'><strong>lle</strong></span> <span class='ocrx_word' id='word_1_637' title='bbox 1163 5651 1251 5705; x_wconf 83' lang='lat' dir='ltr'><strong>puero</strong></span> <span class='ocrx_word' id='word_1_638' title='bbox 1260 5636 1362 5702; x_wconf 79' lang='lat' dir='ltr'><strong>opertis</strong></span> <span class='ocrx_word' id='word_1_639' title='bbox 1372 5633 1456 5688; x_wconf 83' lang='lat' dir='ltr'><strong>oculis</strong></span> <span class='ocrx_word' id='word_1_640' title='bbox 1471 5645 1528 5684; x_wconf 87' lang='lat' dir='ltr'><strong>uon</strong></span> <span class='ocrx_word' id='word_1_641' title='bbox 1537 5629 1643 5683; x_wconf 60' lang='lat' dir='ltr'><strong>mute</strong></span> <span class='ocrx_word' id='word_1_642' title='bbox 1653 5640 1706 5696; x_wconf 75' lang='lat' dir='ltr'><strong>per</strong></span> <span class='ocrx_word' id='word_1_643' title='bbox 1717 5625 1858 5684; x_wconf 54' lang='lat' dir='ltr'><strong>Semon-</strong></span> 
     </span>
    </p>
   </div>
   <div class='ocr_carea' id='block_1_17' title="bbox 234 5709 1565 5852">
    <p class='ocr_par' dir='ltr' id='par_1_21' title="bbox 234 5709 1565 5852">
     <span class='ocr_line' id='line_1_56' title="bbox 234 5709 1345 5782; baseline -0.012 -11"><span class='ocrx_word' id='word_1_644' title='bbox 234 5711 261 5771; x_wconf 80' lang='lat'><strong>3.</strong></span> <span class='ocrx_word' id='word_1_645' title='bbox 275 5713 313 5768; x_wconf 79' lang='lat' dir='ltr'><strong>Be</strong></span> <span class='ocrx_word' id='word_1_646' title='bbox 327 5715 444 5768; x_wconf 81' lang='lat' dir='ltr'><strong>muliere</strong></span> <span class='ocrx_word' id='word_1_647' title='bbox 456 5711 595 5782; x_wconf 70' lang='lat' dir='ltr'><strong>longuida</strong></span> <span class='ocrx_word' id='word_1_648' title='bbox 610 5713 728 5767; x_wconf 80' lang='lat' dir='ltr'><strong>canituli</strong></span> <span class='ocrx_word' id='word_1_649' title='bbox 738 5710 859 5766; x_wconf 72' lang='lat' dir='ltr'><strong>reddito,</strong></span> <span class='ocrx_word' id='word_1_650' title='bbox 1091 5709 1160 5762; x_wconf 85' lang='lat' dir='ltr'><strong>dum</strong></span> <span class='ocrx_word' id='word_1_651' title='bbox 1173 5709 1345 5762; x_wconf 82' lang='lat' dir='ltr'><strong>illuminato.</strong></span> 
     </span>
     <span class='ocr_line' id='line_1_57' title="bbox 234 5773 1565 5852; baseline -0.008 -14"><span class='ocrx_word' id='word_1_652' title='bbox 234 5781 263 5838; x_wconf 80' lang='lat' dir='ltr'><strong>l.</strong></span> <span class='ocrx_word' id='word_1_653' title='bbox 278 5783 351 5838; x_wconf 73' lang='lat' dir='ltr'><strong>uari</strong></span> <span class='ocrx_word' id='word_1_654' title='bbox 364 5788 427 5837; x_wconf 79' lang='lat' dir='ltr'><strong>crat</strong></span> <span class='ocrx_word' id='word_1_655' title='bbox 442 5785 541 5852; x_wconf 76' lang='lat' dir='ltr'><strong>linquo</strong></span> <span class='ocrx_word' id='word_1_656' title='bbox 554 5788 726 5841; x_wconf 70' lang='lat' dir='ltr'><strong>runcatur.</strong></span> <span class='ocrx_word' id='word_1_657' title='bbox 1058 5777 1102 5836; x_wconf 89' lang='lat' dir='ltr'><strong>ll.</strong></span> <span class='ocrx_word' id='word_1_658' title='bbox 1117 5777 1377 5834; x_wconf 77' lang='lat' dir='ltr'><strong>Decscoilouiomt</strong></span> <span class='ocrx_word' id='word_1_659' title='bbox 1390 5773 1565 5830; x_wconf 76' lang='lat' dir='ltr'><strong>illuminato.</strong></span> 
     </span>
    </p>
   </div>
   <div class='ocr_carea' id='block_1_18' title="bbox 0 0 1991 6164">
    <p class='ocr_par' dir='ltr' id='par_1_22' title="bbox 0 0 1991 6164">
     <span class='ocr_line' id='line_1_58' title="bbox 0 0 1991 6164; baseline 0 0"><span class='ocrx_word' id='word_1_660' title='bbox 0 0 1991 6164; x_wconf 95' lang='lat' dir='ltr'><strong> </strong></span> 
     </span>
    </p>
   </div>
  </div>
 </body>
</html>
