3882 6172
105 275 154 335 625
621 277 691 334 utu.
711 277 759 334 DE
778 277 948 354 CELANDA
966 279 1224 339 CONFESSIONE.
1686 281 1741 342 Μ

105 407 131 459 et
149 399 326 458 minantibus
341 402 504 470 attremant,
535 404 563 456 et
578 417 707 458 serenam
735 402 901 474 dignitatem
910 408 935 467 Α
944 412 1050 475 manet,
1062 407 1118 462 nisi
1127 407 1152 460 si
1163 406 1231 477 quid
1243 405 1429 478 personaliter
1446 409 1476 462 et
1487 407 1655 463 nominatim
1670 409 1742 464 exci-

105 490 316 562 indulgentibus
324 490 481 561 gaudenter
503 491 691 564 applaudaut;
708 496 807 564 estque
834 500 902 548 tunc
943 496 1047 568 piatur.
1064 496 1157 560 Quare
1168 495 1242 550 sicut
1255 495 1383 550 Christus
1404 495 1474 551 dixit
1491 496 1621 552 omuibus
1633 513 1741 568 prasu-

104 581 214 635 demum
229 580 357 635 omnium
373 578 624 636 ecclesiasticarum
653 596 748 635 rerum
776 585 839 636 rata
862 581 902 636 di·
942 583 1016 640 libus
1025 584 1159 640 Romanis
1168 584 1242 655 quod
1252 583 1323 639 dixit
1332 583 1413 638 beato
1425 585 1517 649 Patro,
1527 584 1567 638 ita
1582 587 1656 656 quod
1671 586 1742 642 dixit

103 669 256 740 spensatio,
270 668 296 723 si
318 684 510 724 successorum
525 667 601 724 beati
624 669 701 724 Petri
722 669 806 725 luerit
825 685 901 724 com·
942 673 1104 748 Gregorius,
1119 670 1458 729 omnibussuccassoribus
1469 673 1695 744 Augustinidixit
1709 675 1739 729 in

103 756 217 830 probata
236 757 354 827 judicio.
371 757 443 822 Quid
455 757 525 812 illud
541 757 610 828 agit,
631 757 686 812 uisi
700 757 740 812 uis
753 757 853 814 divina
866 758 902 814 li·
941 762 1110 832 Augustino.
1127 761 1199 816 Hinc
1215 760 1361 816 coniicitur
1376 765 1416 827 ut,
1431 762 1614 817 sicuthutia
1629 761 1741 833 subjici·

103 846 259 900 beralitatis
268 862 320 918 per
332 845 484 901 Dominum
493 847 590 901 lesum
603 863 620 901 a
634 845 715 901 bcato
724 847 806 902 Petro
820 847 849 902 in
863 847 900 904 ri·
942 855 990 906 tur
1004 849 1108 916 Romae,
1120 850 1195 923 quod
1208 863 1242 905 ex
1256 865 1290 904 ea
1301 850 1385 904 fidem
1398 848 1514 922 accepit,
1529 850 1570 904 ita
1581 851 1738 907 Eboracum

104 934 187 989 uarios
201 936 266 1005 ejus
280 935 400 990 diliusat
412 935 485 1006 Ergo
499 935 533 990 de
543 935 681 991 similibus
688 935 763 991 idem
773 952 900 1007 pronun·
940 938 1105 1010 subjiciatur
1114 939 1230 1004 (tantia,
1246 954 1307 1009 quae
1323 954 1356 993 eo
1366 937 1563 1010 predicatores
1577 939 1663 994 misit.

103 1023 181 1078 tiabis
192 1023 347 1096 judicium,
362 1024 386 1078 si
403 1024 578 1079 dialecticam
594 1025 677 1080 nosti.
975 1027 1041 1082 dam
1056 1043 1120 1082 raro
1135 1027 1210 1098 qnod
1237 1027 1341 1097 allegas
1368 1026 1487 1083 voluisse
1512 1027 1679 1098 Gregorium
1707 1033 1739 1083 ut

134 1111 278 1166 Praeterea
291 1112 366 1184 quod
381 1112 454 1167 valet
463 1111 492 1166 in
502 1117 575 1178 toto,
588 1112 664 1168 valet
676 1112 706 1168 in
722 1117 801 1184 parte
809 1130 815 1180 ;
824 1112 899 1184 quod
939 1116 1114 1188 AugustInus
1126 1115 1263 1170 resideret
1274 1114 1434 1182 Londonia,
1448 1117 1566 1171 fluctuat
1579 1116 1671 1187 plane.
1683 1116 1738 1180 Qui

105 1200 171 1254 ralct
183 1201 213 1254 in
230 1201 344 1272 majori,
357 1201 431 1255 valet
445 1201 475 1254 iu
491 1201 602 1255 minori.
631 1201 759 1256 Romana
778 1200 900 1256 Ecclesia
940 1206 1014 1259 enirn
1031 1203 1137 1258 lirmari
1152 1207 1245 1274 potest
1256 1208 1289 1257 ut
1303 1203 1372 1276 ipse,
1398 1203 1526 1275 magistri
1542 1204 1586 1259 sui
1601 1204 1739 1260 voluntati

104 1290 178 1360 quasi
203 1294 299 1344 totum
329 1295 373 1344 est
397 1290 533 1354 omnium,
551 1295 657 1344 oreterae
677 1288 806 1344 Ecclesiae
819 1289 899 1360 quasi
940 1292 1089 1354 resultans,
1111 1291 1140 1346 iu
1164 1291 1571 1363 repulsamdeoretorumiretl
1585 1292 1640 1346 Sed
1656 1292 1738 1348 lamae

105 1379 158 1448 ejus
170 1385 279 1450 partes.
298 1379 376 1434 Siout
388 1381 463 1433 enim
492 1379 613 1450 quodam
638 1378 742 1433 intuitu
757 1378 842 1432 homo
858 1382 901 1432 est
940 1387 998 1436 tam
1015 1380 1739 1452 mullorumassensutirmataderogarelidemrelu·

103 1484 186 1536 genus
199 1467 411 1523 individuorum
422 1472 686 1531 suorum,ettamen
697 1459 913 1538 inunoquoque'
941 1475 980 1524 to.
995 1470 1061 1524 Esto
1075 1468 1161 1534 euim,
1188 1472 1221 1523 ut
1233 1469 1303 1524 alias
1317 1469 1462 1540 migrarat,
1480 1469 1545 1540 qnid
1560 1469 1596 1524 ad
1616 1485 1673 1536 me,
1690 1469 1739 1541 qui

103 1555 241 1611 individuo
253 1557 331 1610 inest
339 1557 426 1611 totius
441 1556 562 1610 hominis
586 1561 647 1610 tota
668 1555 843 1627 proprietas;
860 1554 901 1609 ita
941 1555 1126 1613 Londiuensis
1138 1556 1283 1628 episcopus
1306 1573 1363 1611 non
1383 1558 1468 1612 sumt
1483 1557 1561 1612 Nihil
1584 1558 1661 1612 euim
1676 1573 1740 1612 mea

104 1645 217 1716 quodam
232 1651 366 1716 respectu
376 1645 593 1700 sedesRomana
606 1651 648 1698 est
660 1660 750 1715 genus
763 1648 792 1697 et
808 1649 900 1698 totum
940 1644 1066 1710 interest,
1082 1645 1135 1700 nisi
1150 1644 1225 1716 quod
1234 1661 1303 1700 usus
1316 1645 1493 1717 antiquitatis
1508 1662 1565 1700 non
1581 1645 1697 1717 patitur,
1714 1644 1739 1700 si

104 1733 220 1788 omnium
236 1733 437 1801 Ecclesiarum,
462 1739 491 1788 et
511 1737 605 1787 tamen
625 1733 654 1787 in
669 1747 837 1804 unaquaque
852 1721 972 1788 Eo-Btu
987 1749 1050 1789 cum
1061 1732 1230 1788 Lomliuensi
1239 1733 1369 1804 pontifice
1376 1733 1514 1805 primatus
1523 1733 1658 1788 honorem
1671 1748 1738 1804 par·

104 1821 180 1876 clesia
196 1821 289 1877 totius
304 1821 470 1877 Christianae
480 1820 613 1876 fideitota
625 1827 725 1892 regnat
739 1821 896 1891 integritas.
939 1822 1038 1877 tiaris?
1052 1823 1091 1878 Ea
1104 1822 1139 1876 de
1153 1839 1184 1876 re
1199 1821 1232 1888 si,
1248 1821 1297 1876 lite
1313 1826 1467 1894 sequestra,
1488 1838 1556 1893 pace
1570 1821 1664 1876 media
1686 1836 1737 1876 ne·

104 1908 162 1980 lpse
170 1916 213 1964 est
227 1912 322 1981 major
332 1910 458 1966 omnium
470 1910 673 1978 Ecclesiurum3
689 1916 716 1964 at
729 1909 804 1982 quod
819 1909 848 1964 in
865 1927 899 1964 ea
937 1910 1046 1980 gotium
1057 1909 1185 1964 ventilari
1199 1909 1350 1978 desideres,
1367 1925 1419 1982 pro
1434 1910 1489 1965 mei
1499 1909 1573 1980 juris
1579 1908 1670 1964 allicio
1679 1923 1737 1965 nou

104 1999 177 2065 salet,
191 1998 279 2054 debet
288 1998 619 2063 etvalareinminoribus,
632 2003 665 2054 ut
681 1998 898 2071 potestasprimi
939 1997 1022 2053 deero
1036 2004 1112 2053 recto
1122 1997 1239 2068 judicio.

105 2089 290 2160 cujuscunque
313 2088 442 2144 Eeolesire
464 2089 598 2162 principis
612 2088 641 2143 in
657 2087 836 2143 succedentes
855 2087 898 2141 di·

459 2347 759 2456 nmen
785 2348 980 2456 BAN
988 2349 1267 2458 PRAN
1267 2347 1367 2462 01

625 2541 915 2603 CANTUARIENSIS
928 2544 1207 2604 ARCHIEPISCOPI

312 2695 418 2833 DE
505 2695 885 2836 tutantia
972 2695 1533 2836 CONEESSlONE

752 2929 1069 3029 uiuamus

140 3112 192 3176 Ea
223 3113 341 3176 duodus
374 3133 440 3180 nass.
474 3112 623 3176 aedacibus
645 3113 756 3180 Sancti
780 3113 904 3179 Victoris
937 3115 1130 3193 Parrir'eneis,
1162 3123 1192 3174 et
1222 3115 1257 3177 ι’.
1290 3114 1322 3181 V.
1360 3115 1534 3180 Alexandri
1564 3114 1695 3178 Petaur't.

849 3283 984 3299 ῃ

136 3405 229 3468 820
236 3403 474 3459 mansurarum-
484 3404 578 3469 Quaeri
595 3404 706 3460 uidetur
720 3405 749 3460 in
763 3404 815 3460 boc
825 3403 931 3474 libello,
946 3422 1011 3462 oum
1024 3405 1155 3477 proprius
1162 3404 1293 3460 sacerdos
1301 3405 1462 3477 paenitentis
1471 3405 1675 3461 consessionem
1684 3419 1737 3478 pu·

107 3487 248 3564 bliearera't,
264 3493 378 3547 cuinam
392 3493 531 3564 penitens
545 3495 672 3550 confiteri
684 3494 793 3550 debeat.
809 3495 831 3550 Ι.
845 3495 967 3550 Probata
981 3495 1110 3551 Ecclesia
1123 3494 1283 3565 virginitate
1308 3500 1336 3550 et
1358 3495 1477 3563 unitate,
1496 3495 1620 3550 ostendit
1634 3500 1733 3550 auctor

107 3587 268 3648 quantorum
283 3581 423 3637 malorum
441 3599 527 3638 eausa
545 3583 671 3638 extiterit
681 3583 766 3655 sigilli
781 3583 962 3638 confessionis
976 3583 1119 3638 infractor.
1133 3613 1164 3624 -
1177 3583 1214 3638 ll.
1231 3584 1264 3638 ln
1277 3583 1328 3638 boc
1341 3599 1418 3650 casu,
1432 3583 1481 3639 ubi
1499 3583 1634 3639 nimirum
1650 3585 1740 3655 poeni·

106 3671 168 3724 nnn
180 3671 360 3727 sacerdotum
374 3672 448 3728 inest
458 3674 578 3744 penuria
593 3679 674 3729 tanta
686 3680 719 3729 ut
732 3674 825 3729 nullus
839 3676 925 3744 queat
932 3689 1047 3744 prorsus
1062 3673 1189 3746 reperiri,
1205 3689 1288 3745 posse
1307 3689 1372 3728 eum
1388 3672 1506 3739 clericis,
1525 3673 1691 3744 quinetiam
1705 3677 1734 3728 et

106 3756 174 3814 laicis
186 3761 312 3826 mundis,
328 3761 380 3815 hoo
392 3766 436 3816 est
450 3761 581 3817 fidelibus
593 3763 735 3829 confiteri3
746 3777 802 3817 non
811 3762 885 3832 quod
898 3761 948 3817 illa
957 3763 1092 3819 confessio
1103 3767 1146 3830 (ut
1160 3763 1301 3835 proteram
1315 3763 1368 3819 hac
1382 3764 1412 3819 iu
1422 3779 1453 3818 re
1464 3763 1661 3834 theologorum
1674 3778 1738 3819 sen·

105 3847 223 3916 undam)
237 3849 362 3921 gratiam
377 3867 410 3904 ex
422 3865 507 3922 opere
520 3855 636 3922 operato
651 3851 777 3906 conferat
787 3851 891 3923 (nsque
905 3850 982 3907 enim
991 3853 1202 3908 sacramentalis
1213 3856 1262 3924 est)
1270 3852 1318 3908 sed
1329 3869 1361 3907 ex
1373 3868 1457 3924 opera
1470 3852 1622 3924 operantis,
1633 3868 1736 3923 nempe

106 3950 133 3988 er
147 3939 325 4007 counitione,
340 3945 370 3994 et
380 3938 540 3995 humilitate
554 3957 639 4012 quam
658 3945 790 3996 testatam
804 3941 870 3996 facit
881 3942 1017 3997 confitens
1029 3941 1059 3996 in
1074 3940 1118 3996 sui
1137 3941 1231 3996 delicti
1246 3941 1424 4007 revelatione,
1434 3942 1570 4011 majorem
1584 3940 1677 3996 utsibi
1688 3957 1736 3998 ru·

105 4023 189 4082 baram
203 4027 344 4083 adsciscat
357 4046 364 4095 ;
380 4027 455 4082 unda
471 4028 677 4100 quodammodo
692 4030 766 4085 [leus
780 4030 909 4102 suppleat
932 4029 1087 4085 sacerdotis
1102 4029 1234 4085 cilicium.
1258 4060 1290 4071 ·-
1314 4027 1366 4084 111.
1383 4029 1436 4084 Ubi
1450 4045 1502 4084 neo
1517 4029 1657 4096 sacerdos,
1682 4045 1734 4084 nec

105 4115 221 4183 clericus,
233 4132 286 4172 uec
301 4116 391 4172 laicus
399 4116 607 4173 inveniturnon
619 4119 654 4172 de
669 4119 760 4174 saluta
781 4119 998 4190 desperandum,
1013 4118 1062 4174 sed
1079 4117 1131 4172 soli
1158 4118 1216 4173 Deo
1233 4116 1423 4172 confitendum
1438 4133 1472 4171 ex
1487 4115 1603 4171 diversis
1630 4115 1734 4188 probat

106 4201 149 4259 SS.
161 4205 278 4262 Petrum
294 4205 522 4262 auctoritatibus.

135 4317 255 4392 Rogatus
270 4336 356 4392 super
369 4320 530 4391 virginitale
544 4319 643 4375 matris
659 4321 798 4389 Ecclesia,
821 4307 924 4394 quo-C
935 4301 1079 4395 baptismi,
1090 4320 1228 4377 Dominici
1237 4318 1735 4393 corporisetsanguiuis,peooatotum

104 4407 177 4462 modo
191 4410 272 4480 virgo
287 4415 338 4477 cst,
354 4425 415 4480 que
431 4425 488 4464 non
501 4409 592 4465 solum
616 4426 649 4464 ex
665 4409 830 4482 uirginibus,
843 4412 893 4467 sed
933 4410 1215 4468 ooniessiouisdivisa
1228 4425 1283 4464 non
1294 4408 1593 4480 est,etquiauereuna,
1611 4425 1677 4464 rere
1689 4415 1734 4466 est

103 4495 178 4552 etiam
198 4516 232 4554 ex
262 4499 430 4569 conjugatis,
459 4517 492 4554 ex
506 4500 656 4572 corruptis,
679 4506 708 4555 et
723 4501 893 4574 incorruptis
933 4497 1732 4572 virgu,quiaomnisvirgo,exeoquodrirgoestjnduodi-

102 4599 177 4639 aime
190 4591 312 4654 constat,
338 4603 441 4658 negare
457 4603 514 4643 nou
528 4587 612 4644 debui
629 4589 759 4645 charitati
775 4590 843 4646 dare
858 4590 893 4645 de
933 4589 988 4644 vidi
1004 4605 1061 4643 non
1071 4593 1172 4660 potest
1190 4587 1294 4642 etenim
1305 4602 1370 4642 caro
1385 4603 1446 4658 qua
1456 4587 1536 4657 uirgo
1546 4593 1598 4654 est,
1609 4587 1732 4658 perfecte

102 4673 253 4745 uirginitate
266 4677 471 4732 testimonium.
497 4678 582 4750 Virgo
602 4679 677 4734 enim
702 4685 754 4745 ost,
783 4686 812 4734 et
827 4697 890 4735 vere
931 4684 975 4734 est
989 4679 1081 4749 virgo:
1095 4677 1251 4748 beataergo
1262 4677 1324 4746 [ol.,
1339 4677 1416 4748 rero]
1431 4683 1523 4731 mater
1536 4676 1660 4731 Ecclesia
1674 4693 1732 4734 una

102 4763 184 4834 rirgo;
198 4782 276 4830 nam,
288 4765 313 4820 si
327 4765 526 4822 intueamurin
541 4768 654 4839 speculo
665 4768 797 4839 puritatis
807 4773 836 4822 et
848 4785 889 4823 ve·
931 4768 1085 4838 eademque
1097 4767 1127 4821 in
1143 4764 1372 4830 sacramentis,et
1381 4765 1446 4832 fide,
1457 4764 1524 4819 dum
1537 4764 1607 4820 nihil
1616 4781 1731 4838 corrup-

101 4851 192 4922 ritatis,
212 4860 242 4911 et
252 4870 317 4910 vere
327 4854 403 4926 virgo
417 4855 571 4927 imaginem
594 4855 701 4910 liabens
720 4857 781 4926 [at.,
794 4856 889 4928 hujus]
930 4861 991 4911 tum
1007 4855 1035 4910 in
1049 4853 1229 4919 conscientia,
1243 4854 1315 4908 sicut
1328 4869 1381 4908 nec
1390 4853 1467 4924 virgo
1478 4853 1528 4908 Dei
1542 4853 1665 4925 genitrix
1678 4871 1730 4927 pa-

100 4941 269 5012 rirginitatis,
286 4945 360 5015 quod
371 4950 415 5000 est
428 4961 513 4999 carne
525 4945 608 5001 beata
623 4945 700 5016 virgo
719 4945 817 5012 Maria,
830 4962 891 5000 ma·
931 4944 1014 5012 titum
1031 4949 1064 4998 ut
1073 4943 1122 4998 illa
1132 4943 1162 4998 in
1177 4958 1303 5014 corpore,
1317 4943 1358 4996 ita
1371 4942 1431 5014 ipsa
1446 4959 1558 5014 quoque
1573 4956 1659 4999 seusu
1672 4943 1731 4998 vir·

100 5033 189 5088 terest
208 5033 331 5089 Ecclesia
340 5034 520 5090 couscientia.
541 5035 627 5105 Cujus
638 5035 679 5089 rei
690 5035 833 5090 inliueam
848 5034 888 5089 ci·
928 5049 974 5104 go,
989 5039 1041 5088 est.
1054 5033 1087 5087 In
1101 5032 1185 5102 hujus
1198 5031 1294 5104 itaque
1310 5030 1480 5102 virginitatis
1491 5032 1604 5104 speculo
1626 5031 1662 5086 ad
1685 5030 1731 5086 in·

100 5117 149 5174 tius
164 5121 323 5193 dirigimus,
338 5123 362 5177 si
373 5129 494 5195 quatuor
508 5122 695 5178 ecclesiastica
713 5129 890 5179 sacramenta
930 5115 1064 5176 'tuendam
1079 5120 1179 5175 taciem
1193 5119 1318 5175 ueritatis
1336 5120 1366 5175 in
1380 5119 1564 5175 sacramentis
1580 5118 1731 5174 confessio·

100 5206 241 5280 diligenter
253 5211 429 5284 inspicimus,
444 5212 539 5278 iidem,
554 5211 735 5284 baptismum,
750 5213 888 5268 Dominici
929 5211 974 5265 nis
988 5209 1124 5274 nonnulli,
1139 5213 1168 5264 et
1189 5209 1264 5281 quod
1291 5209 1405 5280 gravius
1432 5214 1484 5277 est,
1513 5208 1562 5280 qui
1575 5206 1729 5277 imaginem

100 5300 215 5368 eorporis
238 5305 267 5355 et
285 5300 431 5371 sauguinis
447 5301 695 5366 consecrationem,
711 5307 888 5373 peccatorum
928 5297 1173 5354 videnturhabere
1188 5297 1342 5369 religionis,
1369 5297 1492 5367 caligant
1507 5314 1514 5363 3
1535 5311 1597 5368 quae
1611 5293 1729 5365 diligen-

101 5387 744 5458 rcmissionem.i’ideeuimestmaterEoclesia,
757 5390 832 5463 quod
847 5395 891 5445 est
930 5387 1170 5452 tiusintueamur,
1195 5393 1224 5442 et
1251 5402 1333 5442 omne
1355 5385 1430 5456 quod
1457 5399 1546 5438 unum
1569 5398 1626 5438 non
1641 5382 1729 5438 estin

100 5489 176 5530 earne
185 5475 264 5532 beata
272 5477 367 5542 ldaria,
386 5477 453 5550 quia
470 5478 545 5550 quod
558 5478 605 5534 illa
618 5477 647 5533 in
662 5479 769 5550 Spiritu
787 5479 889 5534 Sancto
931 5481 1027 5543 880
1040 5481 1137 5531 sancta
1148 5475 1276 5532 Ecclesia.
1294 5472 1330 5528 ub
1342 5471 1557 5528 oculoreritatis
1571 5476 1728 5530 evanescat.

100 5565 227 5636 mnoepit,
241 5567 297 5623 ists
311 5567 340 5626 in
351 5567 460 5642 Spiritu
474 5573 571 5624 sancto
586 5567 683 5625 credit.
701 5567 890 5626 sacramentis
966 5566 1032 5620 'l'riu
1047 5582 1108 5620 essa
1135 5567 1311 5622 sacramenta
1338 5562 1367 5640 (ὓ)
1387 5560 1568 5618 consessionis
1592 5558 1730 5617 Dominus
