3896 6170
128 283 191 344 1105
643 293 853 352 consuitur.
873 295 1043 352 amsans.
1064 327 1097 338 -
1116 297 1184 355 tm.
1205 301 1241 357 ll.
1686 301 1757 360 1106

17 443 18 450 1
124 409 196 464 aima
211 413 308 468 tamen
322 411 510 472 aollicitudine
519 417 615 474 studet
629 435 681 492 per
693 436 741 476 eos
755 419 835 492 lapsa
847 419 956 481 clau-A
998 419 1063 476 llaec
1081 425 1124 477 est
1146 428 1240 478 autem
1264 425 1430 497 psalmodia.
1446 442 1508 498 qua
1526 430 1657 482 οηηωωο
1681 428 1758 484 inter

124 498 172 552 stri
184 502 259 554 tecta
272 501 430 568 reficereet
443 519 560 575 quaeque
573 507 616 560 vel
631 524 681 578 per
699 507 800 578 ipsum,
814 509 856 563 rel
872 525 921 580 per
960 510 1144 580 operandum.
1157 512 1281 568 Primum
1297 530 1358 585 qua
1369 515 1506 570 remansit
1518 522 1583 586 post
1595 516 1717 588 primam
1727 523 1756 573 et

123 587 853 659 aliumadmonitusnorit,ersuaobedientiafratrum
866 598 921 672 usi-
960 603 1023 668 post
1034 598 1197 668 capitulum.
1211 601 1311 656 Postea
1325 619 1422 657 omnes
1433 605 1575 674 regulares
1590 605 1665 659 horae
1678 621 1756 660 more

125 677 172 732 bus
186 676 216 733 iu
229 678 353 734 claustro
359 681 507 751 profutura
518 681 659 738 ferventer
668 685 832 749 etindilate,
845 693 918 759 post·
960 687 1168 742 canonicorum.
1185 689 1262 744 Inter
1275 692 1354 760 cuius
1368 692 1453 746 etiam
1464 709 1561 763 preces
1575 693 1757 765 subjungitur

123 765 218 837 positis
243 767 437 837 exterioribus,
461 769 602 826 exhibere.
629 773 672 827 ad
697 776 917 846 perpetrandum
959 775 1094 844 psalmus,
1123 777 1203 832 Verba
1219 794 1289 846 rnea,
1310 785 1339 833 et
1359 791 1465 850 septem
1490 781 1590 853 psalmi
1613 799 1664 853 per
1686 782 1756 838 alias

122 859 214 910 autem
228 855 289 911 brec
301 857 398 912 omnia
417 875 435 913 a
452 859 597 915 cellerario
620 861 706 917 habet
729 880 846 936 quaque
864 864 917 919 sibi
957 862 1051 928 horas,
1063 863 1183 933 dirisi03
1199 867 1564 938 tresqui'remuneatsimul
1577 871 1755 942 interpreces

121 949 185 999 suut
198 946 368 1003 necemaria.
392 947 474 1014 Huic,
490 947 563 1004 sicut
577 955 605 1005 et
619 951 728 1007 ceteris
742 953 916 1010 obedientia·
958 951 1139 1023 Oompletorii
1149 953 1291 1011 dicuntur.
1303 956 1338 1010 Et
1350 956 1442 1028 ipsum
1452 956 1672 1030 Complatorium
1686 976 1757 1031 prae·

121 1030 176 1100 riis,
190 1033 304 1104 quando
319 1050 434 1092 neceam
448 1036 542 1106 habet,
559 1055 643 1094 mane
655 1039 689 1094 de
708 1041 829 1098 claustro
841 1043 916 1100 exire
956 1037 1038 1092 cedit.
1053 1039 1170 1111 Vesperi
1184 1057 1235 1113 pro
1249 1043 1378 1099 fidelibus
1391 1045 1540 1101 defunctis.
1558 1047 1755 1102 Annectuntur

120 1121 192 1188 licet,
209 1127 337 1195 tempore
349 1123 471 1196 hyemali
486 1143 550 1182 mox
571 1127 651 1183 fluite
667 1129 763 1184 litania
778 1129 915 1188 diurnali·
956 1128 1125 1200 psalmi,qui
1141 1130 1232 1185 solent
1244 1131 1299 1186 dici
1312 1148 1362 1203 pro
1372 1132 1559 1189 familiaribus
1570 1135 1752 1206 posttertiam

120 1207 169 1264 bus
183 1226 215 1264 se
229 1211 359 1279 calciare,
376 1213 470 1270 iurare
492 1221 521 1270 et
537 1223 658 1287 pectere,
683 1217 778 1289 sicque
796 1220 831 1274 ad
847 1219 914 1276 obe·
956 1221 984 1270 et
995 1221 1058 1287 post
1069 1218 1399 1291 duashorassequentes.
1413 1222 1441 1277 Si
1453 1222 1541 1276 visum
1552 1222 1751 1278 fueritdomuo

119 1298 253 1355 dientiam
277 1317 357 1356 suam
376 1302 472 1373 exire;
492 1304 542 1360 sed
561 1311 659 1376 postea
675 1312 733 1360 tatu
747 1309 913 1379 tempestive
954 1304 1059 1369 abbati,
1086 1312 1119 1361 ut
1139 1308 1260 1378 amplius
1288 1316 1449 1381 operentur,
1475 1311 1626 1382 ampliatur
1640 1327 1751 1382 quoque

119 1387 200 1444 debet
208 1388 311 1456 redire,
331 1395 365 1446 ut
377 1407 442 1446 cum
465 1400 603 1449 conventu
622 1409 695 1466 aqua
710 1393 856 1453 benedicta
871 1414 914 1454 as·
954 1394 1111 1463 psalmodia
1121 1396 1156 1451 de
1165 1397 1285 1468 psalmo,
1299 1399 1343 1453 Ad
1350 1399 1502 1454 doctinam
1522 1415 1586 1454 eum
1599 1401 1753 1455 tribularer

119 1492 214 1547 persus
229 1477 319 1550 possit
335 1478 428 1535 tribus
443 1482 616 1539 orationibus
633 1483 777 1539 interesse.
955 1497 1044 1552 usque
1058 1483 1094 1538 ad
1108 1485 1194 1540 tinem
1211 1485 1349 1551 Psalterii,
1364 1492 1393 1541 et
1407 1492 1474 1542 ωηο
1484 1488 1569 1542 etiam
1586 1505 1604 1542 a
1613 1488 1751 1560 principio

393 1570 510 1626 CAPUT
522 1572 632 1627 XLVII.
954 1569 1091 1641 psalterii,
1112 1573 1206 1630 Gloria
1230 1576 1310 1628 Patri
1331 1580 1394 1646 post
1416 1580 1474 1630 tres
1498 1576 1621 1646 psalmos
1640 1593 1753 1642 semper

414 1660 449 1714 lte
465 1660 624 1716 hortulano.
954 1658 1128 1731 interposito.
1141 1662 1246 1717 Verum
1262 1663 1348 1717 linitis
1360 1663 1422 1718 istis
1436 1665 1553 1734 psalmis
1567 1682 1618 1736 pro
1627 1664 1751 1719 familia·

152 1745 217 1816 (aa.)
229 1744 285 1800 Sed
296 1751 325 1800 et
336 1746 504 1803 hortulanus
518 1749 663 1806 cellerario
677 1751 761 1808 debet
774 1770 835 1809 esse
849 1753 913 1808 nib
954 1746 1041 1814 ribus,
1058 1753 1156 1820 Postea
1170 1750 1290 1806 d⁰m¹¹1¹S
1311 1751 1392 1818 abba,
1404 1768 1467 1806 0¹1¹ss
1484 1753 1606 1824 primum
1619 1753 1748 1820 VOlilefsts

116 1834 214 1903 jactus,
223 1839 258 1888 ut
267 1834 290 1889 si
306 1835 373 1906 quid
387 1836 510 1892 fueritin
525 1838 617 1906 horto,
635 1841 708 1912 quod
719 1841 779 1913 ipse
793 1812 946 1899 uoluerit·B
954 1835 1048 1892 innuit
1061 1837 1195 1893 fratribus
1218 1838 1253 1892 ab
1278 1856 1361 1911 opere
1383 1857 1502 1907 cessare,
1518 1846 1547 1896 et
1566 1841 1601 1895 ad
1618 1859 1647 1896 se
1660 1841 1750 1914 magis

119 1923 150 1977 ad
165 1923 314 1979 seruitium
325 1925 456 1991 fratrum,
471 1927 633 1984 obedienter
646 1928 749 1985 habeat
762 1930 797 1985 ab
812 1931 868 1986 illo.
882 1932 913 1988 Si
954 1927 1128 1997 appropiare·
1143 1927 1226 1982 lubet
1244 1932 1277 1982 ut
1294 1929 1400 2000 aliquid
1415 1928 1453 1983 ibi
1473 1930 1592 2000 legatur,
1609 1931 1692 1985 citius
1703 1937 1748 1985 ta-

118 2012 176 2083 quis
201 2012 323 2068 fratrum
349 2014 385 2068 ab
413 2031 446 2070 eo
470 2016 577 2087 aliquid
602 2018 658 2072 tale
681 2019 716 2074 de
735 2019 913 2076 nascentibus
954 2031 1019 2068 men
1034 2015 1208 2085 finiendum
1233 2017 1299 2088 quie
1316 2017 1376 2089 ipse
1393 2017 1517 2073 relalius
1531 2035 1563 2073 eo
1575 2019 1693 2089 jubente
1707 2019 1720 2073 f
1736 2049 1750 2060 -

117 2099 186 2156 horti
197 2103 325 2172 postulet
337 2119 388 2174 pro
402 2103 568 2160 infirmitate
585 2107 690 2178 alique,
713 2107 766 2163 hoc
788 2125 844 2164 non
859 2110 913 2165 nisi
954 2109 1051 2158 cturus
1070 2111 1114 2158 est
1131 2105 1197 2159 inde
1216 2122 1373 2160 sermonem
1386 2125 1392 2173 ;
1416 2111 1445 2161 et
1459 2107 1511 2161 hoe
1525 2113 1568 2162 est
1579 2107 1700 2163 maxime
1715 2108 1750 2163 de

120 2205 180 2244 cunt
206 2191 345 2246 cellerarii
365 2192 479 2248 licentia
500 2194 585 2250 debet
598 2196 624 2250 ei
645 2196 817 2268 impendere.
834 2201 846 2225 *
861 2199 914 2254 Oui
954 2192 1107 2247 11111161ᾶθ
1117 2193 1313 2248 ⁰⁰llaii01¹ibus
1339 2195 1752 2266 Pili¹l1msil1¹⁰daedis¹⁰0iffll·

111 2279 288 2336 nullomodo
303 2285 346 2336 est
362 2297 537 2338 concessum.
555 2284 621 2352 (nn.)
637 2287 670 2338 ut
686 2301 811 2358 unquam
826 2288 913 2342 meri·
953 2281 1135 2347 dientesQuo
1146 2282 1235 2348 linito,
1245 2282 1753 2356 iterumimpositapsalmodiarerer·

116 2366 225 2423 bouem
241 2369 340 2425 boram
355 2371 515 2442 regularem
529 2373 633 2428 audeat
646 2375 841 2446 supersedere,
856 2376 910 2431 nisi
951 2375 1053 2425 tuntur
1065 2387 1121 2425 non
1136 2371 1270 2426 fatientes
1290 2376 1355 2426 ante
1371 2377 1399 2427 et
1410 2376 1494 2428 retro.
1511 2374 1602 2438 Quam
1617 2379 1646 2428 et
1658 2375 1750 2445 pueri,

114 2456 264 2528 aliquando
277 2457 307 2512 in
322 2474 378 2513 uno
390 2459 436 2514 die
450 2460 488 2514 sit
502 2460 527 2516 ei
542 2477 645 2534 magna
660 2464 811 2519 necessitas
821 2481 911 2520 rema.
951 2459 975 2512 si
989 2459 1018 2513 in
1032 2460 1091 2513 loco
1107 2465 1183 2528 sunt,
1203 2461 1260 2515 sire
1276 2463 1402 2530 juvenes,
1419 2462 1616 2532 cumprimum
1636 2463 1751 2518 claustri

114 2546 194 2601 uendi
208 2551 292 2602 :tuuc
305 2547 449 2603 licentiam
461 2565 479 2603 a
494 2549 587 2620 priore
597 2551 708 2622 querit.
724 2555 737 2578 ¹
751 2554 828 2608 idem
844 2571 908 2610 cum
952 2547 1038 2602 limen
1055 2549 1213 2618 attigerint,
1227 2549 1328 2604 altiore
1340 2565 1405 2604 voee
1417 2550 1512 2604 lerant
1521 2565 1572 2605 nec
1586 2550 1751 2622 priusuuam

114 2633 214 2690 viderit
231 2652 316 2708 poma
341 2643 454 2692 matura
475 2654 545 2705 esse,
560 2644 590 2693 et
612 2639 728 2694 inutiles
751 2641 854 2696 herbas
880 2643 909 2698 in
950 2642 1104 2691 conventus
1122 2642 1188 2690 ante
1206 2637 1362 2708 capitulum
1385 2639 1530 2702 consistat,
1547 2643 1748 2706 conticescunt,

113 2723 191 2778 horto
207 2725 370 2791 excrevisse,
385 2725 469 2781 debet
482 2726 570 2798 priori
588 2727 763 2784 innotescere
776 2748 783 2798 ;
798 2732 911 2786 sicutet
952 2724 1056 2780 domno
1081 2724 1181 2779 abbate
1208 2727 1407 2797 pronuntiante
1434 2743 1545 2780 versum
1570 2729 1751 2796 tabularium

112 2813 281 2882 cellerarius,
306 2815 331 2870 si
356 2831 489 2882 necesse,
516 2815 595 2871 fabas
612 2833 698 2873 noras
720 2819 755 2874 de
778 2819 910 2876 folliculis
951 2818 1090 2880 nostrum,
1106 2812 1752 2887 faciuntomnesanteetretr·o‚etiterutuprae-

111 2901 166 2956 suis
180 2918 307 2974 egerere,
324 2909 357 2959 ut
369 2904 426 2958 sive
440 2905 476 2960 ad
488 2905 646 2961 evellendas
670 2906 782 2975 herbas,
802 2910 859 2964 sive
873 2911 909 2964 ad
951 2901 1037 2955 misso
1052 2903 1218 2970 benedicite·
1230 2902 1372 2973 accipiunt
1385 2901 1526 2958 licentiam
1544 2903 1686 2974 loquendi,
1701 2904 1751 2960 sed

111 2991 267 3062 colligenda
276 3008 359 3064 poma
372 2992 461 3064 ipsius
471 2993 553 3064 jussu
563 2995 656 3065 prima
671 2995 701 3050 iu
715 2997 845 3068 sequenti
863 2998 909 3053 die
949 2989 1028 3062 prius
1041 2990 1107 3044 lotis
1118 2991 1249 3046 manibus
1263 2990 1351 3046 libros
1365 2991 1516 3062 accipiunt,
1537 3007 1621 3062 quam
1643 2992 1751 3063 aliquid

110 3081 302 3152 tempestivius
316 3082 453 3153 pulsetur,
473 3088 502 3137 et
515 3083 712 3154 psalmodiam
725 3085 847 3156 idipsum
857 3085 938 3146 dis-G
949 3079 1114 3150 loquantul-
1561 3133 1563 3138 .

110 3168 234 3238 feratur,
249 3169 298 3224 sed
308 3185 453 3242 nunquam
461 3175 557 3226 tamen
568 3172 634 3244 quid
648 3172 910 3247 hujusmodioperis
988 3169 1060 3240 Ergo
1073 3185 1147 3224 1101111
1167 3185 1279 3241 quoque
1294 3169 1385 3240 magis
1399 3187 1484 3242 quam
1511 3171 1547 3224 in·
1564 3170 1627 3225 eliis
1650 3170 1749 3226 diebus

111 3263 199 3314 atoto
217 3263 356 3314 conventu
370 3259 474 3330 agitur,
494 3260 549 3314 nisi
570 3262 739 3332 regulariter
751 3263 907 3320 ordinetur.
950 3258 1135 3312 acceleratur.
1150 3257 1304 3330 Postquam
1319 3263 1433 3313 ventum
1446 3259 1532 3313 luerit
1545 3259 1579 3314 ad
1595 3259 1693 3314 horam
1709 3260 1749 3315 lo-

110 3345 262 3418 Siquando
281 3353 376 3402 autem
400 3348 458 3403 tale
478 3348 545 3419 quid
567 3355 611 3404 est
632 3351 835 3421 agendumst
855 3353 909 3408 hoe
950 3346 1064 3416 quendi,
1081 3363 1179 3401 rursus
1189 3347 1225 3401 ad
1240 3345 1311 3418 opus
1326 3363 1461 3402 munuum
1474 3347 1516 3402 ire
1531 3348 1746 3420 compellantur.

110 3435 223 3506 quidem
237 3435 274 3490 de
295 3436 445 3503 conversis,
467 3441 585 3508 rogante
607 3438 753 3494 cellerario
773 3439 909 3511 jubentur
949 3434 1014 3490 Hac
1028 3439 1071 3490 est
1089 3435 1256 3506 psalmodia,
1273 3451 1358 3507 quam
1382 3440 1450 3490 tunc
1474 3436 1652 3492 adoriuntur.
1680 3436 1749 3493 Post

109 3523 148 3578 ire
162 3525 199 3580 de
213 3525 377 3580 matutinali
392 3525 488 3591 missa,
505 3527 546 3580 rel
561 3527 683 3598 capitulo
693 3528 723 3582 in
734 3529 905 3584 audimrium
947 3524 1019 3578 fieus
1036 3525 1153 3578 auribus
1169 3524 1270 3596 psalmi
1284 3524 1446 3587 familiares,
1471 3525 1518 3596 qui
1533 3524 1606 3579 infra
1619 3541 1748 3597 vesperos

111 3611 264 3685 hospitum,
275 3614 333 3669 aire
349 3613 378 3668 in
390 3614 478 3669 aliurn
492 3615 584 3671 locum
602 3616 764 3686 hujusmodi
783 3619 906 3674 claustro
947 3629 982 3666 ex
995 3627 1072 3666 more
1086 3613 1227 3678 dicuntur,
1245 3613 1273 3667 id
1288 3618 1332 3667 est
1344 3614 1460 3668 flumine
1470 3615 1573 3667 raaudi
1581 3617 1746 3670 orationem.

108 3702 292 3774 contiguum
308 3707 445 3758 ettamen
459 3703 526 3758 dum
540 3704 591 3759 tali
606 3705 683 3777 operi
699 3705 906 3776 insistunt,nisi
947 3703 1115 3758 benedixisti
1125 3717 1189 3756 cum
1202 3701 1319 3772 reliquis
1330 3701 1391 3756 sine
1400 3701 1686 3773 appenditio,vesperi
1697 3720 1747 3774 pro

109 3792 220 3862 quaudo
233 3789 333 3845 tabula
345 3790 381 3844 ad
392 3789 563 3862 loquendum
574 3791 857 3864 percutitur,omnino
866 3794 907 3850 eis
948 3789 1077 3845 fidelibus
1091 3789 1239 3845 defunctis.
1250 3791 1321 3845 Cum
1338 3795 1432 3844 autem
1450 3790 1572 3845 officium
1585 3807 1637 3862 pro
1650 3790 1748 3847 defun-

109 3875 180 3948 loqui
193 3891 253 3931 non
268 3875 452 3948 permittitur.
946 3879 1000 3933 ctis
1014 3879 1119 3950 absque
1135 3880 1273 3935 Matutino
1290 3881 1331 3945 iit,
1350 3896 1462 3951 semper
1480 3879 1516 3934 ad
1530 3887 1640 3935 noctem
1655 3897 1747 3936 reser-

385 3963 506 4021 capus
519 3965 644 4024 XLVlll.
946 3973 1048 4024 vantur
1072 3985 1136 4023 cum
1170 3969 1252 4022 Verba
1276 3984 1345 4034 meu,
1362 3968 1386 4022 si
1408 3967 1513 4022 habent
1535 3968 1745 4026 tricenarium:

160 4054 199 4109 ite
208 4067 289 4123 opere
302 4069 451 4116 munuum,
467 4057 589 4124 qualiter
604 4059 841 4125 regulariorum.
947 4063 1043 4127 postea
1057 4057 1207 4111 inchoatur
1221 4055 1441 4127 psalmodia,ubi
1456 4055 1543 4127 priom'
1558 4057 1616 4110 rice
1630 4057 1747 4111 dimisse

140 4143 151 4166 '
165 4141 299 4206 Qualiter
314 4146 409 4196 autem
425 4157 495 4213 opus
514 4157 648 4220 manuum
662 4144 830 4215 regulariter
843 4145 903 4212 liat,
946 4150 997 4201 est.
1010 4146 1161 4217 Postquam
1173 4144 1277 4199 reversi
1287 4143 1474 4210 consederint,
1487 4160 1520 4198 ea
1532 4143 1591 4198 vice
1600 4143 1745 4214 praemisso

106 4236 135 4283 ut
148 4231 204 4286 hoc
223 4230 312 4286 etiam
335 4230 461 4302 digeram
487 4230 517 4285 iu
538 4231 593 4298 die,
617 4248 672 4303 quo
693 4234 833 4304 agendum
849 4239 903 4302 est,
945 4235 1105 4299 benedicite,
1136 4249 1229 4287 sermo
1253 4232 1349 4303 agitur
1375 4233 1403 4287 in
1428 4232 1560 4296 claustro,
1584 4233 1663 4287 scilla
1679 4239 1745 4288 ante

106 4317 177 4374 illico
191 4326 227 4376 ut
238 4320 342 4374 fratres
352 4319 535 4386 surrexerint,
544 4320 624 4376 factis
637 4321 820 4388 orationibus,
832 4328 903 4377 nutu
945 4322 1098 4394 capitulum
1123 4337 1265 4392 pereussa.
1282 4322 1305 4375 rt
1319 4337 1375 4392 qua
1399 4326 1566 4391 exurgentes
1576 4325 1604 4375 et
1617 4326 1685 4376 tunc
1699 4320 1746 4376 de-

105 4408 206 4479 prioris
223 4409 356 4481 pulsatur
377 4407 412 4463 ad
432 4409 563 4481 primatu,
584 4426 668 4480 quam
686 4411 801 4482 psalmis
819 4411 1024 4501 inter-Dmum
1038 4415 1102 4465 unte
1117 4415 1225 4464 etretru
1244 4409 1388 4473 facientes,
1405 4409 1509 4463 domno
1524 4407 1625 4463 abbate
1638 4425 1671 4464 ex
1685 4413 1745 4465 toto

104 4497 195 4553 missis
210 4499 273 4553 sola
292 4497 421 4569 sequitur
437 4497 537 4552 litania
555 4498 696 4570 missaque
717 4501 902 4556 matutinalis.
945 4500 1156 4571 pronuntiante,
1174 4504 1242 4554 ωηο
1267 4498 1342 4552 dicto
1357 4499 1410 4553 hoc
1435 4513 1527 4563 versu,
1547 4499 1703 4552 benedictas
1719 4514 1745 4552 es

103 4585 267 4658 Capitulum
282 4602 395 4658 quoque
420 4588 483 4659 plus
507 4586 659 4653 breviatur,
685 4605 770 4660 quam
792 4589 822 4643 in
840 4589 903 4645 aliis
944 4587 1068 4646 flumine.
1098 4586 1227 4658 sequitur
1245 4587 1329 4657 Kyrie
1350 4587 1451 4641 eleison
1473 4601 1537 4640 cum
1559 4585 1745 4642 familiaribus

103 4675 211 4743 diebus,
230 4680 260 4731 et
270 4691 334 4731 mox
347 4691 480 4748 percussa
493 4673 600 4744 tabula,
615 4684 645 4732 et
659 4662 904 4748 praemisso'Beue·
944 4675 1116 4748 appendiciis
1138 4677 1321 4745 adjutorium
1335 4679 1473 4729 nostrum.
1490 4675 1525 4729 Et
1542 4674 1616 4744 facto
1639 4682 1747 4732 anteat

101 4763 182 4821 drale
211 4765 351 4822 Dominus
370 4763 440 4820 abba
459 4765 634 4837 pronuntiat,
653 4767 757 4821 Eamus
776 4767 814 4822 ud
837 4783 904 4836 opera
944 4771 1021 4820 retro
1045 4764 1143 4819 dicunt
1170 4765 1327 4831 utrumme,
1353 4766 1382 4817 et
1403 4762 1443 4818 sic
1466 4763 1551 4817 datur
1569 4763 1685 4819 licentia
1707 4765 1747 4820 lo-

102 4869 257 4910 mcnuaem.
270 4854 431 4926 imponitur
445 4854 611 4926 psalmodia,
632 4871 694 4926 qua
708 4860 772 4926 post
783 4856 902 4928 primam
945 4853 1059 4925 quendi.

101 4949 143 4998 est
161 4943 341 5000 intermissa.
362 4943 499 4998 incedunt
517 4959 580 4998 cum
601 4944 787 5014 processione,
810 4945 851 5000 ita
873 4950 906 5000 ut
981 4943 1015 4996 Et
1035 4941 1102 5012 quia
1125 4944 1168 4996 cst
1181 4940 1366 5010 consuetudo,
1379 4944 1418 4995 ut
1435 4957 1519 5012 opere
1536 4941 1611 4997 facto
1636 4938 1744 5002 bibant.

97 5032 227 5102 iuniores
255 5033 314 5087 sint
335 5031 432 5104 primi,
447 5032 556 5102 priores
569 5031 671 5087 ultimi.
694 5031 765 5087 Cum
788 5039 901 5089 rentum
945 5037 1094 5102 postquam
1111 5029 1221 5101 pulsato
1234 5029 1315 5100 signo
1331 5029 1367 5084 ad
1382 5045 1526 5101 vesperam
1541 5029 1659 5084 fecerint
1673 5029 1746 5084 onii·

99 5120 185 5178 fuerit
199 5121 240 5177 ad
253 5121 346 5178 locum
360 5121 506 5192 operandi,
518 5120 592 5176 versi
603 5137 700 5176 omnes
715 5120 750 5175 ad
765 5121 903 5176 orientem
943 5135 1009 5175 nem
1024 5118 1059 5174 ab
1078 5118 1173 5190 aliquo
1190 5120 1287 5186 fratre,
1305 5118 1349 5172 cui
1364 5118 1418 5172 boc
1433 5119 1511 5190 prior
1522 5117 1653 5188 iniunxit,
1670 5133 1745 5189 cym-

17 5269 18 5276 ,
100 5213 296 5284 perordinem
310 5210 477 5265 consistunt.
493 5209 536 5265 lid
551 5211 637 5264 finem
651 5209 735 5264 unius
750 5209 852 5280 psalmi
866 5207 905 5263 ia·
944 5206 1008 5262 bolo
1019 5207 1301 5279 percussoraduntin
1313 5207 1491 5262 refectorium
1506 5203 1745 5260 biberelitscien-

100 5303 178 5357 ciunt
191 5305 303 5356 antaei
321 5305 408 5365 retro,
423 5304 451 5353 et
470 5298 574 5354 domno
588 5296 689 5353 abbate
701 5298 904 5369 pronuntiante
945 5297 1023 5360 dum,
1040 5297 1106 5368 quia
1130 5297 1243 5368 quando
1268 5297 1321 5350 hoc
1335 5295 1494 5367 contigerit,
1519 5299 1617 5364 postea
1637 5307 1745 5362 nequa·

100 5399 166 5447 tunc
179 5391 261 5446 dicto
273 5405 375 5445 remu:
396 5387 467 5445 Deris
484 5390 516 5442 in
531 5389 708 5457 adjutorium
725 5403 818 5442 meum
833 5406 841 5441 :
857 5387 905 5442 Se-
946 5401 1040 5456 quum,
1053 5389 1086 5440 ut
1100 5385 1236 5456 alioquin,
1247 5385 1339 5440 solent
1353 5383 1447 5438 bibere
1462 5381 1535 5436 infra
1554 5380 1742 5436 collationem.

100 5481 198 5552 quitur
230 5495 238 5532 :
264 5479 350 5548 Kyrie
364 5479 474 5532 eleison.
502 5479 582 5532 Pater
600 5481 700 5531 noster.
722 5477 904 5544 adiutorium
945 5474 1025 5538 Quod
1046 5474 1069 5528 si
1090 5489 1145 5528 non
1170 5474 1224 5528 nisi
1245 5473 1333 5528 semel
1348 5475 1510 5544 operantur,
1526 5479 1594 5523 ωηο
1606 5470 1745 5524 sermonis

100 5577 245 5624 nestrum.
264 5567 349 5625 facta
363 5583 461 5644 rursus
475 5565 669 5641 inclinatione,
684 5564 824 5656 incipiunt
841 5581 905 5640 ope·
946 5563 1024 5618 loeus
1035 5563 1248 5618 estiuclaustro
1269 5567 1299 5618 et
1313 5577 1405 5632 usque
1424 5560 1459 5616 ad
1474 5559 1633 5613 Benedictus
1649 5575 1675 5613 es
1688 5574 1745 5613 non

100 5658 166 5714 rari.
946 5651 1075 5708 differtur
1096 5670 1103 5705 :
1130 5651 1179 5706 sed
1203 5650 1321 5706 strictim
1344 5651 1457 5716 dicitur,
1476 5646 1621 5719 premissa
1636 5665 1669 5706 ac
1683 5646 1747 5704 sub-
