3882 6172
83 221 129 280 7³7
594 216 643 272 Dll
660 216 784 274 NOBILl
804 216 949 274 GENDRD
967 217 1226 277 CRISPINORUM.
1664 220 1717 282 738

2 377 4 442 p
81 348 207 420 adeptus,
218 343 330 416 accepit
343 358 458 399 uxorem
466 341 590 398 Senioris
604 341 733 399 Falconis
746 344 780 399 de
792 345 914 406 hlnovA
925 344 959 398 ad
971 342 1077 400 Christi
1096 347 1293 415 paupertatem
1306 347 1367 399 tota
1378 343 1526 402 devotione
1544 363 1574 402 se
1587 348 1717 417 contulit,

81 451 254 509 germanam,
275 434 389 489 nomine
414 433 585 497 Gonnorem,
612 433 646 487 de
662 449 717 504 qua
732 439 790 488 tres
807 433 879 489 lilios
920 439 952 488 ut
973 433 1002 488 in
1017 432 1180 488 monachica
1192 433 1401 488 conversatione
1414 435 1529 491 soliDeo
1541 434 1657 493 liberius
1669 454 1718 492 ua·

81 527 184 598 genunt
212 520 597 592 Gislebertum'Crispinum,
617 537 667 593 pro
683 539 738 592 quo
758 521 879 578 scribere
920 527 1006 576 caret.
1019 521 1071 576 Hic
1087 521 1182 592 itaque
1198 523 1363 577 renuntians
1382 525 1484 580 saeculo
1498 523 1551 580 sibi
1573 525 1608 580 ad
1623 532 1719 582 votum

82 615 116 668 ita
130 612 317 683 suscepimus,
327 609 525 674 ctRobertum,
534 608 660 680 duasque
670 609 743 664 silias
752 611 879 665 Emmam
922 607 1069 674 arridenti,
1083 607 1112 661 in
1122 607 1207 662 tundo
1224 609 1266 662 sui
1280 609 1362 680 Juris,
1375 610 1422 682 qui
1434 612 1593 667 Burnevilla
1606 613 1719 681 dicitur,

82 703 152 758 Petri
165 703 202 756 de
211 701 337 756 Condeto
351 699 620 770 genitr·icem,etque
632 697 745 752 Eritium
762 699 881 754 matrem
923 697 1019 751 volens
1033 695 1191 751 cren'obium
1213 703 1386 762 construere,
1401 701 1546 756 ecclesiam
1562 701 1718 774 aedificavit,

82 789 213 845 willelmi
236 790 331 853 Melet,
350 787 399 859 qui
423 787 502 841 miles
521 792 663 852 strenuus,
691 787 720 841 in
738 793 882 842 senectute
922 785 951 840 in
965 785 1072 840 honore
1086 793 1189 841 sanctae
1204 785 1313 854 Mariae,
1327 787 1421 859 ibique
1435 788 1579 861 religionis
1593 792 1720 848 habitum

83 881 167 934 lactus
196 884 241 934 est
267 879 422 932 monachus
437 874 529 946 Decri,
554 882 582 931 et
604 877 753 932 transactis
775 876 882 948 aliquot
924 874 1123 947 suscepit,cum
1134 879 1209 930 esset
1218 892 1356 930 annorum
1367 878 1564 950 quadraginta,
1574 897 1625 936 nec
1633 882 1721 938 multo

84 968 159 1023 annis
169 967 323 1022 honorilice
332 967 360 1021 in
380 964 527 1020 coenobiali
542 963 744 1032 observatione,
757 966 880 1020 uttalem
922 968 986 1036 post
998 962 1146 1036 presbyter
1159 965 1315 1030 ordinatus,
1342 969 1371 1020 et
1385 965 1471 1022 abbas
1483 969 1653 1026 constitutus
1667 976 1722 1028 est.

83 1059 169 1114 sirum
183 1056 312 1120 decebat,
324 1054 397 1110 bono
410 1056 465 1109 sine
479 1055 594 1125 quievit.
613 1054 752 1110 Robertus
774 1054 881 1127 Crispi·
923 1051 995 1117 Quia
1012 1052 1371 1125 campestrisetinaquosus
1381 1061 1424 1110 est
1436 1055 1578 1129 locus,per
1593 1075 1723 1131 soporem

85 1163 131 1202 nus
151 1148 245 1202 minor
258 1145 355 1211 trater,
369 1143 576 1199 Northmannia
590 1160 728 1214 egressus,
744 1144 880 1216 plurimas
922 1142 1047 1197 monitus
1062 1158 1079 1196 a
1094 1141 1177 1197 beate
1192 1142 1304 1197 Domini
1315 1144 1405 1200 Matre
1421 1145 1522 1216 illaria,
1536 1146 1675 1203 invallem
1687 1148 1723 1203 ad

85 1234 240 1308 peragravit
254 1234 395 1306 regiones,
410 1234 498 1288 donec
513 1233 788 1305 Constantinopolim
803 1231 881 1288 veni·
922 1231 1013 1286 rivum
1031 1229 1078 1304 qui
1104 1237 1218 1286 vocatur
1241 1232 1344 1287 Beccus
1372 1235 1501 1302 secessit3
1516 1234 1612 1308 ibique
1626 1235 1720 1294 nobile

88 1331 143 1392 ret,
160 1329 189 1378 et
203 1323 239 1378 ab
257 1324 428 1396 imperatore
444 1339 506 1377 cum
521 1322 627 1376 honore
639 1328 794 1394 susceptus,
816 1339 883 1376 ma·
923 1313 1062 1375 aedificare
1076 1321 1161 1391 coepit
1174 1319 1204 1375 in
1219 1320 1355 1376 honorem
1366 1322 1494 1393 ejusdem
1507 1329 1609 1380 sanctae
1625 1323 1721 1382 Mariae

86 1414 186 1486 gnique
201 1411 325 1468 nominis
339 1411 414 1484 apud
427 1427 525 1466 omnes
540 1411 664 1477 effectus,
673 1410 722 1476 ibi,
734 1417 767 1467 ut
779 1412 878 1479 fertur,
923 1410 1021 1465 Matris
1035 1405 1144 1465 Domini
1160 1410 1371 1473 monasterium,
1383 1412 1458 1483 quod
1472 1414 1547 1469 Deus
1557 1413 1675 1486 perfecit
1687 1415 1724 1472 ad

86 1501 184 1556 invidia
197 1502 359 1556 Graecorum
371 1516 476 1554 veneno
485 1498 578 1571 periit.
589 1497 760 1553 Gislebertus
776 1497 881 1570 Crispi·
919 1500 967 1578 vsui
978 1499 1099 1554 nominis
1113 1499 1244 1572 gloriam,
1259 1507 1289 1554 et
1302 1501 1457 1555 multorum
1479 1501 1626 1557 hominum
1647 1502 1722 1557 salu·

87 1609 133 1646 nus
147 1593 241 1663 major
254 1590 355 1644 horum
369 1588 455 1644 trium
464 1588 594 1653 fratrum,
606 1587 702 1642 educe
711 1587 882 1642 Northman·
925 1595 982 1644 tem
999 1595 1027 1644 et
1040 1587 1239 1644 solatiumCui
1252 1589 1325 1644 Deus
1335 1590 1370 1645 ad
1382 1589 1516 1645 auxilium
1531 1596 1560 1645 et
1574 1589 1722 1647 consilium

87 1697 193 1747 nomm,
218 1685 343 1734 castrum
365 1677 529 1750 'tegularias
550 1676 580 1731 in
604 1676 770 1731 haereditate
788 1663 1042 1733 custo-Badduxit
1057 1679 1137 1749 juxta
1157 1677 1328 1733 desiderium
1346 1678 1437 1733 cordis
1454 1679 1499 1734 sui
1521 1679 1722 1750 Lanfrencum,

87 1769 215 1824 diendum
228 1767 348 1840 accepit,
365 1767 439 1840 quod
453 1766 578 1821 haeredes
593 1765 653 1836 ejus
673 1769 772 1819 teuent
794 1779 883 1836 usque
923 1767 1014 1822 virum
1028 1767 1056 1821 in
1076 1765 1240 1822 liberalibus
1254 1766 1362 1822 artibus
1382 1767 1567 1840 undecunque
1582 1768 1722 1840 peritissi-

88 1859 116 1912 ad
127 1875 251 1931 presens
260 1865 387 1928 tempus.
406 1856 560 1910 Praedictus
568 1853 729 1909 Willelmus
738 1853 883 1924 Crispinus
924 1873 1020 1924 mum;
1037 1873 1120 1928 quem
1136 1873 1198 1910 cum
1212 1873 1317 1927 magno
1342 1857 1498 1929 suscipiens
1512 1856 1626 1928 gaudio,
1645 1856 1724 1914 dedit

89 1947 191 2002 medius
200 1945 416 2016 frater,generis
428 1943 734 2008 nobilitate,etmorum
744 1941 882 2014 probitate
924 1945 950 2001 ei
965 1942 1093 2000 habitum
1118 1944 1274 2016 religionis.
1299 1945 1377 2000 'l'unc
1396 1945 1573 2002 confluebant
1592 1947 1625 2001 ad
1656 1963 1725 2018 praa·

89 2043 166 2109 atque
181 2035 285 2091 militia
300 2035 514 2099 tamosissimus,
531 2034 606 2089 inter
620 2033 882 2088 Northmannorum
924 2025 1029 2090 dictum
1054 2035 1146 2089 locum
1172 2032 1300 2088 certatim
1328 2033 1410 2088 multi
1433 2035 1580 2091 saeculares
1605 2033 1723 2090 litterati

90 2127 189 2197 primos
206 2123 376 2190 habebatur,
389 2123 447 2195 qui,
465 2129 497 2178 ut
509 2121 640 2188 diximus,
651 2123 685 2176 de
701 2119 792 2195 primo
807 2120 884 2176 Cris·
925 2123 1013 2178 etalii
1027 2123 1148 2178 cervices
1162 2139 1228 2178 suas
1245 2122 1298 2176 levi
1314 2123 1383 2194 jugo
1403 2121 1527 2186 Domini,
1543 2129 1573 2178 et
1585 2123 1720 2196 obsequio

89 2217 212 2286 pinorum
233 2217 313 2285 patre
328 2211 485 2268 Gisleberto
500 2211 622 2283 optimus
642 2211 725 2277 filius,
742 2209 777 2263 ad
796 2207 883 2263 totius
924 2213 1063 2285 regularis
1076 2213 1139 2268 vitae
1153 2211 1298 2267 humiliter
1312 2209 1458 2270 inclinare.
1475 2209 1643 2269 hliilibcros
1657 2229 1723 2270 suos

89 2305 194 2374 generis
215 2303 260 2358 sui
279 2301 411 2374 gloriam,
427 2300 555 2355 felicibus
567 2297 699 2372 auspiciis
721 2297 835 2370 prodiit,
855 2302 884 2353 et
924 2297 1111 2358 aLanfranco
1127 2300 1296 2356 erudiendos
1310 2299 1339 2354 in
1355 2299 1514 2356 liberalium
1536 2302 1641 2357 artium
1660 2307 1724 2370 54

89 2393 156 2448 sicut
183 2393 261 2448 inter
284 2391 426 2445 Romanos
440 2389 507 2444 olim
528 2388 616 2454 Fabii,
635 2388 677 2443 vel
700 2385 802 2458 Anicii,
826 2386 883 2441 sive
925 2389 1110 2462 philosophia,
1129 2394 1158 2444 et
1177 2387 1367 2443 informandos
1381 2384 1613 2460 perHerluinum
1632 2390 1662 2446 in
1678 2406 1725 2445 re-

91 2481 193 2547 llanlii,
225 2480 351 2552 insignes
372 2477 557 2538 habebantur.
585 2477 625 2532 ita
657 2475 778 2548 Crispini
809 2476 884 2530 inter
923 2478 1016 2552 gulori
1039 2477 1188 2550 disciplina
1211 2477 1334 2544 tradere,
1362 2478 1490 2533 nonnulli
1512 2478 1605 2551 ipsum
1631 2476 1724 2535 locum

89 2570 295 2625 Northmannos
304 2577 332 2624 et
339 2568 459 2622 Francos
466 2565 660 2622 honoratiores
668 2563 883 2636 reputabantur.
926 2568 1011 2622 rebus
1024 2567 1082 2622 suis
1096 2565 1247 2622 studebant
1261 2565 1434 2638 amplissime
1448 2565 1548 2622 ditare.
1562 2561 1639 2624 luter
1653 2585 1724 2641 quos

90 2660 137 2715 Sed
163 2661 219 2714 iste
233 2658 394 2713 Willelmus
420 2656 495 2711 inter
517 2673 614 2710 omnes
644 2653 885 2709 nominatissimus
926 2655 1109 2728 egregiusrir
1122 2655 1272 2728 praedictus
1287 2655 1444 2710 Willelmus
1458 2655 1613 2728 Crispinus,
1634 2657 1725 2712 filium

89 2749 170 2804 luisse
182 2749 283 2814 fertur,
299 2747 348 2820 qui
363 2763 414 2801 suo
427 2751 564 2817 tempore,
581 2743 688 2799 militiae
703 2743 803 2808 titulis,
820 2741 885 2798 insi·
925 2763 1007 2800 suum
1019 2744 1048 2800 in
1060 2749 1157 2799 tenera
1167 2749 1250 2799 aetnte
1259 2743 1373 2798 nomine
1384 2743 1573 2801 Gislebertum
1585 2745 1725 2816 predictis

89 2855 153 2908 goes
167 2854 240 2910 pene
255 2853 340 2908 super
362 2851 458 2890 omnes
472 2834 597 2904 ejusdcm
620 2832 797 2906 tempestatis
811 2831 885 2887 viros
926 2833 1057 2888 Patribus
1080 2832 1138 2887 Deo
1151 2829 1334 2887 nutriendum
1354 2830 1406 2886 sub
1430 2833 1556 2903 regulari
1577 2827 1726 2906 disciplina

90 2925 421 2997 enituit.Undepraeclaro
430 2923 491 2995 eius
505 2921 629 2995 probitas
643 2921 738 2994 plures
751 2919 803 2975 sibi
819 2921 886 2975 elle·
927 2921 1037 2988 obtulit,
1049 2927 1078 2976 et
1087 2923 1176 2976 multa
1187 2921 1222 2975 de
1237 2919 1320 2975 rebus
1333 2920 1392 2976 suis
1404 2917 1646 2993 temporalis'ritae
1657 2923 1726 2979 sub·

90 3015 379 3087 ceratinvidos,atque
391 3013 486 3068 hostes
509 3011 671 3067 reddiderat
684 2981 915 3065 atrocissimos.C
927 3011 1070 3066 sidiacum
1095 3027 1183 3082 puero
1199 3007 1377 3065 ministravit.
1404 3009 1529 3075 Quorum
1557 3007 1726 3070 informatus

90 3106 125 3160 Ea
138 3109 308 3178 tempestate
322 3102 433 3170 Franci,
449 3095 564 3157 auctore
575 3099 712 3156 Walterio
728 3099 828 3154 vetulo
843 3116 887 3154 co·
927 3099 1055 3157 doctrine
1068 3105 1096 3154 et
1111 3105 1214 3154 sanctae
1223 3097 1443 3153 conversationis
1457 3099 1602 3172 exemplis,
1612 3085 1727 3158 s'iccum

90 3195 155 3250 ruite
169 3195 205 3250 de
220 3193 419 3258 Ponte-Ysare,
432 3190 478 3263 qui
494 3195 582 3245 totam
593 3189 885 3257 terramintralttum,
928 3187 1022 3244 diuino
1037 3187 1157 3260 profecit
1172 3186 1276 3242 auxilio
1295 3187 1325 3243 in
1349 3186 1452 3242 divinis
1479 3195 1507 3244 et
1527 3189 1729 3263 philosophicis

89 3291 115 3338 et
139 3283 288 3348 Andclam,
312 3281 398 3353 atque
419 3281 578 3353 Sequanam
594 3295 672 3333 suam
698 3277 798 3333 debere
825 3294 885 3332 esse
925 3278 1063 3334 institutis
1077 3283 1110 3332 ut
1132 3293 1230 3332 omnes
1244 3281 1330 3341 artes,
1343 3271 1414 3349 quas
1423 3273 1552 3332 liberales
1566 3273 1674 3348 vocant,
1690 3281 1727 3336 ad

89 3373 208 3446 dicebat,
225 3371 340 3427 crebras
353 3370 522 3441 irruptiones
533 3369 608 3423 ultra
622 3365 737 3422 lluvium
748 3368 833 3422 lttam
844 3365 886 3420 sa·
926 3358 1051 3440 unguem
1062 3364 1228 3432 addisceret,
1245 3371 1273 3421 et
1287 3378 1385 3420 earum
1401 3363 1506 3421 rivulos
1520 3366 1648 3438 pluribus
1667 3368 1727 3442 ipse

90 3462 208 3528 ciebant,
232 3465 262 3516 et
283 3462 393 3532 praedas
414 3457 448 3513 de
467 3456 609 3512 vilcasino
624 3455 764 3528 agebant3
781 3463 809 3510 et
822 3455 887 3510 ideo
928 3457 1067 3530 perfectus
1082 3453 1261 3529 irreligione
1285 3449 1459 3526 propinaret.
1474 3453 1562 3527 Cujus
1577 3461 1655 3513 tanta
1674 3457 1729 3515 suit

90 3551 142 3606 dux
157 3550 419 3606 Northrnannorum
429 3547 596 3614 Willelmus,
607 3545 655 3617 qul
668 3552 766 3616 postea
776 3561 824 3599 rex
836 3547 887 3599 rtu-
927 3546 957 3600 iu
973 3546 1062 3600 active
1077 3549 1106 3600 et
1119 3541 1291 3616 speculativa
1304 3543 1362 3598 vita
1377 3541 1510 3614 perfectio
1524 3549 1557 3599 ut
1573 3563 1636 3601 cum
1653 3547 1728 3604 Deus

89 3641 196 3710 glorum
213 3639 276 3703 suit,
284 3635 629 3709 praedictumWillelmum
640 3633 811 3705 Crispinum,
822 3633 888 3705 quia
928 3627 1116 3690 Lanfrancum
1129 3631 1327 3688 Cantunriensi
1342 3631 1469 3688 Ecclesiae
1488 3631 1516 3688 in
1531 3633 1641 3690 summo
1656 3653 1728 3708 pou·

90 3735 148 3784 emt
161 3725 379 3802 probatissimus
393 3726 420 3780 in
435 3742 465 3780 re
478 3723 605 3788 militari,
623 3723 769 3778 collocavit
783 3722 811 3777 in
826 3739 887 3777 cas-
934 3721 1040 3778 tilicatu
1068 3721 1232 3794 praeficeret,
1261 3737 1326 3775 eum
1350 3720 1524 3777 Lanlrnncus
1546 3721 1581 3778 ad
1602 3724 1731 3796 regimen

89 3825 132 3873 tro
146 3819 250 3887 blellia,
265 3822 363 3872 contra
377 3813 547 3870 Francorum
562 3813 701 3880 incursus,
710 3813 745 3867 all
760 3829 889 3868 coercen-
929 3807 1262 3873 west-ilonasterii,Deo
1273 3815 1398 3874 vocante,
1407 3810 1581 3881 provideret3
1595 3818 1730 3886 tantaque

91 3907 140 3962 das
150 3925 249 3964 eurum
264 3905 506 3978 praesumptiones,
522 3904 630 3958 donans
649 3901 690 3957 illi
706 3907 828 3957 castrum
844 3901 888 3974 ip·
929 3897 1086 3954 sanctitatis
1111 3897 1214 3968 gratin,
1237 3904 1269 3953 ut
1282 3891 1432 3964 credimus,
1449 3898 1508 3953 Deo
1523 3905 1553 3954 et
1568 3901 1730 3958 hominibus

90 4014 150 4051 sum
179 4002 210 4052 et
235 3994 370 4050 vilcasini
392 3992 615 4048 vicecomitatum
628 3990 692 4061 jure
711 3989 889 4046 haereditario
930 3988 1035 4061 plncuit
1058 3991 1091 4042 ut
1113 3985 1302 4042 humilitatem
1332 3977 1389 4057 pree
1409 3983 1516 4042 cunctis
1535 3987 1578 4043 sui
1595 3989 1728 4061 temporis

90 4085 312 4149 custodiendum,
327 4089 356 4138 et
371 4081 447 4137 silius
466 4083 528 4153 ejus
543 4087 606 4153 post
622 4095 697 4145 eum,
714 4079 787 4135 sieut
801 4096 889 4151 usque
931 4073 1057 4147 praelatis
1077 4083 1105 4129 et
1129 4073 1289 4145 specialiter
1312 4071 1508 4146 pretenderet,
1529 4081 1558 4130 et
1579 4075 1729 4132 sublimius

91 4173 172 4230 hodie
184 4175 324 4229 videmus·
340 4173 377 4228 At
390 4170 437 4226 ille
451 4170 489 4225 ibi
502 4158 675 4224 mansionem
703 4167 756 4223 sibi
783 4168 888 4224 consti·
930 4163 1108 4238 praedicaret.
1132 4163 1182 4217 llic
1203 4162 1320 4234 triginta
1334 4161 1443 4218 duobus
1457 4162 1539 4218 annis
1554 4163 1614 4220 locu
1638 4166 1729 4238 magis

91 4263 154 4330 tuit
168 4263 306 4319 familiam
328 4268 357 4317 et
379 4260 484 4316 milites
497 4260 525 4314 in
548 4260 609 4314 loco
629 4258 724 4330 posuit
737 4264 834 4313 eontra
848 4257 921 4319 ir-l)
930 4252 1036 4325 profuit
1050 4269 1134 4324 quam
1149 4250 1268 4323 praesuit,
1284 4257 1314 4307 et
1323 4247 1509 4307 in's'enectute
1533 4251 1615 4320 bona,
1631 4254 1731 4326 plenus

88 4353 233 4425 ruptiones
244 4353 432 4414 Francorum
447 4346 552 4420 quade
567 4363 597 4403 re
610 4345 722 4414 Franci,
738 4347 888 4401 schemen·
931 4341 1052 4408 dierum,
1062 4344 1090 4396 et
1103 4340 1262 4400 sanctitate,
1271 4337 1399 4411 patribus
1411 4337 1470 4394 suis
1486 4341 1728 4414 appositus,hujus

88 4447 131 4496 ter
147 4441 224 4506 irati,
238 4439 268 4495 in
280 4443 392 4495 tantum
403 4435 498 4492 odium
513 4442 611 4490 contra
625 4435 705 4490 illurn
725 4440 892 4491 exarserunt
931 4429 994 4486 uite
1019 4427 1174 4486 terminum
1197 4427 1307 4486 clausit.
1334 4419 1366 4484 lh
1385 4428 1469 4500 hujus
1489 4428 1580 4485 Patris
1602 4430 1730 4502 genitore

88 4537 120 4585 ut
135 4537 256 4585 mortem
271 4529 331 4599 ejus
343 4533 403 4582 tota
413 4525 546 4580 ariditate
557 4529 733 4596 appeterent.
932 4517 1339 4590 Willelmo,scilieotCrispino,
1348 4519 1410 4589 jam
1419 4519 1548 4590 superius
1559 4537 1631 4592 saepe
1639 4521 1730 4577 nomi-

123 4617 176 4672 llis
191 4615 227 4671 de
237 4623 301 4672 ortu
316 4613 438 4686 Crispini
452 4611 627 4684 cognominis
638 4609 800 4684 prelibatis,
817 4627 892 4666 nunc
933 4614 1009 4675 nato,
1023 4625 1068 4663 res
1076 4615 1157 4680 gesta
1172 4613 1224 4675 est,
1245 4605 1409 4662 excellentia
1423 4607 1553 4680 insignis,
1568 4606 1658 4666 relatu
1680 4609 1732 4666 mi·
1791 4610 1795 4618 “

85 4705 147 4777 jam
162 4705 199 4760 ad
218 4721 278 4760 rem
293 4703 449 4769 veniamus,
466 4717 561 4772 quam,
579 4703 611 4754 ut
625 4717 642 4754 a
656 4699 800 4756 veracibus
822 4700 893 4754 rela·
933 4699 1039 4768 rabilis,
1056 4707 1085 4755 et
1099 4717 1160 4772 quer
1175 4699 1272 4756 deceat
1296 4699 1409 4755 Domini
1424 4699 1546 4756 Matrem
1560 4702 1592 4756 Β.
1612 4701 1730 4760 Mariam

88 4795 202 4850 toribus
217 4793 387 4864 accepimus,
404 4789 571 4862 simpliciter
594 4788 698 4843 referre
719 4787 891 4844 curabimus.
934 4806 1046 4861 semper
1059 4787 1216 4860 Virginem,
1229 4805 1313 4862 quam
1331 4806 1382 4861 pro
1397 4789 1455 4845 suis
1468 4786 1577 4864 magnis
1591 4797 1620 4846 et
1634 4793 1731 4851 multis

88 4883 123 4940 Et
138 4898 184 4940 est
198 4900 244 4938 res
255 4881 396 4936 memoria
409 4880 504 4951 digna,
521 4883 551 4934 et
572 4876 661 4934 beatae
674 4877 785 4933 Domini
811 4877 895 4932 Matri
934 4878 1087 4942 beneficiis,
1104 4874 1296 4934 indesinenter
1309 4878 1407 4934 laudat
1423 4879 1570 4936 universus
1590 4873 1732 4939 terrarum

88 4988 298 5045 congruaque
313 4970 437 5025 humano
451 4968 549 5040 generi
564 4973 629 5038 post
642 4967 729 5021 Deum
744 4965 894 5038 singulari·
935 4967 1020 5022 orbis.
1036 4965 1087 5022 llic
1101 4971 1176 5021 enirn
1191 4966 1293 5024 nobilis
1307 4965 1356 5033 uir,
1375 4973 1406 5022 ut
1415 4968 1477 5039 jaro
1489 4967 1620 5035 diximus,
1631 4987 1649 5025 a
1662 4970 1733 5027 duce

89 5072 135 5118 ter
150 5069 195 5118 est
208 5059 339 5116 amabilis
352 5064 380 5114 et
394 5076 444 5130 per
458 5057 560 5114 saecula
574 5060 677 5111 cuncta
692 5052 851 5111 laudabilis.
936 5051 1197 5112 Northmennorum
1220 5052 1364 5111 Willelmo
1378 5055 1407 5110 in
1428 5061 1520 5112 castro
1544 5056 1637 5114 Mollia
1659 5075 1734 5115 mar-

125 5150 289 5224 Inspirante
303 5147 423 5204 Domino
439 5146 496 5202 Deo
510 5151 608 5200 nostro
618 5145 684 5200 lesu
699 5143 821 5210 Christo,
832 5160 894 5199 um·
939 5145 1033 5200 rhisus
1048 5144 1139 5199 suerat
1153 5143 1324 5199 constitutus
1336 5152 1434 5199 contra
1444 5143 1631 5217 Francos,qui
1640 5152 1733 5202 trans·

90 5241 174 5296 nium
191 5239 328 5294 bonorum
342 5233 593 5308 auctore,'quidam
609 5233 699 5300 miles,
715 5238 848 5288 strenuus
867 5238 896 5288 et
936 5239 1034 5288 euntes
1055 5233 1140 5287 lttam
1164 5231 1291 5298 fluvium,
1308 5231 1409 5286 subitis
1433 5231 1541 5303 rapinis
1559 5231 1732 5290 vilcasinum

89 5331 174 5384 dives
184 5326 348 5394 llerluinus,
360 5325 516 5398 postposita
526 5322 673 5379 nobilitate
687 5321 894 5394 terrena,abje-
936 5319 1137 5380 devastabant3
1157 5311 1407 5394 ibique'posuerat
1436 5336 1517 5374 suam
1540 5317 1678 5378 familiam
1697 5323 1733 5380 ad

91 5427 140 5475 cta
151 5417 245 5474 saculi
259 5432 373 5490 pompa,
384 5431 439 5488 qua
451 5419 517 5470 ante
529 5414 610 5485 juxta
620 5411 733 5467 modurn
745 5429 828 5470 suurn
839 5427 896 5467 non
938 5406 1044 5466 castelli
1058 5403 1226 5466 custodiam.
1242 5407 1443 5465 Verumtamen
1458 5412 1565 5464 terram
1579 5426 1664 5482 quam
1682 5409 1734 5467 ha·

91 5524 201 5583 purum
210 5505 393 5572 defloruerat,
401 5503 528 5578 deposito
542 5517 654 5576 quoque
667 5501 775 5560 militiae
784 5499 898 5576 cingulo
938 5495 1023 5555 bebat
1036 5497 1065 5554 iu
1077 5495 1293 5586 Nortbmaunia,
1316 5491 1347 5588 in
1372 5495 1533 5556 Lexoviensi
1547 5514 1630 5576 pago,
1650 5499 1735 5558 certis
