4046 6186
164 265 234 327 lbos
730 265 778 324 DE
795 265 894 324 RONO
912 265 1027 324 racls.
1043 294 1077 312 -
1096 267 1167 324 ma.
1186 267 1210 330 l,
1726 267 1797 326 telo

162 409 227 450 aare
240 397 293 449 eat.
311 393 348 450 llt
359 393 423 465 quia
434 391 525 465 magis
538 392 711 448 accusatoris
727 398 771 449 est
789 391 891 465 dignus
909 407 957 448 co·
966 400 992 462 Α
1001 395 1097 449 ιιιιιιιιι
1120 391 1261 464 sperabat,
1284 407 1349 450 cum
1368 391 1476 450 dicent
1491 410 1499 449 s
1519 409 1533 446 ι
1548 393 1582 450 ln
1602 406 1672 465 pace
1683 391 1715 448 iu
1727 389 1799 465 idip-

162 481 298 554 guomine
307 497 393 554 quam
407 481 454 537 ille
467 481 498 537 in
512 498 597 554 quem
610 499 662 538 vox
670 481 907 554 triumphantium
916 481 963 536 de·
1002 496 1067 536 sum
1091 481 1240 547 dormiam,
1265 487 1294 538 at
1314 481 1529 554 requiescam.»
1553 481 1589 538 at
1606 481 1720 537 Simeon
1734 497 1799 538 cum

163 571 305 643 promitur
317 571 515 642 angelorum«
527 570 600 636 Quia
610 572 750 643 projectus
764 571 960 643 estiuquiuut,
1002 567 1170 627 benedicens
1184 571 1274 627 Deum
1289 575 1404 626 caneret
1417 589 1424 626 ε
1440 591 1451 623 ι
1462 571 1543 628 Nunc
1555 569 1674 626 dimittis
1687 585 1800 626 servum

165 664 312 716 accusator
332 660 453 716 fratrum
476 665 648 726 nostrorum,
671 659 720 732 qui
735 660 887 716 accusabat
900 659 963 714 illos
1002 659 1236 726 tuum,Domine,
1252 659 1407 716 secundum
1420 659 1536 716 verbum
1551 663 1632 718 tuum
1647 659 1677 714 in
1693 674 1798 730 pace.»

165 753 234 804 ante
247 753 429 820 conspectum
443 747 495 804 Dei
515 749 605 804 nostri
626 748 673 804 dic
685 764 719 803 ac
731 753 821 804 nocte.
842 750 965 804 interra
1040 747 1107 801 llaec
1121 747 1196 802 euim
1211 747 1286 820 apud
1308 753 1470 804 sanctorum
1486 747 1597 803 animos
1610 752 1654 803 est
1672 745 1801 818 perfecta

166 841 265 894 nostra
278 842 308 893 st
318 835 480 902 domibus,s
490 835 521 892 in
532 836 634 909 quibus
648 838 738 894 calcat
751 837 894 910 Assyrius,
902 853 965 894 oar-
1005 838 1082 907 pacis
1095 836 1253 904 concordia,
1269 835 1412 898 siomuia,
1423 853 1486 909 quse
1499 836 1528 892 in
1542 835 1655 891 homine
1669 835 1803 900 subtaci-

166 926 214 982 nis
235 930 338 982 nosue
354 925 497 981 domicilia
519 926 686 1004 ligurantur.
707 927 786 982 Tuuc
805 943 872 998 ergo
885 925 966 981 nobis
1005 923 1073 980 licet
1085 924 1209 996 spiritus,
1226 940 1325 981 sensus
1339 931 1368 980 et
1385 925 1506 991 animus,
1528 924 1557 980 id
1580 925 1672 997 ipsum
1690 939 1804 996 semper

169 1019 214 1070 cst
226 1029 290 1086 par,
306 1029 371 1070 cnm
381 1013 514 1086 Assyrius
527 1013 673 1070 interram
687 1021 814 1070 nostram
822 1014 930 1070 venerit
938 1019 967 1069 et
1007 1011 1143 1082 sentiant,
1157 1013 1210 1069 hoc
1224 1018 1266 1069 est
1289 1014 1318 1068 in
1336 1013 1463 1086 appetitu
1477 1014 1593 1086 superni
1606 1013 1673 1069 boni
1687 1012 1805 1069 indide-

169 1101 321 1158 calcaverit
347 1102 376 1157 in
398 1101 527 1158 domibus
546 1103 661 1170 uostris,
683 1102 750 1175 quia
772 1103 901 1160 diabolus
914 1102 968 1158 etsi
1007 1103 1081 1158 renti
1094 1103 1262 1159 conveniant
1274 1102 1429 1160 voluntate.
1449 1103 1517 1168 Qua
1529 1101 1712 1176 utiquapacis
1724 1117 1804 1159 sum-

169 1207 273 1264 oorpus
282 1189 371 1247 sancti
383 1191 437 1246 viri
449 1191 550 1263 affligit
559 1192 602 1248 vel
615 1191 738 1264 perimit,
750 1200 862 1248 aeternae
871 1197 968 1248 tamen
1008 1207 1055 1246 ma
1066 1191 1155 1262 quari
1175 1191 1221 1247 hic
1235 1195 1337 1263 potest,
1351 1191 1400 1247 sad
1418 1191 1538 1247 inveniri
1556 1207 1736 1265 nequaquam
1752 1207 1805 1264 po-
1918 1245 1922 1254 ,

170 1279 249 1353 pacis
265 1279 391 1352 requiem
409 1295 556 1351 nunquam
570 1280 653 1336 tollit.
674 1280 754 1337 Unde
767 1279 836 1336 illud
850 1280 885 1336 dc
899 1281 969 1336 Pro-
1008 1284 1075 1337 test·
1092 1279 1271 1353 concupiscit
1282 1279 1357 1336 enim
1371 1280 1417 1336 bic
1431 1295 1496 1336 caro
1510 1279 1644 1336 adversus
1662 1278 1806 1352 spiritum,

171 1367 274 1424 rarbiis
286 1367 422 1440 sapientis
437 1385 444 1422 :
462 1387 476 1422 s
491 1369 555 1424 Non
570 1367 795 1435 contristabitur,
807 1369 901 1441 iuquit
911 1370 970 1441 jus·
1010 1373 1040 1425 et
1052 1368 1168 1441 spiritus
1182 1368 1316 1424 adeamus
1325 1383 1449 1433 carnem
1463 1372 1497 1424 ut
1507 1383 1564 1424 non
1573 1384 1807 1442 quacunqueuos

171 1459 228 1522 tua,
246 1455 384 1528 quidquid
399 1455 425 1512 ei
439 1456 607 1512 acciderit.»
627 1457 694 1513 Ideo
716 1462 811 1514 autem
831 1473 886 1530 pax
898 1457 967 1524 hac,
1010 1459 1148 1523 volumus,
1165 1456 1216 1513 illa
1228 1455 1374 1514 faciamus.
1390 1456 1500 1529 Quippe
1516 1463 1546 1514 et
1567 1457 1628 1530 ipse
1641 1459 1727 1514 stiam
1745 1476 1807 1518 rna·

170 1543 309 1600 Dominus
322 1542 578 1618 dicitur,quianon
588 1544 643 1602 nisi
654 1562 705 1620 per
718 1547 781 1618 ejus
788 1545 910 1618 gratim
917 1559 971 1618 pax
1010 1563 1084 1618 gnus
1100 1546 1215 1614 Paulus,
1237 1547 1285 1618 qui
1308 1551 1407 1618 raptus
1427 1546 1457 1601 in
1471 1546 1586 1602 mutium
1597 1548 1698 1604 omium
1716 1547 1810 1606 istius·

174 1629 343 1690 istiusmodi
355 1632 510 1688 obtinetur.
1012 1635 1088 1690 modi
1102 1634 1180 1707 pacis
1193 1634 1334 1707 primitias
1354 1633 1536 1701 delibaverat,
1561 1635 1654 1692 adhuc
1674 1636 1704 1694 in
1725 1653 1810 1696 carae

208 1721 315 1778 Secura
327 1721 430 1777 deiude
444 1727 488 1777 est
501 1722 562 1778 hee
575 1739 640 1794 pax,
659 1721 689 1777 in
704 1738 760 1795 qua
773 1722 892 1780 velutin
907 1737 971 1778 arce
980 1723 1004 1784 B
1012 1724 1116 1787 urens,
1141 1723 1318 1797 aliquantula
1340 1723 1414 1795 apud
1429 1740 1460 1780 se
1473 1723 1628 1780 luctamina
1640 1723 1808 1793 sustinebat,

173 1809 298 1881 quadam
306 1825 387 1866 meus
397 1809 488 1882 posita
501 1810 626 1866 adversa
636 1810 838 1868 dominationis
851 1815 973 1867 terrores
1013 1812 1138 1870 sentiens
1157 1812 1242 1869 aliam
1263 1813 1354 1884 legem
1372 1811 1403 1868 in
1417 1811 1553 1868 membris
1564 1812 1634 1879 suis,
1649 1829 1811 1886 repugnan-

172 1897 301 1970 dcspioit,
316 1898 409 1954 minas
420 1899 542 1972 despuit,
552 1899 708 1956 coutemnit
716 1899 858 1968 ferociam,
872 1905 901 1956 et
915 1915 974 1955 om·
1013 1905 1072 1957 tem
1085 1899 1142 1973 legi
1155 1901 1335 1968 mantissam,
1349 1905 1451 1957 utnon
1465 1902 1541 1974 quod
1555 1901 1650 1966 vellet,
1673 1902 1726 1958 hoc
1743 1918 1812 1976 age·

173 2002 241 2044 nem
255 1986 370 2043 omnino
384 1988 532 2044 contraria
555 1987 728 2044 tortitudinis
745 1989 822 2044 velut
841 1988 975 2060 stipulam
1014 1995 1068 2058 ret,
1083 1989 1132 2046 sed
1147 1990 1221 2062 quod
1235 1990 1332 2058 nollet,
1348 1989 1451 2046 invitus
1466 1994 1651 2063 perpetraret.

174 2085 321 2154 computat
334 2081 502 2138 aevitatem.
518 2081 560 2138 De
575 2097 632 2154 qua
645 2081 797 2138 securitate
807 2080 877 2136 illud
894 2080 975 2136 Salo·
1050 2078 1131 2144 Quod
1145 2078 1261 2150 pulchre
1274 2079 1396 2134 loannes
1413 2078 1444 2134 in
1464 2079 1633 2151 Apocalypsi
1645 2083 1745 2136 notare
1763 2095 1813 2137 vo·

177 2169 271 2227 monis
296 2170 489 2242 intelligitur:
508 2190 521 2224 ι
537 2171 634 2226 Iustus
662 2169 742 2242 quasi
766 2169 811 2224 leo
832 2168 975 2224 conlidens
1014 2165 1079 2232 luit,
1094 2165 1163 2222 dum
1183 2166 1295 2239 scripsit
1314 2167 1380 2238 quia
1401 2166 1536 2222 «samum
1559 2172 1603 2224 est
1620 2167 1765 2226 silentium
1783 2168 1814 2228 iu

175 2257 284 2331 absque
292 2263 402 2314 terrore
417 2258 479 2315 erit.
499 2259 618 2330 rlluJ'us
633 2258 708 2330 pacis
723 2257 874 2313 securitate
886 2257 975 2313 fretus
1015 2255 1085 2309 coelo
1105 2253 1186 2326 quasi
1207 2253 1301 2310 media
1316 2254 1396 2309 hora.
1417 2274 1429 2305 s
1446 2254 1476 2310 Si
1490 2255 1590 2312 coelum
1602 2255 1683 2311 sedes
1701 2256 1753 2312 llai
1771 2261 1815 2313 est

176 2351 249 2415 crat,
266 2345 315 2418 qui
327 2347 421 2403 dicere
434 2350 567 2419 poterat:
586 2366 598 2400 ι
615 2347 645 2402 si
658 2345 814 2402 consistant
827 2346 975 2401 aduersum
1013 2342 1096 2414 juxta
1109 2341 1178 2398 illud
1194 2358 1200 2394 :
1216 2360 1228 2394 ι
1242 2342 1350 2398 Omlum
1365 2341 1435 2397 mibi
1449 2343 1530 2399 sedes
1540 2348 1592 2412 est,
1608 2344 1704 2400 anima
1718 2349 1815 2402 autam

176 2451 224 2492 me
237 2439 340 2501 matra,
356 2451 413 2491 non
426 2434 537 2491 timebit
548 2451 597 2491 cor
609 2435 782 2502 meum,etsi
791 2434 977 2505 insurgstad-
1013 2430 1110 2501 justir
1124 2431 1277 2487 secundum
1292 2431 1465 2504 scripturam
1474 2433 1574 2488 «sedes
1583 2437 1626 2489 est
1635 2434 1813 2506 sapientiam

176 2539 289 2578 remum
303 2539 349 2578 mc
359 2523 496 2595 pralium,
510 2521 603 2578 iuboc
617 2539 669 2594 ego
683 2521 832 2594 sperabo.»
841 2521 884 2577 Ad
892 2537 977 2594 qnam
1017 2517 1046 2572 id
1060 2523 1104 2574 est
1117 2519 1178 2585 Dei,
1194 2519 1260 2591 quid
1275 2521 1330 2575 erit
1343 2521 1561 2592 consequentius
1572 2538 1657 2594 quam
1672 2522 1739 2579 utin
1746 2522 1815 2579 cralo

178 2611 256 2684 pecie
267 2611 447 2667 securitatem
462 2617 491 2667 et
511 2610 613 2667 Petrus
630 2611 808 2683 respiciebat,
823 2625 886 2666 cum
901 2609 977 2665 dioe-
1015 2606 1087 2676 justi
1103 2607 1226 2662 animam
1242 2608 1362 2680 intelligi
1375 2611 1558 2681 reputemus?
1574 2632 1587 2660 a
1601 2610 1752 2667 Silentium
1765 2611 1817 2683 igi-

179 2703 244 2755 ret:
262 2719 274 2752 r
292 2699 361 2765 Quis
377 2705 429 2767 est,
446 2700 494 2772 qui
505 2699 584 2755 vobis
598 2704 706 2760 noceat,
719 2699 742 2755 si
757 2699 822 2755 boni
832 2699 978 2754 amuleto·
1018 2699 1067 2750 tur
1081 2695 1160 2766 quasi
1174 2695 1291 2751 dimidia
1304 2697 1402 2752 horas
1422 2697 1453 2753 in
1467 2699 1536 2754 ooelo
1557 2699 1681 2767 auditur,
1703 2699 1768 2772 quia
1785 2698 1817 2756 in

179 2804 227 2843 res
236 2787 392 2844 fueritisl»
409 2788 458 2844 Est
471 2788 547 2843 enim
565 2803 644 2844 mens
656 2788 728 2859 justi
741 2788 818 2842 velut
831 2786 979 2842 sublimior
1019 2782 1115 2837 anima
1127 2783 1179 2837 viri
1193 2783 1307 2838 sanctis
1322 2784 1449 2851 dimidia,
1465 2786 1546 2841 »boc
1559 2791 1612 2853 est,
1623 2802 1680 2842 uon
1694 2785 1818 2858 perfecta

180 2893 249 2950 pars
262 2876 371 2943 mundi,
382 2893 444 2948 qua
458 2877 527 2932 coelo
537 2876 675 2932 confinior
688 2876 718 2930 in
729 2875 832 2930 nubem
839 2891 896 2930 non
906 2873 980 2946 eogi-
1020 2885 1082 2926 esse
1096 2870 1141 2926 bic
1155 2869 1265 2943 requies
1274 2871 1408 2927 creditur.
1416 2872 1473 2927 Pax
1487 2889 1553 2944 ergo
1564 2873 1627 2938 ista,
1639 2873 1669 2929 iu
1677 2873 1819 2946 quenulla

178 2971 238 3030 tur,
253 2965 283 3020 iu
301 2969 497 3038 tempestatem
521 2981 580 3021 non
601 2965 705 3037 agitur,
724 2979 780 3020 uon
801 2968 930 3020 versatur
950 2962 981 3018 in
1020 2963 1065 3014 est
1077 2959 1152 3013 inter
1165 2975 1278 3014 carnem
1291 2966 1321 3015 et
1333 2959 1464 3032 spiritum
1479 2962 1710 3033 repugnantiam
1722 2961 1818 3020 buturo

181 3051 335 3120 turbinem,
356 3069 413 3108 nou
437 3053 569 3124 mugiunt
585 3052 625 3107 ibi
642 3052 778 3116 tonitrua,
794 3068 851 3108 non
866 3033 1011 3108 sariuntfl
1022 3046 1102 3103 uobis
1129 3047 1305 3119 promittitur
1325 3049 1519 3113 condonanda,
1540 3050 1650 3107 dicente
1673 3049 1817 3111 Domino:

181 3141 314 3210 fulmina,
335 3141 451 3198 llamina
468 3157 524 3197 non
534 3143 697 3214 jurgantur.
712 3141 758 3197 Sic
772 3146 802 3196 et
809 3139 909 3196 beatus
923 3140 982 3195 ani·
1024 3155 1036 3188 ι
1049 3136 1149 3191 Pacem
1164 3136 1292 3209 relinquo
1305 3137 1393 3202 robis,
1412 3154 1510 3210 pacem
1532 3155 1625 3195 meam
1648 3139 1684 3196 dc
1702 3139 1817 3196 vobis.»

182 3247 258 3296 mua,
272 3232 354 3302 cuijus
367 3230 542 3287 conversatio
566 3231 596 3286 in
619 3231 696 3286 coelis
719 3235 775 3288 est.
802 3230 892 3285 Tanto
906 3229 981 3285 enim
1023 3223 1065 3280 Do
1080 3230 1175 3280 autem
1185 3241 1236 3297 pro
1245 3227 1314 3281 dabo
1328 3225 1433 3282 dictum
1448 3233 1560 3300 oportet
1571 3229 1713 3301 cognosci,
1722 3244 1821 3286 secuu-

181 3321 243 3393 jam
263 3319 376 3376 rubida
401 3319 524 3375 culmine
546 3319 693 3375 subrectus
717 3319 832 3386 eminet,
851 3325 884 3374 ut
897 3317 982 3373 nullis
1023 3312 1092 3367 dum
1106 3329 1192 3385 quam
1211 3314 1331 3370 formam
1346 3315 1456 3371 dicendi
1470 3320 1499 3372 et
1512 3333 1608 3390 supra,
1630 3333 1695 3375 cum
1710 3318 1746 3373 de
1759 3317 1820 3374 ori·

181 3423 311 3481 uuquam
325 3407 466 3463 minarum
480 3406 647 3479 fragoribus,
660 3406 746 3463 nullis
760 3411 899 3463 terrorum
913 3406 984 3461 nim·
1024 3400 1076 3456 bus
1101 3401 1273 3474 loqueretur,
1297 3397 1472 3461 subnexuit:
1490 3429 1499 3454 ι
1518 3406 1553 3461 Et
1566 3422 1618 3478 ego
1637 3407 1723 3462 vitam
1740 3411 1821 3464 actar-

182 3497 227 3554 bis
243 3495 328 3571 [cod.
345 3497 407 3566 Tcp.
433 3496 592 3567 imbribusl,
612 3496 698 3553 nullia
717 3495 854 3552 bellorum
874 3493 985 3550 diluviis
1024 3506 1091 3546 nam
1110 3490 1146 3546 do
1160 3491 1211 3546 eis.
1231 3510 1245 3545 a
1262 3492 1391 3548 Christus
1405 3492 1501 3566 itaque
1519 3494 1604 3550 aliam
1615 3511 1713 3567 pacem
1725 3494 1822 3552 electis

184 3586 248 3656 ejus
262 3585 351 3658 possit
365 3585 484 3641 duritas
498 3586 620 3653 concuti,
636 3585 773 3642 serenitas
786 3584 901 3652 obnubi,
907 3589 985 3640 tran·
1025 3579 1084 3634 auis
1098 3579 1234 3651 relinquit
1246 3580 1276 3636 in
1290 3580 1343 3636 boc
1361 3582 1474 3646 saecnlo,
1488 3587 1518 3639 el
1532 3583 1618 3639 aliam
1631 3582 1711 3640 dabit
1722 3582 1822 3657 procul

184 3673 312 3746 quillis„
324 3672 494 3745 perturbari.
1024 3667 1110 3723 dubio
1124 3669 1153 3724 in
1161 3669 1268 3724 futuro.
1283 3669 1428 3742 Relinquit
1438 3661 1517 3727 illam
1526 3671 1659 3739 mediam,
1669 3671 1824 3746 quebouo·

220 3761 350 3834 Denique
366 3761 492 3832 jucunda
505 3761 566 3817 haec
581 3777 635 3832 par
649 3766 701 3830 est,
713 3778 775 3834 qua
786 3761 915 3818 videlicet
928 3777 984 3834 quo
1024 3772 1089 3811 rum
1111 3762 1164 3825 est,
1190 3757 1270 3814 dabit
1291 3758 1365 3814 banc
1378 3759 1502 3830 tertiam,
1525 3777 1612 3834 quam
1625 3777 1687 3818 esse
1702 3761 1824 3819 diximus

185 3850 279 3922 magis
292 3849 329 3904 ad
342 3865 477 3922 prospera
498 3850 676 3906 contrahitur
690 3856 719 3906 et
738 3850 774 3908 ad
788 3849 906 3906 adversa
917 3865 984 3922 pro·
1024 3844 1182 3902 beatorum.

185 3937 279 3995 tusiua
301 3937 445 4002 dilatatur,
459 3938 587 4010 gaudem
605 3937 636 3994 in
658 3938 779 4004 damnis,
795 3939 937 3995 exsultans
955 3938 985 3994 in
1063 3934 1180 3991 Mirifice
1194 3951 1260 3991 vero
1275 3951 1332 3992 non
1346 3927 1435 4006 illam,
1450 3954 1536 4010 quam
1554 3938 1601 3995 hic
1614 3938 1758 4012 relinquit,
1773 3940 1824 3996 sed

186 4027 330 4101 periculis,
346 4028 523 4083 subsannans
541 4027 688 4100 supplicia,
704 4027 835 4084 deridens
853 4032 985 4082 mortem.
1026 4022 1100 4078 hauc
1117 4023 1360 4096 perfectissimam,
1376 4041 1462 4097 qnam
1480 4027 1655 4096 innodabit,
1676 4027 1825 4085 nominare

187 4115 272 4173 Unde
285 4121 400 4172 resonat
420 4133 472 4171 vox
491 4115 541 4171 illa
558 4116 687 4188 gratillus
704 4132 712 4172 ε
731 4117 793 4172 oln
805 4115 987 4172 tribulatione
1028 4127 1108 4167 suam
1122 4111 1210 4168 voluit
1230 4130 1236 4166 :
1260 4113 1403 4181 «Pacem,
1418 4114 1520 4187 inquit,
1544 4131 1637 4172 msam
1656 4115 1692 4172 do
1709 4115 1823 4174 robis.»

188 4203 317 4260 dilatasti
330 4219 384 4258 mc.
397 4222 412 4256 ι
428 4203 508 4259 llauc
519 4203 808 4278 paoisjucuuditatem
818 4209 847 4260 et
856 4202 989 4260 securita-
1028 4201 1111 4257 Nunc
1126 4201 1201 4257 enim
1213 4201 1265 4258 Dei
1278 4217 1386 4275 pacem,
1399 4202 1428 4258 id
1446 4215 1497 4271 est,
1513 4205 1626 4278 qualem
1639 4206 1715 4262 Deus
1728 4204 1824 4274 babet,

188 4296 248 4348 ιοιιι
265 4292 372 4364 pariter
384 4292 515 4364 exprimit
527 4293 611 4347 homo
625 4291 716 4348 bonus
730 4293 843 4348 dicens:
854 4313 868 4342 e
881 4293 944 4348 Non
953 4267 1135 4346 ti-Dhobere
1154 4305 1212 4344 nou
1225 4305 1384 4361 possumus,
1403 4291 1462 4364 qui,
1485 4293 1558 4349 sicut
1582 4295 1757 4366 praemissum
1771 4299 1824 4364 est,

189 4379 282 4438 mebis
301 4379 501 4444 calamitatem,
517 4397 582 4437 cum
597 4381 717 4450 venenu
731 4381 761 4436 iu
775 4381 848 4437 lame
862 4387 891 4437 et
904 4380 990 4436 vasti·
1030 4377 1119 4433 ιίιιιιιι
1133 4378 1283 4450 quamdam
1303 4379 1472 4437 intrinsecus
1484 4382 1666 4439 sustinemus.
1679 4385 1758 4440 'l'unc
1776 4400 1828 4441 au-

189 4473 252 4525 tute
264 4467 370 4525 ridebis
384 4475 413 4525 et
421 4468 526 4526 bestias
532 4475 615 4525 terra
629 4485 685 4526 non
699 4469 874 4530 formidabis.
888 4469 992 4525 ctscies
1030 4473 1088 4523 tem
1105 4483 1184 4524 auam
1197 4484 1294 4541 pacem
1307 4467 1389 4524 nobis
1402 4469 1481 4526 dabit
1494 4472 1639 4540 Dominus,
1661 4489 1726 4530 cum
1744 4474 1775 4530 in
1788 4474 1829 4531 si·

191 4557 268 4630 quod
282 4574 380 4630 pacem
394 4558 498 4614 habeat
506 4558 720 4615 tabernaculum
729 4565 819 4615 tuum.
833 4578 845 4611 r
860 4558 991 4631 Opacem
1033 4557 1180 4612 millimam
1193 4556 1294 4613 didus
1314 4557 1375 4630 paci
1395 4559 1572 4616 concordiam
1587 4576 1699 4634 corpus,
1713 4563 1831 4636 spiritus

191 4645 402 4718 admirabilem,
418 4663 504 4718 quam
517 4653 546 4703 et
560 4648 608 4719 qui
622 4663 678 4703 uon
693 4647 788 4714 habet,
804 4653 869 4704 sunt
885 4646 991 4712 miseri,
1034 4653 1063 4703 et
1074 4647 1169 4702 anima
1183 4646 1393 4719 conspirabunt,
1408 4647 1537 4705 videlicet
1550 4655 1582 4705 ut
1592 4651 1831 4722 quemadmodum

192 4741 224 4791 et
240 4735 289 4808 qui
302 4735 417 4802 habent,
431 4736 482 4791 filii
498 4736 549 4792 Dei
564 4737 880 4809 merenturnuncupari.
890 4755 903 4790 ι
914 4735 994 4792 Beati
1034 4737 1064 4792 iu
1075 4737 1181 4791 deitate
1192 4741 1273 4792 tanta
1290 4753 1343 4808 pax
1356 4741 1409 4804 sat,
1430 4736 1503 4793 sicut
1524 4738 1554 4794 in
1573 4739 1662 4796 initiis
1675 4741 1833 4812 praelibavi-

192 4824 271 4882 enim
287 4825 408 4897 pacifici,
424 4824 557 4897 quoniam
571 4825 623 4880 lilii
636 4824 688 4880 Dei
701 4825 890 4882 vocabuntur!
909 4844 921 4877 r
1036 4840 1109 4890 mua,
1121 4823 1196 4896 quod
1209 4823 1239 4880 iu
1252 4822 1343 4880 tribua
1364 4840 1421 4880 uua
1440 4824 1608 4895 substantia,
1624 4845 1681 4886 uua
1692 4831 1830 4897 voluntas,

194 4913 265 4970 Gir.
289 4913 363 4971 XVI.
384 4939 416 4954 -
436 4915 474 4970 ue
490 4929 557 4984 pace
576 4915 718 4970 decimum
737 4915 775 4970 od
791 4929 819 4969 sc
838 4917 908 4985 ipsos
930 4918 997 4971 tunc
1038 4918 1067 4969 et
1080 4929 1138 4969 una
1154 4913 1267 4986 penitus
1290 4913 1384 4986 operis
1405 4915 1542 4972 adoratur
1562 4919 1727 4986 auctoritas,
1750 4921 1792 4976 ita
1805 4925 1836 4977 ct

529 5003 664 5059 iubendo.
1039 5008 1098 5059 bac
1112 5002 1167 5058 tria
1181 5007 1259 5058 tanta
1282 5001 1336 5058 sibi
1354 5007 1422 5060 tuuc
1442 5005 1593 5064 credantur
1615 5007 1691 5080 pacis
1711 5007 1836 5064 amicitia

233 5087 417 5146 vocabuntur
432 5095 528 5147 ιιιιιοιιι
541 5096 610 5146 tunc
623 5089 675 5146 Dei
684 5090 745 5157 lilii,
755 5091 868 5162 quando
882 5091 931 5147 illa
940 5097 999 5147 ter-
1039 5091 1195 5163 conjugari,
1211 5097 1243 5148 ut
1256 5099 1358 5164 prater
1369 5093 1431 5161 boc,
1447 5095 1521 5168 quod
1534 5095 1619 5152 unius
1628 5095 1835 5168 quodammodo

195 5177 240 5234 tia
254 5194 319 5249 pas,
330 5179 438 5236 scilicet
450 5179 568 5236 rationis
578 5183 607 5235 et
617 5179 819 5248 sensualitatis,
834 5179 919 5236 beata
931 5196 999 5237 con-
1040 5185 1149 5236 natura
1169 5180 1364 5253 intelligentur
1382 5183 1417 5256 [o.
1440 5185 1481 5252 r,
1501 5183 1707 5256 quodammodo
1720 5186 1836 5243 nomine

195 5265 293 5322 scnsm
316 5267 483 5341 prolucebit.
508 5267 568 5325 Ista
588 5285 653 5342 par,
672 5268 908 5341 quemadmodum
928 5285 1000 5342 pra·
1041 5267 1109 5344 int]
1125 5269 1196 5332 llari,
1207 5269 1268 5343 ipso
1282 5271 1381 5345 ntique
1393 5287 1509 5344 corpore
1523 5271 1553 5328 iu
1565 5273 1837 5348 naturamspiritus,

195 5361 391 5414 monstratum
414 5362 468 5425 est,
488 5372 546 5414 non
568 5354 699 5414 omnibus
726 5356 816 5422 bonis,
843 5358 893 5416 aed
911 5357 1001 5414 beatis
1042 5358 1115 5416 sicut
1128 5365 1243 5416 sanctus
1260 5359 1366 5417 Paulus
1382 5359 1492 5427 merit,
1506 5359 1671 5429 mnium,
1686 5361 1763 5422 idcm
1774 5379 1838 5422 om·

196 5445 408 5512 tautummodo,
419 5445 449 5502 id
464 5452 518 5514 est,
526 5447 587 5518 jam
600 5446 635 5503 de
649 5446 755 5503 mundo
769 5447 900 5520 egressis,
915 5445 1001 5504 ascri·
1041 5447 1107 5505 nino
1121 5453 1189 5506 tuno
1203 5448 1316 5522 sapiant
1337 5453 1366 5504 et
1383 5447 1458 5504 circa
1476 5446 1552 5504 idem
1565 5465 1677 5523 semper
1694 5467 1775 5527 opus,
1791 5469 1838 5512 au·

195 5532 288 5606 bitur,
295 5551 380 5612 quam
390 5535 431 5594 vir
441 5534 537 5610 justus
548 5536 579 5598 in
589 5540 687 5596 monta
700 5535 817 5596 demum
830 5551 862 5596 se
870 5551 1001 5597 consecu-
1040 5537 1249 5612 pemascilicet
1263 5536 1354 5610 laudis
1366 5534 1536 5596 nortuum
1549 5543 1731 5613 occupentur.

320 5635 458 5704 aanor.
479 5635 538 5704 cb.
1613 5670 1618 5678 ·
1680 5637 1718 5706 ιι
