3882 6172
257 292 310 353 675
733 289 782 345 ΑΙ)
800 289 920 347 OPERA
939 289 972 346 s.
992 285 1201 347 acumenti
1220 285 1413 344 APPENDIX.
1822 299 1867 358 67ss

256 427 284 479 et
311 417 456 476 monachis
482 415 550 472 dicti
569 413 734 470 monasterii
758 419 904 470 tonsuram
925 413 1050 470 conferre
1055 411 1167 485 Aoperi
1181 411 1330 468 fomerieiae
1344 429 1395 484 per
1408 413 1571 486 predictum
1584 417 1693 475 Harena
1706 419 1832 496 incepta,
1844 431 1868 480 et

256 511 423 576 clericalem,
435 505 532 574 libere,
540 510 569 561 et
581 503 782 576 licitopossitia
791 503 1051 559 felicisrecordatio·
1092 501 1256 573 pradictum
1279 517 1349 574 opus
1368 498 1404 556 ad
1421 507 1530 589 tautam
1549 505 1741 578 perfectionem
1754 513 1870 582 perduxit

255 602 299 657 nis
306 597 457 655 Alexandri
464 613 543 669 papae
549 593 652 668 quarti,
662 593 976 665 predecessorisnostri,
989 609 1051 665 qua
1092 595 1124 647 ut
1133 588 1332 662 aspicientibus
1341 594 1465 646 castrum
1479 589 1692 666 inexpugnabile
1700 599 1868 668 judicaretur.

253 689 353 760 incipit
370 705 376 742 :
391 688 514 752 abbates,
530 689 559 742 et
573 683 637 740 aliis
652 681 864 754 quibuscunque
878 683 1052 738 constitutio·
1126 678 1335 750 Temporeisto,
1343 683 1458 750 regente
1466 677 1802 742 Ecclesiamuuiversalem
1808 707 1870 762 papa

254 777 337 836 uibus
355 774 515 849 apostolicis
529 774 559 830 iu
574 772 746 829 contrarium
765 771 856 840 editis,
873 787 1051 844 nequaquam
1091 765 1259 832 Alexandro,
1274 765 1387 838 qnidam
1402 767 1561 837 cardinalis,
1579 771 1735 828 ludovicus
1748 775 1780 830 de
1791 775 1870 834 iliaco

254 865 430 924 obstantibus
437 863 522 930 vobis,
533 867 561 918 et
566 861 671 917 eisdem
677 859 891 928 successoribus,
904 859 1053 916 auctorita·
1093 853 1246 926 vulgariter
1264 860 1451 927 nuncupatus,
1466 857 1542 912 tituli
1558 859 1652 915 Sancti
1665 860 1778 918 nonani
1790 866 1869 924 casdi-

253 963 282 1013 te
292 954 454 1030 apostolica,
470 954 505 1008 de
519 951 633 1024 speciali
645 949 749 1023 gratia,
758 956 856 1006 tenore
871 949 1052 1022 praesentium
1093 943 1175 1010 nelis,
1187 943 1348 1015 impetravit
1361 945 1501 1017 prioratus
1514 946 1550 1002 de
1563 948 1736 1006 Bellomonte
1749 955 1776 1006 et
1788 952 1869 1010 Sancti

253 1047 442 1117 indulgemus.
454 1041 532 1098 Nulli
546 1057 611 1112 ergo
621 1040 768 1096 hominum
780 1039 864 1095 liceat
876 1039 958 1105 hauc,
972 1043 1050 1094 reto.
1091 1032 1216 1101 Ymerii3
1233 1038 1262 1098 et
1274 1049 1325 1105 per
1339 1034 1500 1106 episcopum
1515 1035 1711 1094 Placentinum
1728 1044 1869 1112 procurarit

289 1137 344 1190 Pro
362 1133 428 1189 sede
442 1129 579 1203 capienda
600 1129 631 1184 in
655 1128 761 1201 synodo
780 1127 982 1199 archiepiscopi
995 1127 1052 1182 Ro-
1092 1122 1204 1177 decerni
1217 1121 1306 1178 dictos
1317 1121 1458 1194 prioratus
1469 1124 1505 1179 ad
1516 1123 1611 1196 ipsum
1623 1127 1761 1198 pertinere
1774 1135 1801 1185 et
1815 1149 1869 1203 spe.

253 1221 456 1294 thomagensis,
471 1219 526 1275 iuit
544 1219 579 1274 lis
603 1223 680 1273 mota
693 1217 768 1272 inter
781 1215 912 1271 abbatem
926 1216 1005 1272 Bccci
1024 1219 1054 1274 et
1092 1215 1178 1278 ctare,
1195 1217 1225 1294 et
1246 1212 1390 1268 mandavit
1402 1213 1520 1285 singulis
1534 1214 1683 1272 abbatibus
1697 1222 1726 1274 et
1743 1221 1869 1276 conventi·

254 1313 488 1374 Gemeticensem,
509 1313 636 1380 tempore
664 1305 745 1362 istius
769 1305 905 1361 Gaud'ridi
929 1305 1049 1374 Harena,
1091 1299 1153 1368 bus,
1164 1298 1217 1356 sub
1229 1301 1318 1372 poenis
1336 1302 1474 1357 contentis
1486 1315 1515 1358 et
1532 1304 1689 1360 fulminatis
1702 1305 1731 1361 in
1744 1324 1869 1379 processu,

254 1402 302 1474 qui
313 1399 424 1456 dicebat
432 1397 485 1454 sibi
498 1397 651 1452 secundum
664 1395 755 1450 locum
766 1393 917 1466 pertinere,
925 1395 1052 1450 aliocon·
1091 1391 1125 1442 ut
1135 1387 1333 1460 permitterent
1346 1389 1450 1445 dictum
1462 1391 1645 1460 cardinalem,
1658 1398 1708 1448 aut
1718 1394 1775 1466 ejus
1786 1412 1870 1468 procu-

252 1489 370 1545 trarium
385 1489 540 1542 asserente.
1092 1481 1215 1533 retorem
1235 1493 1287 1549 pro
1308 1493 1341 1533 eo
1356 1479 1480 1534 nancisci
1502 1485 1531 1535 et
1544 1479 1661 1554 adipisci
1686 1483 1869 1554 possessionem

288 1579 425 1650 Tempore
433 1574 516 1630 istius
524 1572 662 1629 Gauilridi
677 1572 796 1638 Harenc,
807 1569 965 1644 presbyteri
974 1570 1051 1627 soliti
1091 1563 1266 1636 prioratuum
1282 1565 1495 1638 praedictorum
1510 1568 1541 1623 in
1554 1585 1610 1640 qua
1623 1571 1793 1642 possessione
1805 1573 1869 1644 prio·

253 1672 335 1724 erant
344 1683 394 1738 pro
404 1660 551 1736 stipendiis
571 1660 630 1716 suis
644 1660 785 1732 percipere
797 1659 943 1715 annuatim
954 1660 1050 1715 decem
1091 1656 1170 1709 ratus
1190 1653 1225 1709 de
1243 1653 1427 1722 Bellomonte,
1443 1661 1510 1712 tunc
1531 1662 1593 1712 erat
1612 1657 1700 1738 frater
1718 1659 1869 1716 Guillermns

252 1757 362 1812 francos
372 1759 401 1809 et
410 1754 528 1824 juvenes
542 1767 599 1805 non
612 1749 769 1822 presbyteri
782 1753 853 1810 octo.
867 1753 895 1803 et
906 1748 1048 1816 diminuit,
1057 1767 1081 1828 B
1091 1741 1126 1797 de
1140 1741 1256 1798 Fisoano
1269 1743 1417 1816 religiosus
1430 1745 1465 1800 de
1478 1745 1575 1814 Becco,
1593 1753 1623 1802 et
1637 1747 1723 1804 irater
1733 1747 1869 1804 Richardus

251 1849 367 1918 propter
373 1840 543 1897 fortericiam
552 1837 818 1910 (propugnaculum.
826 1836 888 1892 Gal.
898 1837 1050 1905 forteresse)
1091 1829 1125 1884 de
1138 1831 1279 1886 Malavilla
1294 1831 1412 1904 professi
1426 1833 1460 1888 da
1472 1833 1569 1902 Becco,
1581 1840 1611 1890 et
1622 1834 1658 1890 ab
1670 1835 1723 1890 isto
1734 1836 1815 1892 nobili
1828 1837 1869 1892 Pa-

251 1931 479 1994 eonstruendam,
497 1927 572 2000 quod
583 1925 739 2000 presbyteri
752 1925 843 1981 solum
858 1923 1048 1994 octosrancos,
1090 1923 1134 1974 ire
1148 1919 1304 1976 Guillermo
1318 1921 1373 1976 luit
1394 1921 1545 1994 appellatio
1559 1923 1726 1998 interposita
1739 1932 1766 1981 et
1786 1927 1870 1982 sortita

252 2028 281 2078 et
290 2024 408 2093 juvenes
421 2035 468 2074 sex
482 2016 593 2072 francos
603 2016 789 2088 perciperent,
798 2019 827 2069 et
840 2013 951 2069 durant
960 2029 1050 2086 usque
1091 2013 1135 2065 est
1148 2025 1230 2065 suum
1245 2009 1386 2069 ellectum.
1402 2011 1527 2066 Feodum
1541 2012 1576 2067 de
1592 2012 1756 2087 Feugueray
1769 2015 1870 2088 acquisi-

252 2110 287 2166 ad
296 2113 423 2180 tempora
433 2105 541 2161 domini
557 2102 699 2160 Willermi
708 2104 743 2158 de
753 2103 842 2169 Valla,
854 2102 964 2158 abbatis
977 2103 1051 2174 vige-
1092 2099 1131 2154 vit
1143 2098 1284 2154 adomiuo
1298 2097 1453 2155 Guillermo
1468 2100 1567 2167 milite,
1581 2119 1634 2173 pro
1647 2104 1869 2160 summaduomm

250 2199 315 2255 simi
330 2196 452 2269 septimi.
1091 2187 1167 2242 mille
1178 2187 1306 2242 ducentis
1315 2192 1344 2242 et
1358 2188 1564 2261 quinquaginta
1576 2189 1659 2246 libris
1669 2191 1868 2248 Turonensibus.

286 2289 397 2352 Postea,
413 2299 487 2339 anno
499 2279 611 2337 Domini
624 2277 773 2335 millesimo
787 2279 983 2336 trecentesimo
996 2297 1049 2336 no-
1089 2279 1114 2332 Α
1128 2277 1242 2332 domiuo
1255 2278 1363 2333 loanne
1381 2277 1416 2333 de
1435 2277 1551 2334 Ronlaio
1565 2279 1656 2336 milite
1675 2281 1750 2338 aliud
1772 2282 1869 2338 feodum

251 2376 395 2448 uegesimo
407 2390 492 2441 nono,
507 2371 552 2427 die
567 2369 676 2426 decima
689 2369 810 2442 septima
824 2369 901 2436 tulii,
919 2374 983 2440 post
998 2369 1049 2426 ob·
1089 2367 1253 2438 configuum
1272 2366 1378 2423 dictum
1398 2367 1434 2422 de
1450 2368 1558 2441 Boulay
1581 2386 1634 2441 pro
1658 2387 1766 2428 summa
1784 2387 1868 2427 novem

251 2467 323 2522 itum
336 2463 424 2520 felicis
439 2458 639 2517 recordationis
654 2457 779 2530 praedicti
789 2457 926 2513 Ganifridi
938 2458 1049 2514 Harenc
1089 2459 1202 2510 centum
1217 2454 1363 2511 librarum.

251 2553 361 2609 abbatis
376 2551 456 2606 Becci
468 2547 595 2622 vigesimi
608 2547 709 2620 quinti,
725 2561 863 2602 consensu
876 2547 962 2601 totius
981 2562 1048 2601 con·
1124 2544 1198 2599 Nota
1208 2544 1283 2617 quod
1299 2559 1396 2600 muros
1410 2544 1558 2602 fortericia
1571 2547 1682 2603 curavit
1694 2546 1754 2604 fieri
1764 2547 1868 2604 Gauiiri·

249 2641 421 2716 gregationis
435 2644 464 2694 et
477 2637 602 2694 omnium
618 2635 755 2708 priorum,
767 2635 803 2689 ad
819 2635 983 2690 electionem
999 2634 1049 2691 de·
1089 2631 1267 2695 dusiiareno,
1278 2633 1405 2689 maximae
1415 2633 1583 2702 latitudinis,
1595 2637 1723 2694 videlicet
1729 2637 1868 2709 quindecim

249 2732 307 2788 bite
321 2735 492 2795 vocatorum,
513 2743 563 2799 per
577 2725 650 2779 viam
666 2723 755 2778 sancti
773 2723 904 2795 Spiritus,
920 2722 1050 2779 omnibus
1089 2721 1203 2792 pedum,
1222 2722 1265 2777 rel
1281 2721 1354 2778 circa
1368 2723 1398 2777 iu
1408 2722 1499 2791 basso,
1512 2729 1541 2780 et
1554 2725 1582 2782 in
1601 2726 1659 2782 alto
1669 2726 1867 2798 decempedam,

250 2817 494 2883 concordantibus,
510 2813 658 2886 religiosus
680 2818 708 2867 et
725 2811 860 2868 honestus
875 2811 918 2866 vir
932 2811 1050 2868 Guillel·
1091 2809 1248 2866 altitudinis
1257 2811 1373 2882 majoris
1384 2827 1469 2884 quam
1480 2812 1538 2867 siut
1551 2812 1627 2869 muri
1638 2813 1755 2871 civitatis
1764 2815 1869 2870 Arenio·

249 2927 312 2966 mus
333 2908 367 2963 de
392 2903 602 2968 annullaribus,
618 2901 709 2956 dictus
729 2901 763 2955 de
782 2900 871 2964 Valle,
887 2905 954 2956 tunc
972 2899 1050 2972 prior
1090 2899 1195 2967 nensis,
1217 2904 1246 2955 et
1259 2899 1335 2955 inira
1348 2899 1436 2956 dictos
1455 2917 1551 2957 muros
1571 2901 1713 2959 inchoavit
1726 2903 1868 2976 quindecim

249 2996 407 3054 claustralis
420 2993 510 3060 Becci,
526 2992 621 3047 diviua
634 2989 842 3062 dispensatione
860 2987 917 3043 fuit
933 2987 1046 3056 electus,
1089 2991 1182 3043 turres
1196 3003 1323 3060 magnas.
1339 2987 1396 3044 Istc
1410 2987 1570 3045 Willelmus
1589 2991 1690 3048 habuit
1704 3009 1720 3048 a
1734 3009 1795 3064 rege
1808 3008 1868 3064 pre·

249 3093 278 3144 et
288 3091 387 3160 postea
399 3101 416 3138 a
430 3080 582 3140 reverendo
596 3079 625 3134 in
636 3078 747 3134 Christo
757 3076 841 3132 Patre
857 3075 970 3131 domino
980 3075 1050 3131 Wil·
1059 3077 1198 3148 coeptum
1221 3082 1252 3133 ut
1266 3075 1371 3133 dietum
1386 3094 1456 3150 opus
1477 3079 1668 3139 continuaret.
1683 3082 1717 3137 Et
1729 3081 1779 3136 init
1794 3078 1868 3135 turris

248 3179 338 3233 lermo
357 3175 392 3229 de
410 3172 518 3226 Vienna
537 3164 757 3238 Rothomageosi
779 3163 996 3236 archiepiscopo,
1018 3165 1048 3220 iu
1089 3165 1202 3236 majoris
1222 3165 1380 3222 altitudinis
1401 3171 1429 3222 et
1450 3167 1610 3226 latitudiuis
1633 3170 1766 3243 quamsit
1786 3169 1868 3241 aliqua

247 3267 294 3322 die
300 3259 506 3321 'translationis
515 3257 603 3312 sancti
612 3251 1048 3327 Stephani,benedictusDeinde
1088 3255 1175 3310 turris
1197 3255 1227 3312 in
1241 3255 1380 3324 liarsilia;
1405 3261 1434 3310 et
1448 3256 1598 3328 complevit
1613 3258 1643 3313 in
1657 3259 1746 3331 spatio
1759 3259 1867 3331 quinque

247 3357 277 3412 in
291 3352 336 3408 die
359 3349 434 3406 beati
457 3343 655 3403 Bartholomaei
674 3341 813 3414 sequenti,
830 3341 904 3414 apud
927 3341 1047 3396 Beccum
1088 3359 1237 3411 annorum,
1247 3361 1298 3416 pro
1306 3343 1431 3416 quolibet
1440 3361 1514 3400 enno
1525 3362 1678 3418 exponens,
1688 3347 1716 3403 in
1726 3345 1868 3420 hujusmodi

248 3447 364 3501 oranter
378 3441 507 3508 receptus
522 3434 552 3489 in
577 3435 719 3505 pastorem
736 3447 742 3485 :
767 3428 897 3484 omnibus
924 3429 1001 3485 mitis
1020 3435 1049 3485 et
1088 3432 1238 3499 fortericia,
1255 3431 1379 3505 quinque
1393 3431 1470 3488 mille
1482 3433 1567 3490 libras
1579 3435 1764 3492 Turoneuses.

247 3529 378 3595 affabilis,
393 3523 518 3581 omnium
534 3537 644 3576 morum
659 3517 799 3592 probitate
817 3519 984 3586 adomatus3
1000 3517 1048 3590 qui
1124 3521 1179 3577 istc
1193 3521 1365 3578 Guillermus
1378 3523 1526 3596 acquisivit
1539 3523 1654 3580 feodum
1666 3525 1701 3581 de
1715 3523 1867 3582 licslincic

247 3617 412 3693 pradictum
423 3610 625 3668 monasterium
638 3613 753 3662 suenus
764 3607 917 3662 octodecim
927 3607 1009 3662 annis
1019 3612 1048 3662 et
1087 3609 1168 3677 celin,
1181 3627 1255 3666 auno
1269 3611 1381 3667 Domini
1392 3610 1541 3668 millesimo
1554 3613 1821 3686 quadringentesimo
1830 3612 1868 3666 de·

247 3707 372 3781 quinque
384 3699 527 3758 mensibus
542 3698 614 3754 rexit
628 3702 656 3752 et
666 3695 842 3768 gubernavit.
1087 3699 1159 3754 simo
1169 3699 1303 3771 quintae
1312 3699 1425 3754 domino
1436 3699 1576 3762 Dobeaux.
1589 3705 1620 3756 et
1628 3701 1709 3756 solvit
1719 3699 1790 3756 mille
1800 3698 1867 3772 quiu-

282 3795 335 3850 Hie
349 3799 476 3864 tempore
486 3804 537 3844 suo
549 3786 661 3842 feodum
676 3784 711 3840 de
724 3783 882 3856 Fengerita
895 3783 1047 3840 etieodum
1086 3793 1185 3861 gentas
1200 3786 1297 3856 libras,
1313 3793 1345 3844 ut
1359 3793 1437 3860 patet
1448 3805 1500 3860 per
1511 3789 1707 3861 quittanciam.

131 3883 135 3895 '
245 3885 281 3944 de
293 3878 511 3956 Bouleyo,apnd
523 3878 657 3933 Sanctum
667 3873 821 3930 Martinam
831 3873 867 3928 de
875 3873 963 3930 Pareo
974 3871 1044 3939 sitis,
1122 3875 1197 3932 Nota
1209 3875 1295 3933 etiam
1310 3875 1384 3948 quod
1404 3893 1454 3932 suo
1476 3881 1605 3950 tempore
1625 3878 1748 3952 quidam,
1769 3873 1866 3931 normae

245 3971 392 4046 acquisivit
404 3990 410 4039 ;
427 3965 557 4026 similiter
568 3971 660 4022 totum
677 3963 789 4018 feodum
809 3962 843 4017 de
864 3961 1045 4018 calvomonte
1084 3966 1165 4023 ioan.
1175 3965 1210 4020 de
1224 3965 1253 4020 la
1265 3964 1360 4021 Laude
1376 3966 1411 4020 de
1423 3965 1517 4042 Tillia,
1530 3972 1648 4040 propter
1657 3982 1809 4041 processum
1818 3979 1866 4018 mo·

244 4081 278 4121 ex
284 4058 486 4134 integr0,apud
494 4057 613 4113 Pontem
621 4051 737 4110 Antonii
747 4055 775 4106 et
782 4051 856 4124 apud
864 4051 1042 4120 nassonem
1085 4059 1146 4110 tum
1158 4053 1233 4110 inter
1246 4069 1297 4109 uos
1311 4059 1339 4109 et
1354 4069 1429 4122 eum,
1443 4055 1591 4111 associavit
1605 4057 1659 4112 sibi
1673 4054 1810 4112 duodecim
1823 4053 1865 4106 ho·

243 4153 357 4211 feodum
373 4150 407 4205 de
426 4147 537 4204 Mellino
551 4141 703 4210 loscelinii,
721 4146 749 4196 et
766 4139 841 4212 apud
863 4138 1044 4196 servavillam
1085 4143 1185 4211 mines,
1202 4143 1250 4216 qui
1265 4143 1392 4215 quotidie
1406 4145 1510 4199 armati
1524 4144 1682 4201 circuibant
1699 4144 1829 4200 abbatiam
1842 4144 1877 4202 et,

243 4242 358 4298 feodum
372 4237 510 4302 Grandine
527 4238 556 4289 ti
569 4233 682 4289 feodum
697 4230 731 4285 00
746 4230 832 4285 30000
848 4228 922 4300 apud
943 4227 1044 4283 Pome-
1085 4232 1226 4305 prioratus
1239 4235 1360 4300 nostros,
1374 4237 1407 4288 ut
1429 4231 1453 4287 si
1473 4232 1599 4289 invenire
1615 4237 1728 4308 possent
1742 4245 1821 4287 uunru
1836 4227 1865 4281 de

243 4331 333 4397 riaux,
349 4327 462 4383 lendum
482 4321 595 4378 Henrici
614 4320 649 4375 de
663 4317 779 4390 Grougi.
796 4317 869 4373 Item
892 4315 1045 4388 acquitavit
1084 4321 1188 4378 nostris
1200 4321 1257 4376 sive
1272 4320 1445 4392 religiosum,
1461 4321 1518 4377 sire
1532 4329 1589 4390 Μ
1612 4324 1780 4388 servitorem,
1795 4315 1865 4373 muti·

242 4419 343 4493 vigiuti
357 4415 444 4472 libras
457 4411 594 4476 redditae,
611 4423 681 4482 quas
699 4405 846 4462 domicella
865 4402 974 4460 Ioanne
988 4395 1075 4460 Le-ll
1084 4407 1186 4477 larent,
1198 4413 1247 4464 aut
1256 4408 1425 4476 occiderent,
1433 4415 1462 4464 et
1471 4409 1677 4466 mandaverunt
1689 4409 1812 4484 predicto
1822 4401 1864 4458 ab·

243 4498 783 4578 benestepercipiebatannuatimsuper
793 4495 1042 4550 feodumnostrum
1082 4496 1141 4553 bati
1156 4515 1207 4570 per
1219 4499 1373 4570 quamdam
1387 4499 1514 4555 cedulam
1529 4499 1670 4572 signatam
1685 4515 1778 4556 eorum
1789 4489 1863 4566 signis

243 4597 279 4652 de
292 4595 375 4666 iiuys
388 4591 463 4664 apud
479 4587 665 4644 Marbodinm.
679 4585 752 4641 item
766 4582 914 4656 acquisivit
927 4582 1042 4638 domum
1084 4585 1158 4659 quod
1173 4603 1237 4643 eum
1251 4587 1418 4657 occiderent,
1435 4589 1459 4644 si
1478 4605 1542 4644 eum
1554 4589 1630 4646 exire
1642 4589 1824 4659 contingeret,
1841 4585 1864 4636 et

242 4689 370 4744 nostram
384 4679 518 4745 Parisius,
534 4677 564 4732 in
579 4691 681 4748 magno
696 4673 756 4730 vico
780 4672 876 4730 Sancti
893 4670 998 4739 Jacobi,
1014 4677 1044 4728 et
1083 4675 1172 4732 sinon
1182 4675 1279 4745 exiret,
1291 4682 1380 4733 totam
1393 4677 1509 4733 domum
1518 4679 1708 4735 incenderent.
1720 4677 1753 4732 Et
1761 4675 1793 4730 de
1802 4672 1863 4726 iacto

243 4771 419 4830 amortisavit
425 4774 454 4826 et
465 4766 628 4825 exoneravit
637 4763 783 4822 ecclesiam
796 4762 830 4817 de
840 4766 953 4818 eentum
962 4759 1042 4816 libris
1082 4765 1177 4839 plures
1182 4766 1328 4840 religiosos
1337 4771 1436 4822 euntes
1444 4765 1479 4822 ad
1490 4766 1603 4839 negotia
1609 4783 1661 4823 sua
1670 4761 1862 4824 mutilaverunt,

242 4862 379 4930 redditus,
391 4859 440 4934 qui
454 4856 630 4914 debebantur
644 4851 866 4909 carturieniebus
880 4850 1042 4906 Parisieusi·
1082 4859 1111 4912 et
1126 4855 1200 4928 apud
1215 4855 1348 4912 Sanctum
1363 4854 1548 4912 philibertum
1563 4873 1651 4912 unum
1666 4854 1824 4915 ooejderunt,
1839 4849 1864 4900 et

241 4951 305 5020 bus,
321 4955 348 5007 et
363 4947 480 5021 collegio
495 4947 530 5002 de
545 4946 717 5010 normanno,
732 4940 874 4996 mediante
888 4943 1041 5013 apponcta-
1082 4943 1108 5000 ei
1118 4943 1217 5016 pedem
1225 4947 1450 5016 amputaverunt,
1462 4948 1491 4999 et
1500 4943 1587 4999 alium
1597 4935 1863 4998 mutilaveruntcon·
1918 4991 1924 5002 ,

243 5047 339 5097 mento
353 5039 428 5096 iuter
438 5055 489 5094 nos
505 5039 535 5091 et
547 5033 622 5106 ipsos
636 5031 719 5088 iacto.
738 5029 813 5086 Item
826 5029 947 5086 ducenta
963 5033 1043 5084 scuta
1081 5032 1172 5089 victus
1184 5033 1219 5088 de
1230 5032 1361 5089 omnibus
1374 5031 1518 5088 maleficiis
1532 5031 1682 5105 praedictis,
1698 5036 1726 5086 et
1740 5027 1818 5085 etiam
1833 5021 1863 5077 de

242 5133 304 5189 auri
318 5129 420 5186 loanni
433 5128 468 5183 de
477 5123 564 5180 Vadis
578 5121 720 5189 restituit;
734 5120 782 5192 qui
796 5121 918 5176 ioannes
932 5133 1042 5173 accom-
1081 5117 1157 5174 iurto
1179 5135 1326 5175 nemorum
1350 5122 1521 5185 nostrorum,
1536 5133 1654 5190 quorum
1674 5113 1794 5172 custodia
1805 5112 1861 5163 ante

241 5222 406 5278 modaverat
419 5215 551 5291 praedicto
566 5211 710 5269 Gauifrido
725 5211 844 5278 Harena,
864 5214 893 5265 et
907 5208 1042 5281 magistro
1084 5212 1146 5262 erat
1159 5205 1212 5262 sibi
1224 5206 1384 5274 commissa,
1395 5206 1521 5262 Parisius
1530 5204 1584 5262 fuit
1596 5203 1736 5270 bannitus,
1752 5205 1782 5255 ut
1794 5197 1861 5269 patet

241 5311 349 5370 militia
378 5309 413 5364 de
435 5303 557 5372 Rhodes,
577 5299 782 5378 quadringenta
800 5303 879 5355 scuta
895 5297 956 5353 auri
981 5313 1043 5368 quae
1081 5311 1133 5369 per
1148 5311 1308 5368 processum
1322 5311 1414 5364 suum,
1430 5293 1478 5368 qui
1492 5299 1535 5351 est
1549 5295 1578 5349 in
1592 5291 1768 5350 chartulario.

241 5403 301 5476 ipse
329 5395 559 5455 accomodavsrat
583 5391 715 5466 praedicto
740 5387 884 5445 Gaui'rido
918 5387 1039 5454 Harena,
1117 5384 1270 5456 Postquam
1294 5388 1390 5439 autem
1412 5383 1466 5440 fuit
1490 5382 1522 5439 iu
1540 5381 1662 5440 Ecclesia
1683 5395 1732 5454 per
1751 5372 1858 5448 spatium

240 5492 270 5548 in
300 5485 527 5562 peregrinatione
547 5499 608 5550 sua,
629 5485 659 5536 et
680 5479 767 5535 multa
794 5475 985 5548 hereditaria,
1006 5475 1041 5531 de
1082 5461 1857 5547 quinqueanuorum,auuomillesimoquadringentesimo

243 5579 345 5657 quibus
356 5593 407 5652 per
416 5576 756 5650 pactapotestapparere.
766 5567 831 5642 Ipse
841 5566 927 5623 etiam
938 5563 1042 5622 institit
1081 5567 1191 5638 quarto,
1214 5567 1364 5639 postquam
1378 5561 1538 5622 obedientia
1551 5561 1604 5622 fuit
1619 5560 1728 5619 reddite
1741 5557 1816 5614 Petro
1827 5547 1857 5603 de
