3934 6174
224 281 276 342 20¹1
718 281 751 336 Β.
771 278 978 358 strennum
998 279 1177 334 ΟΑΝΤΙΙΑΒ.
1197 281 1366 338 suuntur.
1777 300 1820 360 ,ωδ

226 403 399 474 mihiiquuu'
406 403 563 458 abortiuum
572 416 598 455 se
608 406 694 468 secut,
705 404 773 470 quie
782 407 889 456 coaetus
899 405 935 455 est
943 401 981 454 ost
990 402 1077 456 licum
1087 406 1218 459 conuerti.
1226 407 1295 477 sicut
1303 407 1444 462 ebortivus
1452 411 1561 476 cupitur
1573 417 1654 476 nescu
1671 416 1693 470 t.
1703 417 1751 490 Ego
1759 424 1820 482 enin

226 510 290 550 sum
302 491 436 548 minimus
452 490 653 562 apostolorum,
671 490 738 560 quin
753 505 810 545 non
828 505 890 544 sum
904 488 1007 558 dignus
1021 490 1113 544 vocari
1128 493 1280 562 apostolus,
1300 495 1433 565 quonium
1449 503 1613 567 persecutns
1626 517 1682 558 sum
1694 505 1823 568 metutam

226 583 289 640 Dei.
308 580 407 638 Gratia
428 584 524 636 sutem
537 577 589 634 Dei
603 594 666 633 sum
688 576 718 633 id
739 578 900 650 quodsum,
922 581 951 631 et
969 577 1062 648 gretie
1075 579 1135 648 eJ'us
1153 580 1183 634 in
1197 597 1243 636 me
1262 598 1349 637 secus
1370 585 1505 654 nonfuit,
1521 593 1551 641 ut
1572 603 1626 644 uon
1639 594 1821 669 fructificarem,

225 672 275 728 sed
288 668 478 728 abundantius
495 670 523 737 (a
537 683 567 724 re
579 665 691 738 produt)
704 667 761 723 iDis
775 665 905 722 omnibns
917 664 1060 734 laboreri3
1085 683 1142 724 non
1180 686 1232 742 ego
1251 676 1358 742 autom,
1381 673 1430 728 sed
1453 674 1546 746 gretia
1569 677 1621 733 Dei
1641 696 1756 752 mecum
1773 686 1822 744 sive

223 759 309 824 enim,
330 763 434 826 autern,
449 773 513 830 ego,
534 755 592 812 sive
611 753 663 822 illi,
682 754 724 812 sic
746 754 965 827 praedicavimus,
986 755 1128 812 Christum
1147 763 1291 815 mortuum
1309 765 1501 830 resurrexisse,
1518 769 1547 820 et
1566 764 1606 820 sic
1628 769 1778 830 credidistis.
1796 774 1822 832 Si

147 877 151 884 .
222 853 317 905 eutem
332 847 461 904 Christus
473 861 533 902 uere
546 843 803 918 prediceturquod
817 843 1001 900 resurrexita
1018 845 1147 916 mortuis,
1166 849 1305 920 quomodo
1319 849 1434 922 quidam
1453 851 1550 908 dicunt
1563 854 1593 909 in
1607 855 1686 926 robis,
1705 862 1823 932 quonism

221 939 391 996 resurreetio
405 939 433 1008 iu
442 937 555 1008 'perusi
567 939 745 992 mortuorum
758 950 816 990 nou
829 933 893 992 est?
907 934 937 990 Si
951 939 1046 991 eutem
1059 937 1226 992 resurrectio
1242 943 1420 996 mortuorum
1439 955 1496 998 non
1511 948 1564 1010 est,
1582 960 1670 1018 neque
1685 953 1741 1016 w
1753 951 1825 1008 Chri·

220 1033 282 1085 stus
295 1026 491 1086 resurrexerit.
506 1025 536 1082 Si
555 1029 649 1080 entem
666 1023 794 1080 Christus
809 1039 866 1080 non
887 1025 1082 1092 resurrexerit,
1096 1025 1123 1080 5.
1145 1024 1237 1082 inanis
1252 1031 1295 1082 est
1318 1045 1384 1100 ergo
1397 1030 1558 1100 predicatio
1572 1041 1674 1103 nostre,
1692 1037 1776 1096 inanis
1788 1047 1826 1098 est

218 1122 249 1175 et
258 1117 329 1174 fides
341 1121 444 1174 vestre.
457 1113 621 1171 invenimur
634 1117 729 1169 eutem
743 1118 771 1169 et
782 1112 845 1168 ielsi
858 1117 944 1169 testes
954 1113 1017 1176 Dei.
1030 1113 1162 1185 quoniam
1172 1116 1367 1174 testimouium
1377 1119 1498 1178 diximus
1512 1122 1644 1182 adversus
1655 1127 1748 1195 Deum,
1762 1133 1827 1204 qnod

219 1205 397 1262 suscitaverit
408 1203 561 1272 Christum,
573 1218 658 1275 quem
672 1218 729 1258 non
742 1201 897 1268 suscitavit,
914 1201 938 1256 si
955 1202 1061 1258 mortui
1075 1218 1132 1258 non
1154 1211 1314 1278 resurgunt.
1332 1209 1484 1278 Responsio.
1500 1211 1572 1266 Nem
1586 1211 1614 1268 6.
1630 1213 1653 1268 si
1667 1217 1766 1272 mortui
1777 1235 1827 1276 non

218 1297 382 1366 ramgeri,
396 1309 489 1366 neque
502 1291 631 1348 Christus
643 1289 806 1348 resurrexit.
822 1288 903 1356 Quod
923 1289 947 1344 si
966 1289 1095 1346 Christus
1114 1308 1171 1348 non
1188 1296 1353 1364 resurrexit,
1368 1296 1394 1352 ⁷.
1410 1314 1482 1353 vene
1501 1305 1545 1354 est
1558 1301 1626 1358 fides
1638 1309 1734 1372 vestre,
1748 1307 1830 1365 edhuc

216 1385 293 1442 enim
307 1385 374 1442 estis
388 1384 417 1440 in
430 1383 552 1456 peccetis
566 1382 677 1454 vestris.
689 1380 764 1454 Ergo
777 1381 805 1452 [u
817 1379 918 1450 simili]
931 1377 1018 1450 etqui
1031 1379 1208 1437 dormierunt
1221 1383 1251 1439 in
1262 1385 1383 1451 Christo,
1399 1385 1553 1457 perierunt.
1571 1390 1600 1446 Si
1612 1391 1642 1446 in
1652 1393 1763 1451 hucrite
1774 1402 1829 1453 tan·

214 1479 278 1531 tum
290 1473 321 1530 in
336 1473 448 1532 Christo
462 1477 608 1545 sperantes
619 1487 727 1538 sumne,
738 1466 766 1527 8.
777 1467 996 1524 miserabiliores
1005 1483 1104 1524 sumus
1114 1469 1245 1528 omnibus
1255 1473 1611 1549 hominibusiossumptioi.
1620 1481 1698 1536 Nune
1707 1485 1829 1541 nummii.

214 1562 344 1636 Quum
355 1561 511 1619 resurrexit
524 1577 541 1616 e
554 1559 675 1615 mortuis
687 1557 818 1631 primitie
832 1556 1043 1624 dormientium,
1058 1573 1125 1612 uem
1139 1561 1251 1627 primus
1265 1566 1428 1628 recurrerit,
1446 1567 1580 1636 quonism
1599 1569 1710 1640 quidem
1724 1588 1772 1643 per
1783 1573 1830 1629 ho·

211 1651 319 1708 minem
332 1667 418 1720 mors,
431 1655 460 1706 et
471 1665 522 1723 per
530 1647 673 1704 hominem
682 1645 851 1703 resurrectio
861 1649 1048 1700 mortuorum.
1059 1645 1094 1700 nt
1103 1647 1176 1702 sicut
1189 1649 1322 1721 (ceperit)
1333 1651 1362 1706 in
1371 1652 1460 1708 Adam
1472 1670 1570 1710 omnes
1580 1658 1746 1728 moriuntur,
1758 1660 1832 1717 iteet

209 1738 255 1797 tu.
268 1739 299 1796 in
309 1739 422 1796 Chusto
431 1754 529 1794 omnes
537 1736 760 1794 vinticebuntur.
775 1733 818 1792 tt.
830 1732 1029 1805 Unusquisque
1039 1737 1134 1788 eutem
1144 1735 1175 1791 in
1185 1753 1237 1794 suo
1247 1739 1354 1808 ordine,
1362 1743 1493 1813 primitiae
1504 1745 1642 1815 Christus,
1654 1749 1751 1805 deinde
1759 1749 1779 1806 ii
1788 1750 1831 1822 qni

207 1833 275 1886 mut
284 1827 399 1894 chrisi,
409 1828 606 1895 (resurrecturi
614 1829 681 1882 suut
692 1829 716 1880 et
725 1824 788 1890 eiii,
798 1823 844 1880 sed
853 1822 954 1877 torum
965 1824 1076 1876 tensum
1084 1827 1253 1881 mentionem
1264 1828 1333 1896 fucit
1342 1834 1456 1900 prepter
1466 1831 1657 1890 Christianum
1665 1838 1823 1906 dipuiteteru

208 1916 253 1977 ΙΙ.
265 1918 314 1993 qui
323 1917 355 1975 in
364 1916 497 1984 adrem,
508 1916 590 1985 focio,
599 1917 641 1971 oei
649 1913 788 1984 fouendo,
798 1911 860 1984 ejus
868 1909 1058 1966 crediderunt.
1071 1916 1134 1978 80
1143 1911 1185 1970 13.
1195 1914 1302 1972 Deinde
1311 1917 1375 1974 tinis
1383 1924 1448 1988 erit,
1458 1919 1500 1989 14,
1508 1921 1606 1992 rsus,
1617 1940 1683 1980 cum
1692 1926 1834 1982 tradiderit

861 2041 1157 2103 connexuimus,

239 2188 267 2248 t.
282 2189 339 2260 Duo
351 2189 439 2246 enim.
455 2183 646 2253 dimidiatus,
661 2184 829 2254 ettempore
843 2191 956 2236 oensem
969 2174 1036 2236 inA
1077 2175 1266 2236 contenderet
1288 2181 1351 2254 quis
1374 2201 1381 2237 ι
1407 2183 1470 2240 Non
1485 2191 1542 2256 est,
1552 2187 1656 2260 inquit,
1672 2191 1835 2248 resurrectio

201 2277 369 2337 semcribit.
1038 2269 1276 2326 mortuorumidt
1291 2272 1441 2344 Apostolus
1461 2293 1468 2330 ε
1492 2275 1593 2333 Sinon
1607 2283 1653 2334 est
1671 2279 1838 2336 resurreetio

237 2367 264 2426 5,
280 2369 379 2426 ruanis
393 2372 432 2422 est
443 2363 573 2436 erponi
588 2361 788 2420 detrimentum
803 2373 902 2414 eorum
915 2354 1008 2428 proti-1
1038 2359 1226 2425 mortuorum,
1243 2357 1272 2415 id
1291 2364 1344 2427 est,
1360 2360 1386 2416 si
1408 2363 1503 2420 nuilus
1521 2371 1701 2425 mortuorum
1723 2371 1751 2438 (e
1772 2369 1835 2440 tutet

199 2473 263 2513 cere
277 2454 427 2523 essentsi
447 2450 616 2510 crediderint
635 2447 712 2524 quod
730 2448 859 2506 ntorum
872 2448 995 2510 nonest,
1037 2443 1168 2512 surrexit,
1191 2462 1284 2518 neque
1305 2447 1446 2520 Christus,
1472 2469 1557 2524 quem
1571 2457 1732 2514 surrexisse
1749 2457 1838 2514 credi·

198 2551 227 2603 et
239 2545 356 2619 pudoris
369 2547 412 2600 est
430 2546 463 2598 ut
477 2541 579 2615 uliquis
593 2539 760 2612 profitentur
777 2537 831 2592 hoc
845 2533 996 2590 credidisse
1037 2529 1129 2588 distis.
1144 2534 1179 2589 Et
1193 2552 1226 2590 ex
1249 2537 1349 2593 eodem
1371 2539 1500 2612 sequitur
1511 2558 1613 2598 venem
1635 2561 1699 2601 esse
1713 2547 1838 2619 Apostoli

197 2633 389 2708 quodfalsum
402 2635 455 2700 est,
471 2636 501 2687 et
513 2628 711 2685 verecundiam
722 2626 777 2682 iuis
787 2623 898 2690 incutit,
914 2628 944 2678 et
955 2621 996 2676 ln·
1036 2619 1272 2691 predicationem,
1301 2642 1402 2681 vanem
1428 2645 1489 2684 esse
1511 2647 1611 2687 eonem
1632 2634 1731 2689 tidem.
1752 2635 1788 2690 Et
1806 2635 1839 2703 tsi

107 2743 115 2758 2
195 2721 278 2780 bom
289 2722 403 2780 inm-um
415 2718 697 2786 dicitinfruetuosos3
713 2715 788 2788 quod
800 2729 883 2770 nemo
896 2711 994 2784 utique
1036 2707 1164 2766 Christus
1174 2729 1230 2767 non
1240 2717 1395 2770 resurrexit
1403 2717 1467 2772 fulsi
1476 2723 1563 2774 testes
1575 2721 1627 2776 Dei
1635 2739 1753 2790 sumus;
1765 2724 1840 2796 quod

194 2811 230 2868 de
244 2828 274 2868 se
286 2809 394 2886 petitur
407 2806 516 2878 audire,
527 2807 695 2864 utvidentes
708 2805 762 2861 hoc
772 2819 834 2860 esec
843 2805 941 2858 contre
951 2817 992 2867 ses
1034 2812 1053 2851 ²
1074 2799 1219 2872 Scriptum
1240 2803 1279 2858 ⁸5⁰
1294 2804 1396 2875 1³⁰th
1411 2821 1417 2854 ³
1437 2807 1587 2878 (diffiniam,
1603 2809 1710 2883 iniust,
1735 2812 1841 2868 f⁸l⁸¹1m

192 2904 371 2958 revertuntur
383 2899 420 2955 sd
432 2897 518 2954 fidem
530 2895 689 2970 pristinam.
1033 2888 1226 2945 testimonium
1238 2891 1359 2948 diximus
1373 2894 1521 2951 adversum
1541 2897 1633 2954 Deum
1644 2917 1651 2968 ;
1669 2916 1739 2956 nem
1753 2901 1840 2970 istud,

228 2987 255 3047 6,
264 2990 390 3048 Auuusr.
408 2983 467 3058 (tib.
479 3001 502 3042 u
516 2987 552 3042 De
565 2987 635 3042 doct.
660 2983 725 3040 Otr.
744 2997 805 3056 esp.
821 2980 867 3049 ³1,
889 2984 913 3034 t.
927 2979 991 3044 ΙΙΙ).
1033 2978 1108 3049 qnod
1120 2978 1295 3035 suscitaverit
1305 2982 1457 3048 Christum,
1474 3001 1557 3056 quem
1572 3003 1631 3043 non
1644 2991 1842 3060 suscitarit,si

189 3077 352 3136 sumerset.
366 3077 440 3134 Sunt
460 3091 533 3132 verm
553 3072 741 3131 connexiones
755 3067 988 3134 ratiocinationis,
1031 3067 1137 3123 mortui
1150 3085 1206 3124 non
1224 3076 1385 3142 resurgunt.
1407 3073 1500 3137 Quare
1521 3075 1574 3130 hoc
1588 3075 1684 3134 dicis?
1699 3079 1776 3136 Num
1790 3081 1841 3150 ite,

188 3167 274 3226 susas
286 3166 423 3224 hebentes
435 3162 600 3232 sententias,
612 3177 675 3235 quae
690 3163 901 3233 consequuntur
911 3173 990 3214 erro·
1030 3154 1132 3227 inquit,
1148 3157 1177 3212 iu
1189 3174 1219 3213 re
1232 3163 1283 3225 est,
1297 3159 1409 3231 quodsi
1422 3163 1527 3218 mortui
1538 3179 1596 3220 non
1607 3175 1779 3242 resurgunt,
1795 3187 1843 3226 ne·

186 3273 248 3314 rem
259 3257 337 3312 illius
350 3271 416 3311 cnm
426 3269 482 3326 quo
496 3252 606 3325 egitur3
627 3266 690 3324 quse
699 3254 796 3305 tamen
808 3247 845 3304 ed
854 3248 907 3303 hoc
920 3246 990 3302 inie—
1030 3260 1084 3316 que
1100 3245 1229 3303 Christus
1239 3267 1245 3316 ;
1262 3263 1334 3303 rens
1346 3254 1389 3304 est
1398 3250 1467 3306 fides
1478 3257 1583 3318 nostre,
1594 3252 1625 3310 id
1641 3261 1690 3312 est
1701 3273 1764 3314 non
1777 3262 1847 3314 sunt

186 3351 317 3404 uenture
328 3345 403 3400 bono
414 3347 443 3398 et
453 3341 535 3399 docto
546 3339 669 3409 homine,
681 3339 753 3396 utin
764 3338 810 3394 his
822 3335 989 3392 erubescens
1028 3331 1106 3388 vobis
1120 3335 1240 3390 remisse
1250 3341 1380 3408 peccate;
1396 3339 1488 3396 adhuc
1497 3342 1573 3397 enirn
1588 3345 1661 3402 estis
1672 3347 1705 3402 in
1716 3349 1845 3420 peccetis

186 3435 235 3492 ille
248 3435 330 3507 cnjus
344 3447 469 3489 errorem
481 3428 663 3503 consequitur
678 3429 740 3500 [ot.,
753 3425 985 3499 consequuntur]‚
1028 3422 1139 3478 vestris.
1156 3423 1191 3478 ut
1211 3423 1235 3479 si
1253 3441 1302 3481 vos
1321 3427 1388 3482 estis
1400 3426 1431 3483 in
1444 3431 1576 3501 peccatis,
1592 3438 1622 3489 et
1638 3435 1693 3507 qui
1708 3441 1781 3494 ente
1796 3455 1847 3495 ros

185 3523 317 3581 eumdem
330 3521 474 3594 relinquet
486 3534 631 3587 errorem3
648 3516 716 3592 quia
730 3515 755 3571 si
768 3515 798 3571 in
811 3514 911 3572 eodem
924 3531 985 3569 rne-
996 3485 1152 3578 Bineruut
1168 3512 1198 3568 in
1213 3515 1334 3585 peccetis
1352 3518 1457 3574 mortui
1474 3526 1558 3590 sunt;
1578 3526 1608 3577 et
1620 3523 1648 3578 si
1662 3525 1697 3581 in
1718 3528 1847 3599 peccetis

183 3630 252 3672 nere
273 3611 402 3680 voluerit,
426 3625 540 3668 necesse
565 3607 653 3665 etiem
671 3611 704 3662 ut
717 3605 769 3661 ille
784 3621 847 3678 qum
869 3605 987 3666 damnat
1026 3602 1131 3658 mortui
1138 3605 1316 3677 sunt,utique
1325 3606 1656 3682 perieruntprincipelis
1665 3617 1848 3690 assumptio.

183 3710 281 3762 tenere
295 3703 423 3772 mm·
1025 3691 1051 3746 Ν
1053 3707 1107 3748 unc
1119 3697 1215 3749 autern
1226 3693 1355 3751 Christus
1370 3698 1531 3766 resurrexit,
1548 3715 1615 3772 ergo
1625 3717 1693 3760 non
1709 3711 1758 3761 est
1773 3721 1849 3762 rene

219 3791 246 3848 7.
261 3791 364 3848 Lmen.
385 3789 460 3845 Verso
473 3791 512 3842 est
532 3787 607 3856 fides.
622 3785 720 3842 Fidem
734 3783 803 3840 dicit
815 3799 873 3857 qua
885 3783 983 3840 crede-
1023 3781 1183 3852 predicatio
1193 3788 1300 3851 nostin,
1314 3799 1366 3840 nee
1379 3785 1449 3842 tides
1460 3791 1562 3844 vestre.
1579 3789 1616 3845 Et
1632 3791 1679 3849 sic
1693 3793 1734 3851 de
1747 3795 1850 3854 omni·

183 3873 792 3954 bantpecoetesibimeedimimmperddem
801 3872 983 3928 resurrectio-
1022 3869 1074 3926 bus
1088 3871 1321 3928 concludendum.

182 3967 347 4027 nigerrimi.
358 3965 439 4033 Quod
449 3980 506 4022 non
517 3967 570 4033 est,
577 3963 602 4019 si
612 3961 741 4020 Christm
750 3977 808 4018 non
817 3961 978 4017 resurrexit.
1056 3959 1101 4016 10.
1117 3961 1241 4018 Auousr.
1257 3963 1361 4036 (cupos.
1377 3965 1632 4036 iudicaremur.
1656 3974 1760 4042 Tract,
1777 3974 1809 4045 3,
1822 3979 1847 4032 t.

214 4057 242 4118 8,
254 4059 381 4116 Amos,
396 4055 610 4111 Miseratitiores
623 4067 730 4108 summ.
747 4050 888 4107 increduli
904 4051 980 4107 euim
1020 4048 1078 4119 IX).
1094 4052 1130 4105 Iu
1143 4051 1250 4108 discisis
1270 4067 1372 4108 ornnes
1389 4053 1494 4111 Omnes
1514 4057 1563 4131 qui
1577 4062 1680 4118 renuti
1702 4073 1782 4120 sunt
1795 4081 1853 4138 per

177 4148 221 4208 vel
234 4148 287 4205 hec
299 4146 357 4203 rite
366 4144 513 4201 fruuntur.
1020 4137 1175 4195 Christum·

212 4235 239 4296 9.
254 4237 358 4293 errn.
374 4234 501 4290 Christus
518 4233 683 4287 resurrecti.
706 4228 812 4284 Probet
825 4228 975 4301 Apostolus
1056 4225 1098 4284 11.
1112 4227 1219 4286 Lmen.
1237 4229 1428 4302 Unusquisque
1439 4236 1471 4289 irs
1482 4236 1655 4293 sueordiue.
1670 4239 1711 4297 In
1727 4260 1787 4300 suo
1801 4261 1855 4302 or·

176 4331 302 4382 mortuos
324 4339 385 4380 csse
406 4324 624 4378 resurrecturos.
649 4317 688 4386 Si,
715 4317 818 4390 inquit,
846 4317 974 4373 chrisme
1015 4314 1081 4371 dine
1102 4316 1179 4385 dicit,
1205 4317 1249 4372 vel
1272 4318 1340 4389 quie
1362 4319 1490 4377 Christus
1514 4323 1624 4395 primus
1649 4334 1850 4404 resurrexit3

174 4413 338 4481 resurrexit,
347 4417 378 4466 et
391 4410 496 4467 mortni
508 4413 666 4481 resurgent.
679 4407 734 4464 Sed
744 4405 872 4462 Christus
883 4421 975 4462 resur·
1015 4403 1116 4461 deinde
1139 4407 1326 4463 resurrecturi
1340 4415 1407 4465 sunt
1427 4411 1531 4467 ceteri.
1546 4411 1598 4469 Vel
1612 4417 1695 4487 quie
1708 4429 1852 4496 martyr,

171 4505 253 4572 rexit,
267 4518 334 4559 nem
350 4500 501 4573 Scriptnrae
517 4498 622 4554 dicunt
641 4497 713 4552 item
728 4496 795 4567 quie
808 4495 970 4564 resurrexit,
1013 4497 1168 4568 utmertpr3
1176 4500 1311 4567 pastores,
1321 4503 1354 4552 nt
1361 4503 1496 4570 pastores,
1505 4505 1635 4560 etcaeteri
1644 4505 1681 4564 in
1687 4508 1779 4567 hunc
1787 4529 1854 4570 mo·

169 4611 237 4654 mm
246 4593 322 4648 visus
333 4595 385 4658 est,
396 4592 545 4661 postquem
559 4584 721 4650 resurrexit,
732 4583 834 4657 cephe
845 4586 882 4644 {et
897 4583 970 4639 eliis.
1013 4583 1089 4640 dum.
1099 4585 1134 4639 Et
1142 4584 1182 4640 sis
1188 4585 1366 4658 intelligitur,
1374 4587 1461 4644 insuo
1466 4590 1574 4661 ordine,
1584 4597 1613 4649 et
1623 4593 1660 4652 in
1671 4614 1738 4656 sue
1749 4601 1858 4676 digni-

170 4686 241 4743 Item
256 4683 371 4750 iterum,
389 4675 543 4734 resurrexit
561 4674 628 4746 quie
641 4689 690 4729 vos
704 4689 770 4728 eum
784 4673 971 4730 resurrexisse
1011 4677 1079 4729 tete.
1091 4674 1197 4731 Deinde
1207 4675 1238 4731 hi
1251 4678 1446 4749 resurrecturi,
1460 4684 1490 4735 et
1504 4680 1562 4751 elii,
1574 4683 1624 4739 sed
1643 4686 1770 4746 horum
1783 4695 1857 4750 tun·

16 4783 23 4790 ·
137 4829 138 4834 ¹
169 4769 335 4832 credidistis.
349 4765 436 4833 Qussi
452 4761 793 4829 dicerentzcredidimus,
806 4762 925 4818 sednon
940 4769 969 4818 te
1009 4767 1072 4818 tum
1089 4763 1262 4820 mentionem
1283 4763 1360 4835 iecit,
1375 4773 1491 4841 propter
1513 4769 1724 4834 deusdonam
1743 4779 1860 4854 digui-

168 4860 346 4939 pmdimnte.
368 4856 437 4922 Qum
456 4869 533 4922 curs,
559 4852 660 4924 inquit,
682 4851 741 4906 sive
763 4867 824 4923 ego,
848 4852 905 4907 sive
927 4845 1110 4910 iliiGtatem.

164 4950 373 5030 praedicassent,
389 4961 437 5000 vos
456 4941 616 4999 credidistis
637 4955 703 4997 eum
722 4941 919 4998 resurrexisse.
936 4945 973 5032 Itt
1047 4943 1092 5000 ΙΙ.
1110 4945 1164 5014 Qui
1178 4947 1210 4999 iu
1223 4946 1353 5001 odeeutu.
1376 4946 1430 5012 Qui
1445 4949 1564 5006 credunt
1580 4967 1649 5008 eum
1672 4957 1859 5022 advenisse

162 5044 217 5101 hoo
228 5035 358 5112 estquod
371 5033 456 5090 dicit:
472 5031 537 5088 Sive
550 5031 627 5086 enim
645 5046 707 5102 ego,
721 5029 779 5085 sive
790 5029 831 5085 illi
845 5031 885 5087 sie
901 5049 970 5104 pue.
1012 5038 1127 5107 propter
1140 5033 1317 5090 redimendos
1327 5041 1534 5108 peccatores‚et
1544 5039 1763 5106 adventurum
1780 5069 1860 5125 pro.

162 5133 300 5196 diremus,
310 5131 340 5182 ct
350 5124 391 5180 sic
401 5120 570 5179 credidistis.
583 5119 656 5175 Item
671 5119 782 5192 ipsum:
797 5121 827 5176 Si
838 5119 968 5180 Christus
1009 5127 1072 5196 pter
1084 5123 1211 5178 infideles
1223 5123 1391 5196 judicandos
1413 5132 1442 5183 et
1460 5127 1556 5185 fideles
1572 5141 1858 5200 remunerandos.

159 5237 259 5280 revers
269 5214 439 5292 predicetur
452 5209 519 5285 qnia
532 5209 695 5277 resurrexit,
711 5212 780 5264 tunc
790 5226 855 5266 vere
873 5228 966 5268 surse.
1041 5211 1087 5270 13.
1102 5214 1226 5268 Aucusr.
1241 5214 1303 5286 (lid.
1319 5213 1453 5272 txxxm.
1470 5217 1567 5285 Queri.
1582 5236 1630 5291 qu.
1652 5219 1713 5294 69,
1735 5231 1764 5283 t,
1787 5233 1863 5295 lv.)

156 5314 211 5384 xit3
223 5315 252 5369 et
262 5310 287 5366 si
294 5304 450 5364 resurrexit
456 5305 482 5376 (e
489 5301 595 5374 simili),
603 5300 771 5356 resurrectio
780 5306 957 5359 mortuorum
1004 5303 1107 5357 Deinde
1125 5304 1200 5371 tisis.
1215 5303 1279 5374 lpse
1293 5303 1399 5360 scilicet
1412 5303 1477 5361 finis
1492 5311 1543 5374 est,
1558 5313 1591 5364 ut
1602 5308 1640 5364 sit
1661 5311 1745 5384 ipse
1764 5319 1864 5380 Deus

154 5408 215 5460 eet:
226 5399 302 5474 quod
313 5397 337 5453 si
346 5399 400 5464 est,
411 5393 545 5465 quomodo
554 5393 671 5462 quidum
682 5391 791 5462 dicunt,
802 5397 867 5460 etc,
880 5397 909 5448 et
917 5392 958 5449 sic
999 5391 1094 5446 omnia
1103 5390 1133 5446 in
1143 5390 1461 5449 omnibnsAliterenim
1470 5394 1658 5466 diciturfinis‚
1672 5404 1740 5474 qui
1752 5412 1867 5480 perti.

150 5485 437 5548 noudebetisdicere
451 5479 687 5539 resurrectionem
701 5485 878 5538 mortuorum
894 5499 950 5539 non
991 5480 1381 5553 uetadeonsummstionem,
1392 5481 1475 5539 aliter
1484 5485 1532 5557 qui
1544 5485 1681 5559 pertinet
1696 5494 1747 5549 ad
1772 5513 1865 5556 con.

147 5570 219 5638 sm,
991 5569 1520 5644 sumptionemiiteliterenimtnnics
1529 5573 1869 5658 uniturtexendo,ec
