3900 6168
225 261 279 344 'ato'
736 289 765 344 s.
787 289 982 347 cuiusnam
1002 291 1154 350 nunnus
1174 291 1345 350 urnsauc.
1786 290 1830 348 aa

228 413 302 470 tiam
313 413 528 481 saculo,sauctce
538 415 892 473 conversationishnhitum
903 418 1023 489 sumpsit
1032 418 1158 486 gniunt,
1173 420 1201 474 iu
1216 417 1299 472 domo
1312 430 1468 488 pauperum
1482 410 1534 468 sub
1551 411 1640 468 laicali
1655 411 1745 468 habitu
1763 415 1831 469 serri-
1912 411 1913 447 i

227 502 280 559 sub
294 502 394 558 abbate
404 503 565 568 wilhelmo,
577 520 609 558 nc
619 504 653 560 de
661 506 781 578 propriis
791 507 874 561 rebus
886 507 1026 579 quoddam
1067 512 1140 571 rent,
1151 512 1181 562 et
1193 513 1287 562 tamen
1302 521 1357 560 non
1372 505 1406 558 dc
1416 503 1601 574 eleemosyna.
1613 501 1660 556 sed
1670 502 1703 556 de
1711 505 1833 560 communi
1912 497 1913 592 l

228 591 363 662 praedium
377 591 406 647 in
420 593 553 665 praedicta
564 593 631 649 villa
644 595 741 660 situm,
757 595 792 649 ad
808 612 891 651 usum
905 597 1024 651 fratrum
1065 597 1185 651 fratrum
1196 596 1269 651 victu
1289 601 1318 649 et
1330 593 1433 648 vestitu
1451 595 1685 649 sustentarentur.
1703 593 1832 647 Hanccon·
1912 593 1913 666 i

225 679 468 752 Hirsaugiensrurn
482 682 606 754 legitima
622 683 772 738 donatione
785 685 932 756 delegavit.
949 687 1026 742 Post·
1066 684 1243 740 suetudinem
1257 698 1401 738 successor
1427 683 1488 752 ejus
1504 681 1544 735 ita
1561 679 1723 746 immutarit,
1739 685 1767 734 ut
1778 697 1834 751 pra·
1912 675 1913 720 l

227 784 314 840 quam
328 777 423 825 autem
439 776 567 842 uterque,
588 771 693 826 scilicet
705 771 792 828 abbas
806 773 985 840 Wilhelmus,
997 780 1026 829 et
1065 771 1131 826 dicti
1145 770 1246 824 iratres
1259 769 1294 824 de
1308 769 1486 839 eleemosyna
1507 780 1591 838 quam
1615 765 1833 834 administrabant,

227 857 270 911 vir
278 858 429 929 praedictus
444 877 477 914 ex
492 859 545 914 hac
561 860 615 914 vita
627 861 767 932 migravit,
786 862 897 932 juvenis
911 863 1024 934 quidam
1065 860 1189 931 corporis
1199 857 1356 913 necessaria
1367 873 1400 912 ex
1413 862 1473 910 toto
1489 859 1730 926 consequerentur.
1744 854 1779 908 Ex
1790 870 1836 926 qua

228 946 392 1018 predictum
407 948 542 1020 prndium
562 965 632 1005 ausu
645 950 804 1012 temerario,
816 951 895 1022 quasi
911 953 1027 1008 haredi-
1066 949 1213 1004 occasione
1227 947 1346 1018 contigit
1362 962 1407 1000 res
1422 945 1543 1000 multum
1554 943 1682 1008 dolenda,
1692 945 1835 1014 utperegri-

228 1035 302 1090 tario
311 1037 377 1106 jure
390 1036 426 1090 ud
450 1053 480 1092 se
494 1038 701 1103 transmissum,
725 1041 882 1112 usurpavit.
899 1041 1026 1112 Cumque
1066 1039 1110 1093 nis
1125 1044 1152 1092 et
1165 1036 1227 1091 aliis
1240 1035 1410 1107 pauperibus
1420 1034 1504 1088 solita
1517 1031 1836 1088 misericordiaeubtrahe·

228 1140 285 1178 una
295 1124 341 1180 die
355 1123 425 1182 duas
439 1127 571 1192 carradas
585 1126 651 1188 vini,
673 1133 703 1181 et
726 1127 781 1182 alia
794 1129 956 1199 hujusmodi
971 1130 1027 1186 vio-
1066 1127 1192 1192 retur,in
1205 1131 1327 1189 mutum,
1342 1129 1374 1178 ut
1388 1120 1639 1195 egenipergelidas
1654 1126 1743 1175 noctes
1753 1120 1836 1174 hiems

228 1213 321 1268 lenter
346 1214 382 1268 de
403 1215 502 1269 eadem
530 1215 705 1285 possessione
724 1215 884 1282 abduceret,
910 1218 939 1272 in
964 1219 1025 1290 ipso
1066 1215 1179 1278 exclusi,
1207 1229 1264 1284 prce
1286 1211 1360 1266 tarne
1374 1217 1402 1266 et
1414 1211 1518 1280 frigore
1531 1207 1682 1264 miserabili
1694 1209 1801 1261 clamore
1813 1208 1835 1262 in

225 1301 329 1358 itinere
344 1319 393 1374 pes
406 1319 480 1358 unus
489 1303 574 1359 boum
593 1305 641 1376 qui
655 1305 782 1376 rapinam
794 1305 946 1361 trahebant
958 1324 1024 1363 con·
1067 1304 1160 1376 platea
1170 1307 1388 1374 perstreperent,
1398 1300 1478 1354 itaut
1489 1299 1837 1371 saepiusquiescentesnootu

227 1390 333 1446 hactus
348 1397 399 1446 est.
415 1393 479 1463 ipse
493 1393 578 1448 etiam
595 1394 706 1464 Juvenis
717 1394 751 1449 de
766 1410 838 1466 equo
852 1396 897 1450 cui
910 1397 1025 1462 insedit,
1066 1392 1167 1446 iratres
1181 1391 1372 1462 inquietarent
1398 1390 1488 1460 Super
1503 1405 1558 1459 qua
1573 1385 1700 1442 molestia
1708 1384 1784 1439 abbis
1792 1385 1837 1438 sit·

228 1479 309 1552 quasi
335 1479 493 1552 lethargum
517 1483 627 1553 patiens
650 1499 772 1555 praeceps
799 1486 915 1550 corruit,
941 1492 1025 1558 atque
1066 1474 1838 1552 quenterairatribuscommonitus,cumemeudarenc·

227 1582 326 1622 amens
351 1567 451 1634 sactus,
476 1567 562 1622 eliam
591 1586 673 1624 usum
692 1570 825 1641 loquendi
850 1573 981 1644 perdidit,
996 1574 1025 1628 in
1065 1562 1838 1640 gligerethaecetatiarnuttahujusmodb¹100l0v11³d³¹¹1
1912 1637 1913 1644 ,

227 1654 327 1711 alienis
342 1656 472 1711 manibus
486 1656 637 1713 sublatus:
660 1659 708 1713 sed
736 1677 869 1732 processu
891 1663 1026 1734 temporis
1066 1657 1096 1711 in
1113 1656 1461 1728 quaDominicadscensio
1475 1653 1679 1720 celebrabatur,
1688 1650 1839 1706 uuusscnior
1912 1721 1913 1734 χ

226 1745 363 1817 paulatim
373 1747 546 1818 recuperatis
562 1746 665 1802 viribus
684 1749 787 1804 mentis
800 1756 829 1805 et
849 1752 974 1822 corporis
988 1753 1023 1806 ad
1034 1743 1100 1803 Boe
1116 1747 1214 1801 eodem
1229 1745 1476 1808 monasteriarcha
1491 1752 1519 1798 et
1533 1744 1658 1798 mOribus
1668 1741 1840 1814 probatus,per

227 1849 257 1890 se
266 1851 406 1900 reversus,
412 1835 498 1908 coepit
509 1852 603 1891 secum
614 1837 792 1894 considerare
802 1839 858 1894 tale
869 1840 1021 1911 flagellum,
1064 1841 1230 1891 nocturnam
1246 1835 1377 1890 visionem
1394 1834 1463 1889 vidit
1476 1850 1506 1888 se
1516 1831 1665 1898 sublevari,
1684 1836 1711 1885 et
1722 1827 1794 1900 quasi
1805 1845 1840 1882 su·

227 1924 311 1996 quale
318 1939 463 1994 nunquam
472 1929 556 1980 antea
567 1933 759 1996 expertusest,
768 1944 797 1982 sc
807 1945 863 1984 non
873 1929 934 1984 sine
948 1931 1023 2000 justo
1065 1941 1117 1997 pra
1131 1931 1254 1979 montem
1282 1922 1540 1994 incomparabiliter
1553 1921 1702 1976 sublimem
1718 1917 1839 1981 constitui,

223 2011 329 2081 jndicio
342 2010 392 2068 Dei
400 2012 544 2079 tolerasse,
556 2013 708 2086 habitaque
717 2032 811 2071 secum
822 2017 1024 2074 deliberatione
1064 2013 1113 2070 ubi
1134 2014 1229 2068 omnia
1243 2013 1326 2084 plena
1341 2017 1422 2067 erant
1445 2013 1591 2066 immense
1612 2010 1683 2066 lucis
1704 2007 1838 2080 splendore,

226 2099 262 2154 ad
276 2101 478 2157 monasterium
500 2100 702 2174 Hirsaugieuse
716 2121 746 2158 se
761 2105 865 2160 deferri
880 2107 957 2176 iacit,
973 2108 1026 2164 ibi-
1066 2101 1138 2156 mira
1155 2103 1261 2156 iIlSOlili
1276 2102 1370 2157 0d01'i8
1384 2103 1580 2172 frattrisslia,et
1594 2101 1736 2156 b0³t⁰fflm
1750 2097 1783 2151 ibi
1797 2113 1842 2150 Μ·

182 2179 184 2184 ’
227 2204 281 2259 que
291 2189 474 2245 mutatsimul
489 2207 552 2245 curn
565 2199 658 2248 mente
668 2192 794 2248 saeculari
808 2195 951 2265 habitum;
966 2198 1024 2253 Deo
1065 2192 1193 2246 nentium
1208 2199 1343 2248 concentu
1359 2193 1518 2249 dulcissimo
1546 2192 1649 2264 quibus
1669 2187 1840 2263 ipsenimiun

226 2293 256 2332 se
284 2277 406 2334 fideliter
428 2280 606 2351 mancipavit,
633 2289 662 2338 et
684 2289 748 2355 post
770 2301 873 2357 paucos
892 2303 981 2343 annos
995 2289 1024 2343 in
1065 2280 1231 2346 delectatne,
1248 2299 1280 2338 ac
1301 2284 1409 2354 jugiter
1432 2284 1570 2338 interesse
1599 2282 1764 2344 desiderans,
1782 2277 1841 2331 inter

226 2372 325 2421 sancta
338 2370 547 2424 conversatione
561 2371 680 2426 feliciter
692 2373 777 2428 vitam
792 2378 1026 2447 praesentemfint.
1067 2377 1235 2441 ceteraque
1245 2371 1284 2424 ibi
1294 2371 1372 2425 vidit.
1383 2371 1468 2426 etiam
1478 2368 1788 2425 abbatemWilhelmum
1798 2361 1839 2416 sibi

227 2453 277 2508 vit.
298 2455 368 2510 Ecce
377 2473 428 2511 nos
440 2457 498 2513 haec
510 2458 667 2526 audientes,
681 2467 782 2516 ettam
797 2463 933 2529 terribile,
950 2471 1024 2521 tam.
1067 2459 1133 2513 olim
1146 2458 1401 2514 familiarissimum
1415 2459 1586 2530 recognovit,
1611 2457 1692 2512 niveo
1706 2459 1808 2526 aspectu
1819 2457 1841 2506 ot

227 2558 283 2614 que
308 2545 488 2600 tremendum
514 2547 565 2602 Dei
578 2547 715 2618 judicium
742 2568 827 2621 super
849 2553 892 2608 his
916 2554 1025 2611 duobus
1065 2547 1163 2602 habitu
1177 2547 1340 2618 fulgentem,
1357 2565 1420 2603 cum
1436 2565 1491 2620 quo
1503 2548 1591 2603 edum
1606 2547 1676 2601 duos
1688 2545 1757 2598 viros
1769 2540 1843 2613 ponti·

226 2632 447 2700 considerantes,
463 2649 582 2708 quorum
603 2639 677 2693 alter
697 2647 812 2711 repente
835 2643 1025 2714 precipitatus
1066 2637 1140 2690 fictili
1156 2637 1420 2704 habitudecomws‚
1436 2637 1485 2692 sed
1499 2630 1842 2706 Sib1511008111l⁰⁵Q¹1ae⁵bll

193 2779 198 2788 ,
226 2721 312 2777 estin
326 2729 455 2790 mortem,
467 2725 539 2780 alter
554 2742 619 2782 vero
638 2728 858 2785 misericorditer
868 2739 1026 2788 reservatus
1066 2725 1101 2780 ab
1127 2741 1159 2781 eo
1179 2727 1226 2797 qui
1253 2733 1356 2782 essent·
1382 2727 1416 2780 Ei
1436 2727 1543 2782 audivit
1557 2741 1648 2780 unum
1662 2725 1842 2779 ‘mesticium

226 2815 271 2865 est
291 2811 426 2866 advitam
442 2814 597 2878 meliorem,
614 2824 806 2888 competenter
820 2836 882 2874 cum
899 2822 1026 2878 Psalmo·
1067 2815 1227 2870 Udalricum
1241 2816 1295 2882 (lit
1316 2819 1522 2887 augustensem
1543 2816 1719 2888 pontiticem;
1741 2812 1842 2865 allertnn

225 2900 333 2971 grapho
341 2904 629 2973 possumusadmirari
640 2907 770 2963 etdicere
783 2911 887 2965 :Venite
901 2917 925 2965 et
940 2915 1027 2967 uidete
1066 2920 1132 2958 vero
1146 2905 1307 2959 Conrfldusst
1317 2905 1570 2970 00⁰Sl³sslien⁸⁰¹ns
1592 2921 1672 2976 aeque
1698 2901 1781 2956 lirum
1793 2915 1844 2952 ⁵⁸¹¹·

227 3004 309 3059 opero
322 2991 533 3062 dominantem
545 2998 680 3050 terribilis
687 2999 718 3050 iu
731 3001 855 3053 consiliis
865 3015 947 3069 saper
954 3004 1026 3069 titios
1067 2999 1143 3046 cium
1159 2998 1187 3046 et
1197 2993 1264 3047 Olim
1276 2994 1450 3065 episcopum·
1460 2993 1588 3065 Cumque
1596 3000 1626 3048 el
1634 2993 1669 3047 de
1677 2991 1736 3046 aliis
1745 2988 1780 3043 ibi
1791 2986 1843 3040 liiii

227 3075 375 3133 hominm
387 3081 471 3149 (Psoi.
483 3096 544 3148 cxv,
558 3081 593 3152 5).
606 3082 644 3138 Ex
655 3085 753 3139 eadem
765 3087 851 3142 etiam
865 3089 1026 3144 considam.
1036 3062 1057 3122 (ἶ
1066 3079 1219 3152 inquirenti
1227 3081 1314 3136 abbas
1322 3083 1490 3138 Wilhelmus
1499 3083 1672 3153 respondens
1680 3079 1842 3142 sahshceret,

227 3165 305 3227 lione
319 3167 447 3240 cogimur
460 3187 523 3224 cum
539 3171 673 3242 Apostolo
687 3174 862 3245 proclamare
885 3179 971 3244 (Rom.
988 3193 1024 3244 xr,
1067 3169 1102 3224 ad
1117 3171 1249 3226 ultimum
1259 3173 1317 3226 haec
1331 3172 1358 3226 ei
1375 3171 1621 3242 hirsaugiensibus
1641 3167 1799 3226 notificanda
1808 3165 1844 3219 in·

228 3251 331 3324 3³,3tt
349 3273 355 3311 :
374 3258 1026 3334 Oaltitudodioitr'urumsopientieetscientie
1063 3258 1181 3327 lunxltss
1209 3260 1278 3314 “Ex
1292 3265 1382 3329 palies
1408 3260 1548 3332 inquiens,
1568 3275 1687 3314 summi}
1708 3253 1844 3328 malimus

228 3345 288 3412 liei,
302 3361 388 3415 quom
406 3350 696 3417 incomprehensibilia
716 3359 781 3407 sont
790 3356 902 3424 judicic
916 3360 984 3425 ejus,
1000 3361 1025 3410 et
1066 3347 1126 3414 Dei,
1143 3348 1274 3420 praecipio
1287 3349 1338 3404 tibi
1353 3355 1384 3404 ut
1407 3351 1483 3405 dicas
1506 3349 1603 3405 abbati
1627 3355 1657 3404 et
1668 3345 1758 3420 priori,
1777 3349 1844 3397 wli·

228 3435 599 3502 inoestipubilesoiailtiusi
614 3440 680 3507 Quis
695 3444 770 3495 enim
780 3447 1026 3511 copnooitsensum
1067 3436 1162 3509 risque
1189 3438 1323 3492 fratribus
1347 3439 1513 3510 ffliSflllgiaev
1544 3445 1685 3510 qualem
1711 3433 1844 3490 meandum

227 3523 344 3576 Domini
358 3527 370 3574 t
392 3527 443 3577 aut
468 3538 555 3594 quare
570 3525 614 3580 cui
630 3527 689 3581 vult
703 3528 854 3585 miseretur
867 3531 881 3584 ‘l
898 3538 927 3587 et
939 3550 1027 3605 quare
1067 3526 1142 3597 quod
1161 3543 1179 3580 a
1192 3526 1275 3583 nobis
1286 3535 1463 3600 acceperunt,
1479 3528 1576 3598 egenis
1590 3534 1621 3582 et
1631 3525 1780 3598 hospitibus
1792 3535 1845 3575 cum

230 3607 317 3664 alium
343 3609 473 3676 obdurat,
497 3617 528 3667 ut
550 3628 605 3668 non
629 3615 776 3672 salvetur?
791 3619 851 3683 Quo
873 3620 946 3676 circa
960 3623 1027 3694 quia
1068 3616 1144 3670 curui
1168 3617 1313 3673 charitatis
1341 3618 1442 3673 edecta
1470 3618 1606 3672 serviant.
1621 3618 1712 3672 liores
1734 3619 1760 3669 et
1775 3611 1845 3664 vitam

229 3696 384 3752 secuudum
399 3697 558 3756 Salomonis
579 3702 722 3774 eloquium
738 3725 743 3760 :
760 3708 843 3763 Nemo
858 3713 910 3764 scit
928 3716 1027 3767 utrum
1069 3721 1149 3760 suam
1171 3707 1325 3762 secundum
1350 3707 1486 3778 Regulam
1512 3707 1604 3761 sancti
1627 3703 1778 3768 Benedicti;
1792 3704 1845 3754 utile

229 3785 302 3852 odio,
319 3802 359 3841 cn
376 3802 471 3841 amore
485 3790 587 3858 dignus
600 3794 645 3857 sit,
672 3796 718 3849 scd
732 3799 828 3852 omnia
843 3801 874 3868 in
894 3801 1027 3869 sciturum
1069 3794 1163 3851 omnia
1172 3797 1245 3851 iram
1255 3803 1284 3852 et
1302 3796 1534 3868 indignationem,
1552 3796 1651 3851 odium
1665 3800 1694 3850 et
1714 3789 1845 3848 detractio·

229 3880 409 3930 reserrentur
427 3876 526 3948 (docte.
547 3895 586 3945 vx,
605 3878 640 3951 i),
656 3882 763 3938 incerta
772 3885 897 3942 timendo
911 3905 1028 3944 venere-
1069 3901 1144 3944 nem.
1160 3885 1261 3957 quibus
1276 3887 1387 3941 assidue
1415 3887 1505 3940 Deum
1528 3885 1686 3951 Offendunt,
1706 3899 1765 3938 ⁰⁰³¹
1781 3876 1845 3934 ⁰¹ffl¹i

229 3977 303 4029 mur,
319 3968 348 4018 et
371 3966 530 4021 uenerando
544 3968 696 4026 timeamus
716 3975 825 4030 occulta
839 3977 890 4032 Ilei
903 3978 1026 4049 iudicia;
1070 3974 1361 4046 malitiaabjicientes,
1379 3975 1516 4030 sinceram
1531 3967 1846 4029 etcontiuuamdilectic

227 4048 351 4122 dumque
365 4069 463 4108 sumus
478 4053 508 4109 in
521 4055 574 4110 hoc
587 4074 714 4130 corpore,
733 4063 886 4118 secundum
910 4064 1030 4120 Psalmi·
1068 4080 1134 4118 ncm
1148 4065 1265 4120 invicem
1276 4065 1443 4120 custodiant.
1459 4065 1541 4130 Quod
1559 4065 1614 4120 nisi
1628 4064 1778 4124 observent,
1792 4057 1846 4112 divi·

227 4143 311 4236 stam,
326 4141 481 4197 serviamus
495 4143 614 4200 Domino
629 4146 659 4202 in
673 4147 784 4216 timore,
802 4158 831 4209 et
855 4154 1026 4211 exsultemus
1068 4169 1134 4208 nem
1147 4155 1243 4226 procui
1257 4154 1341 4210 dubio
1357 4156 1492 4211 ultionem
1506 4171 1537 4210 se
1548 4160 1713 4226 experturos
1729 4150 1815 4206 sciant.
1834 4165 1843 4196 r

227 4239 254 4278 01
267 4239 332 4279 ⁰³⁰¹
344 4229 467 4281 uemore
479 4229 565 4291 (Pull-
580 4244 612 4296 ¹1.
630 4229 682 4291 ill·
1067 4242 1118 4297 His
1126 4243 1217 4310 dictis,
1232 4243 1330 4300 relicto
1342 4261 1375 4300 eo
1384 4246 1429 4300 cui
1440 4246 1499 4301 heo
1511 4245 1656 4316 dixit,ipse
1668 4261 1730 4300 cum
1742 4241 1798 4298 aliis
1808 4235 1846 4308 qui

261 4310 305 4370 28.
321 4312 471 4384 Quantam,
484 4321 517 4370 ut
530 4316 661 4386 diximus,
677 4337 775 4377 curam
794 4325 839 4380 sui
859 4329 1024 4384 monasterii
1069 4333 1188 4388 aderant
1211 4333 1313 4389 altiora
1326 4335 1454 4407 quaedam
1477 4335 1540 4389 coeli
1566 4339 1676 4389 secreta
1697 4327 1844 4405 penetrarit.

225 4406 308 4471 gerat
322 4408 436 4457 sanctus
450 4403 717 4464 PaterWilhelmus
735 4411 796 4480 jam
817 4429 938 4484 regnans
962 4432 1027 4472 cum
1068 4421 1119 4476 ille
1132 4439 1198 4478 vero
1218 4423 1322 4489 senior,
1347 4425 1392 4480 cui
1418 4425 1477 4480 hcec
1500 4424 1625 4479 revelata
1649 4431 1723 4489 sunt,
1736 4435 1793 4476 curu
1807 4431 1848 4487 per

225 4487 294 4554 Deo,
307 4490 451 4560 peraliam
471 4493 558 4547 etiarn
575 4494 710 4551 visionem
730 4500 800 4555 satis
813 4503 962 4559 inaniteste
984 4523 1028 4561 os·
1068 4509 1160 4582 ipsum
1174 4527 1230 4566 non
1244 4514 1370 4577 auderet,
1385 4529 1435 4585 per
1449 4513 1536 4568 alium
1551 4513 1702 4584 quemdam
1723 4509 1846 4564 seniorem

224 4584 337 4675 tensum
353 4583 403 4634 est.
421 4579 523 4678 Quam,
535 4581 608 4637 sicut
620 4585 759 4642 referente
771 4591 893 4660 quodum
903 4594 1025 4665 seniore,
1068 4598 1162 4655 abbati
1179 4607 1279 4656 cuncta
1292 4600 1442 4656 intimavit.
1460 4602 1514 4666 Qui
1527 4602 1677 4674 pristinam
1689 4599 1794 4674 quidem
1807 4592 1846 4648 ab·

224 4669 374 4764 mnoqente
388 4671 418 4720 et
425 4668 547 4740 simplici
556 4687 627 4740 viro,
647 4675 693 4729 cui
709 4677 807 4732 eadem
821 4681 931 4736 coelitus
948 4684 1023 4740 iacta
1067 4687 1573 4747 batisWilhelmiconstitutionemde
1584 4685 1846 4762 eleemosynaohser·

226 4758 270 4807 est
283 4752 363 4821 visio,
388 4753 548 4856 didicimus,
563 4760 710 4819 scribendo
735 4769 855 4836 posteris
875 4775 1024 4828 transmit-
1064 4779 1124 4834 vari
1131 4781 1225 4850 jussit,
1239 4786 1332 4835 cetera
1342 4787 1437 4835 tamen
1461 4779 1564 4852 quihus
1577 4779 1775 4835 monasterium
1794 4789 1846 4844 per-

224 4845 285 4897 iere
312 4857 502 4947 neoefsssflulss
524 4847 664 4919 duximusv
690 4854 758 4924 quia
780 4872 831 4927 per
845 4874 908 4913 eum
927 4861 1024 4916 admo·
1064 4868 1237 4935 turbaverat,
1251 4871 1408 4924 incorrecta
1421 4869 1538 4925 dimisit.
1562 4870 1739 4942 Quapropter
1761 4875 1846 4919 secun-

222 4935 328 4986 nenlur
354 4932 581 5007 Hirsaugvenses,
602 4945 662 4994 tem
683 4941 771 4998 loturi
795 4963 880 5016 quam
899 4967 1022 5021 praesen-
1065 4957 1132 5014 dum
1142 4959 1303 5029 praedictam
1312 4958 1559 5013 comminationem
1570 4958 1643 5014 beati
1657 4948 1845 5013 Patrislllilhel·

221 5023 274 5087 tes,
289 5026 321 5076 ut
335 5027 442 5122 statuta
464 5041 537 5098 sepe
550 5027 619 5082 dicti
642 5030 735 5087 Patris
760 5034 912 5106 diligenter
926 5039 1022 5095 obser·
1065 5047 1114 5114 mi,
1128 5048 1186 5102 sere
1208 5049 1248 5102 nii
1265 5063 1431 5120 prosperum
1445 5049 1470 5102 ei
1481 5049 1590 5103 accidit.
1606 5050 1679 5104 Nam
1701 5060 1780 5118 parvo
1795 5041 1847 5110 post

220 5114 298 5181 Vinia
310 5127 433 5210 summe
443 5112 473 5169 5¹¹
488 5114 697 5186 dispensatim
711 5137 868 5194 pauperum
887 5133 916 5182 el
930 5128 1023 5200 hospi·
1064 5143 1192 5208 tempore
1207 5137 1372 5193 monasterii
1386 5137 1523 5208 regimine
1539 5142 1648 5202 exutus,
1666 5144 1695 5191 et
1708 5125 1845 5206 pontificali

221 5203 292 5262 tum,
308 5215 339 5254 vn
352 5199 548 5259 observatione
569 5205 728 5264 claustralis
741 5211 904 5284 disciplina.
929 5217 1023 5272 Statu·
1065 5227 1155 5282 insuta
1178 5227 1251 5297 apud
1268 5227 1379 5298 spiram
1393 5226 1518 5292 indutus,
1531 5226 1596 5282 odia
1616 5225 1740 5281 omnium
1757 5219 1844 5274 adver-

220 5291 282 5388 tum
305 5294 368 5344 eret
389 5290 425 5345 ah
440 5291 501 5362 ipso
514 5296 657 5350 communi
679 5300 823 5356 seniorum
838 5305 962 5372 consilio,
990 5313 1023 5362 ut
1065 5330 1128 5368 sum
1143 5331 1172 5368 se
1187 5315 1290 5386 ineptis
1301 5313 1426 5369 moribus
1434 5314 1592 5378 eoricitarit,
1605 5315 1652 5368 sed
1666 5327 1740 5367 mors
1751 5314 1845 5363 nature

221 5375 310 5449 ahqui
324 5395 357 5434 ex
378 5379 459 5435 laicis
479 5382 615 5439 tratribus
638 5385 686 5456 qui
701 5388 736 5442 ad
751 5393 962 5449 conversionem
979 5413 1023 5451 ve·
1065 5402 1265 5469 interveniens,
1282 5419 1347 5458 euru
1361 5404 1395 5458 de
1408 5403 1501 5457 uredio
1514 5402 1670 5474 amputarit
1684 5402 1744 5469 tii).

257 5491 310 5560 (ll)
329 5493 358 5547 S.
371 5493 493 5578 Udalrici
507 5496 602 5552 Vitam
616 5498 703 5556 habes
718 5503 825 5559 Saeculo
835 5508 1015 5579 precedenti.
1094 5512 1150 5578 (151
1165 5510 1326 5566 Hrecsusius
1336 5510 1422 5565 refert
1432 5510 1648 5566 Tritherniusad
1666 5497 1842 5566 ennuntiat,

221 5559 251 5615 S·
264 5563 410 5623 comaous
423 5567 508 5640 ohut,
519 5573 593 5628 testa
606 5571 752 5644 Bruschio,
763 5591 838 5634 anno
852 5574 915 5636 att.
1059 5581 1844 5659 quaestuariamSpirensemepiscopumeosaoteme
