3856 6176
207 247 261 306 tte
673 241 934 338 leiANFRANCl
953 232 1137 295 OANTUAR.
1158 242 1327 303 ARCHIEP.
1769 259 1813 320 tta

209 369 413 439 essedecrarit,
429 385 480 433 nec
494 367 666 426 Humbertus
690 368 835 442 episeopus
862 365 898 424 ad
920 359 1064 421 confi-A«
1080 363 1177 422 aluris
1189 367 1420 428 solummodoest
1432 379 1647 448 sacramentum,
1672 380 1724 436 vel:
1745 382 1817 440 Panis

211 460 329 517 tendum
345 460 388 516 vel
401 459 555 531 jurandum
570 459 670 514 horum
685 457 736 513 tibi
753 457 858 529 aliquid
877 455 1006 514 tradidit.
1053 472 1066 507 a
1082 455 1179 512 attans
1186 457 1726 536 solummodoestverumcorpuscnristi‚
1733 487 1819 542 panem

213 550 297 606 Prior
310 548 423 621 quidem
438 547 586 614 sententia,
600 546 869 620 perquamdicitur:
885 545 969 602 Panis
984 549 1013 600 et
1054 563 1066 596 s
1081 544 1112 599 in
1126 545 1209 601 altari
1222 563 1284 604 esse
1295 564 1352 604 non
1370 557 1466 622 negat,
1493 567 1594 624 panem
1616 561 1644 609 et
1667 557 1755 614 vinnm
1770 575 1820 615 esse

211 638 307 695 vinum
322 636 419 694 altaris
428 637 606 694 solummodo
617 641 793 693 sacramenta
802 641 878 704 sunt,
892 641 943 692 tua
957 641 1010 705 est,
1055 654 1067 682 ι
1082 635 1231 691 confirmat
1242 635 1273 692 in
1286 653 1385 694 mensa
1396 639 1553 696 flaminica.
1570 661 1583 695 »

212 731 383 800 tuorumque
390 725 563 798 sequacium.
579 725 863 797 Posteriorveroquae
873 725 1010 780 enuntiat:
1089 727 1186 790 m
1198 724 1302 782 Laura
1316 727 1420 784 Verum
1429 729 1601 798 adnecteres,
1616 731 1639 786 si
1648 732 1824 804 ignarnsveri·

212 816 298 874 Panis
312 822 341 872 et
353 815 448 872 vinum
463 815 562 880 altaris
576 814 752 870 solummodo
763 812 1014 870 suntverumchri·
1053 811 1120 868 tatis
1134 813 1257 884 priorem
1276 816 1475 888 propositionis
1497 823 1605 890 partera
1624 821 1761 892 quisquam
1775 831 1824 879 sta-

211 905 249 962 sti
263 922 364 979 corpus
382 911 411 961 et
422 904 548 976 sanguis,
560 903 821 960 nulliushominum
837 908 888 958 est.
900 903 973 958 Nam
985 907 1015 958 et
1053 906 1155 969 tueret,
1172 903 1227 958 nisi
1237 903 1308 960 forta
1322 906 1443 976 figurato
1460 906 1609 964 locutionis
1631 910 1710 965 modo
1726 911 1826 968 verbnm

212 1000 245 1054 tu
259 994 407 1056 veritatem
419 994 512 1050 carnis
526 1010 558 1050 ac
571 992 715 1064 sanguinis
725 1009 821 1064 negas,
842 997 871 1048 et
890 991 1013 1047 Ecclesia
1053 991 1122 1046 illud
1137 991 1284 1063 proferret.
1297 993 1425 1050 &lamus
1440 995 1516 1052 enim
1537 997 1644 1069 aliquas
1670 1015 1712 1054 res
1728 1000 1825 1056 illarum

213 1083 328 1152 Christi,
341 1083 491 1156 slepanenr
508 1083 537 1138 in
547 1098 671 1148 carnem,
687 1081 782 1137 vinum
797 1080 1014 1137 oreditconverti
1054 1096 1160 1146 rerum,
1176 1079 1320 1152 exquibus
1333 1081 1503 1151 cfficiuntur,
1518 1083 1677 1140 nominihus
1693 1087 1826 1158 appellare,

215 1173 245 1228 in
261 1173 439 1244 sanguinem,
455 1178 589 1228 uttamen
603 1170 857 1228 salubritereredat
875 1169 1014 1226 etveraci-
1055 1169 1192 1240 quamvis,
1208 1169 1237 1225 in
1251 1169 1336 1226 aliam
1349 1176 1482 1227 naturam
1494 1174 1827 1248 translatae,jamnonpos

215 1267 260 1316 ter
273 1267 454 1334 recognoscat
468 1265 674 1317 sacramentum
690 1277 750 1316 esse
776 1258 928 1316 Dominicis
948 1275 1015 1331 pas-
1054 1255 1112 1312 siut
1125 1275 1186 1313 esse
1201 1258 1351 1332 illudquod
1363 1267 1430 1316 sunt
1444 1277 1488 1316 res
1502 1261 1557 1316 illae
1571 1278 1604 1316 ex
1617 1263 1714 1335 quihus
1723 1263 1828 1336 proban·

214 1350 310 1416 sionis,
326 1350 426 1408 divinoe
439 1351 654 1424 pmpitiationis,
670 1350 825 1406 concordis
837 1354 866 1404 et
885 1347 1012 1413 unitatis,
1055 1350 1104 1402 tur
1114 1347 1419 1405 elfectae.Sicutbaatus
1427 1350 1604 1420 Augustinus
1613 1351 1655 1422 (in
1667 1354 1734 1421 psal.
1744 1359 1827 1422 cxcvii]

214 1444 357 1514 postremo
373 1446 525 1512 assumptas
539 1440 573 1494 de
583 1439 698 1511 Virgine
711 1438 803 1494 carnis
815 1454 848 1494 ac
867 1437 1011 1509 sanguinis
1053 1435 1083 1490 in
1102 1441 1226 1492 extremo
1240 1437 1412 1510 psalmorum
1426 1439 1630 1512 explanationis
1647 1457 1735 1513 opere,
1749 1441 1829 1495 ‹crh-

213 1529 325 1600 singula
339 1529 397 1584 suis
409 1528 604 1601 distinctisque
615 1527 716 1596 modis,
732 1529 767 1583 de
779 1527 1011 1600 quibussuoloco
1052 1526 1152 1582 aarum
1165 1534 1270 1584 »vocat
1284 1545 1299 1582 c
1311 1527 1404 1584 nivem
1414 1530 1567 1585 multorum
1577 1530 1830 1585 annorumduratam

210 1633 243 1674 ac
257 1622 383 1690 tempore
397 1617 553 1674 evidentius
564 1617 729 1677 disseretur.
742 1617 774 1672 ln
788 1616 938 1689 praesentia
950 1621 1013 1672 tan·
1052 1619 1190 1689 tempora,
1204 1623 1233 1672 et
1247 1616 1321 1672 serie
1330 1617 1505 1685 seculorum,
1518 1636 1533 1672 a
1548 1635 1613 1674 cum
1627 1618 1673 1673 nix
1688 1617 1723 1673 sit
1739 1617 1832 1689 liquida

211 1710 272 1762 tum
287 1707 397 1780 suscepi
412 1707 559 1764 ostendere
573 1705 657 1762 verba
676 1705 797 1762 Romani
816 1704 934 1772 concilii,
949 1721 1011 1777 qua
1052 1709 1082 1759 et
1093 1704 1221 1770 humida,
1229 1705 1345 1762 cristalli
1355 1723 1421 1762 vero
1435 1713 1537 1763 natura
1545 1708 1719 1763 existatdura
1729 1707 1829 1762 etsieca.

209 1799 424 1851 teservaturum
437 1795 622 1868 J'urejurando
637 1795 768 1861 firmasti,
777 1793 856 1849 nulla
868 1811 887 1850 a
899 1810 930 1849 se
943 1793 1012 1850 invi·
1050 1795 1091 1850 Ac
1100 1793 1285 1864 perhoccum
1293 1800 1351 1848 tam
1362 1793 1478 1850 diverse
1487 1801 1596 1851 naturae
1610 1795 1666 1850 sint
1682 1795 1831 1866 inuitisque

210 1899 270 1940 cem
305 1884 506 1940 contrarietate
535 1885 657 1940 differre.
672 1882 862 1954 urguentibus
889 1883 965 1938 enim
983 1888 1012 1939 te
1051 1897 1108 1936 non
1123 1887 1197 1937 recte
1210 1881 1273 1954 quis
1293 1882 1448 1938 cristallum
1467 1883 1560 1940 nivem
1573 1883 1719 1949 vocaverit,
1738 1883 1786 1938 nisi
1805 1900 1832 1938 eo

213 1972 312 2030 amicis
326 1991 358 2030 ac
372 1973 539 2032 necessariis
553 1973 610 2028 tuis
632 1973 707 2045 quod
729 1977 780 2027 aut
798 1986 854 2027 non
875 1972 1013 2028 servanda
1053 1969 1204 2027 locutionis
1221 1971 1305 2028 modo
1332 1988 1387 2044 qno
1410 1989 1456 2028 res
1483 1974 1583 2030 edecta
1610 1972 1745 2030 materiali
1772 1973 1833 2027 solet

211 2063 309 2134 jurare
323 2078 380 2118 non
392 2062 533 2124 debueris.
549 2067 600 2118 aut
611 2063 707 2134 jurata
729 2077 851 2129 servare,
875 2061 1013 2118 infamare
1053 2059 1168 2116 nomina
1182 2061 1331 2132 appellari.
1345 2061 1506 2118 Etcreator
1519 2069 1642 2119 exterra
1653 2067 1743 2118 creato
1754 2061 1833 2134 primo

213 2152 286 2209 soles
298 2151 445 2209 Nicolaum
458 2153 618 2225 pontificem
640 2153 820 2225 reliquosque
840 2153 939 2208 Patres
956 2152 1013 2208 Ro·
1053 2147 1160 2204 homini
1169 2148 1199 2204 in
1212 2148 1314 2206 Genesi
1332 2149 1416 2206 dicit:
1436 2151 1521 2206 ferra
1535 2169 1571 2218 es,
1588 2159 1613 2207 et
1626 2155 1658 2207 fn
1673 2157 1770 2206 terram
1788 2151 1833 2203 ibis

213 2241 290 2299 mani
303 2241 424 2310 concilii,
437 2241 567 2298 videlicet
580 2243 664 2315 qnod,
689 2243 820 2300 docentes
838 2259 871 2298 ac
892 2242 1012 2298 edentes
1051 2238 1128 2310 (aen.
1143 2252 1182 2300 m,
1199 2235 1256 2308 19).
1280 2237 1367 2303 Quasi
1381 2238 1515 2300 diceret:
1545 2240 1619 2306 Quia
1643 2239 1730 2294 factm
1754 2254 1782 2292 es
1805 2253 1833 2290 er

213 2331 365 2396 contraria,
380 2332 423 2388 tui
438 2331 552 2388 fuerunt
565 2347 652 2387 causa
664 2331 791 2403 perjurii.
806 2329 838 2386 Id
854 2347 965 2404 quoque
980 2331 1011 2388 in
1051 2332 1138 2394 tarra,
1155 2326 1324 2399 quandoque
1348 2327 1399 2382 ties
1417 2333 1503 2396 terra,
1527 2333 1556 2384 et
1580 2327 1727 2384 reverteris
1742 2325 1769 2381 iu
1784 2329 1832 2379 ter·

212 2415 264 2474 boc
278 2420 421 2491 opusculo,
447 2420 521 2493 quod
543 2420 746 2477 destruendum
770 2419 890 2492 suscepi,
906 2417 1010 2492 ubique
1051 2431 1123 2470 ram.

210 2505 270 2564 fere
283 2507 394 2564 laboras
410 2507 520 2565 efficere
530 2509 865 2582 3pmptereaeonferenda
876 2514 1010 2565 suntver-
1087 2502 1303 2574 Verumtamen,
1317 2509 1351 2562 ut
1364 2504 1431 2575 dixi,
1444 2503 1833 2564 husenfentiasnemocatbo

210 2593 246 2652 ba
260 2600 310 2654 tua
319 2596 410 2652 verbis
422 2614 528 2656 eorum.
722 2645 728 2660 .
989 2614 992 2620 ·
1050 2597 1120 2652 licus
1134 2598 1242 2670 recipit,
1258 2598 1420 2655 Christiana
1442 2617 1490 2656 ess
1511 2601 1611 2672 religio
1633 2616 1688 2657 non
1706 2599 1831 2655 admittit.

248 2685 381 2742 Nicotaus
407 2703 491 2760 papa,
517 2688 691 2760 comperiens
718 2693 747 2744 te
783 2689 882 2746 docere
908 2705 1010 2762 panem
1049 2687 1123 2742 Nam
1150 2687 1271 2760 priorem
1299 2694 1378 2746 tuam
1401 2705 1462 2746 esse
1489 2695 1613 2763 tantum,
1627 2695 1736 2762 tueque
1750 2693 1833 2754 seete,

212 2773 365 2846 vinumque
379 2775 486 2843 altaris,
502 2781 567 2849 post
579 2777 828 2848 consecrationem,
840 2778 901 2834 sine
918 2785 1011 2835 mate-
1051 2793 1134 2834 nemo
1149 2777 1197 2850 qui
1206 2777 1341 2850 ambigat.
1354 2780 1543 2837 Posteriorem
1556 2794 1724 2851 veronaque
1737 2783 1767 2833 tu
1777 2775 1835 2831 reoi-

210 2863 274 2922 riali
287 2866 443 2922 mutatione
454 2866 484 2922 in
499 2866 626 2939 pristinis
636 2867 765 2924 essentiis
779 2884 1010 2936 remanere,con-
1051 2866 1104 2938 pis,
1121 2866 1169 2939 qui
1181 2867 1273 2924 carnis
1287 2885 1320 2924 ac
1332 2870 1478 2941 sanguinis
1491 2875 1611 2941 negator
1629 2868 1730 2935 eriath,
1755 2881 1836 2937 neque

208 2965 287 3008 cessa
297 2951 359 3022 tibi,
375 2953 449 3010 sicut
466 2956 596 3028 superius
617 2956 723 3012 dimum
746 2962 799 3025 est,
822 2956 1041 3053 respondendic
1052 2971 1113 3023 nos,
1125 2955 1174 3028 qui
1189 2956 1229 3011 sic
1242 2961 1394 3030 utrumqne
1407 2959 1530 3016 fatemur
1544 2963 1681 3014 attamen
1697 2955 1836 3011 muitarum

208 3037 333 3110 licentia,
349 3059 413 3100 cum
424 3059 480 3100 noa
490 3047 610 3101 auderes
617 3063 668 3118 pro
682 3052 738 3102 tuae
750 3048 840 3120 partis
849 3048 1012 3104 defensione
1052 3047 1082 3099 et
1095 3044 1267 3100 excelsarum
1281 3061 1376 3102 rerum
1390 3046 1510 3118 liguram
1523 3063 1555 3102 ac
1571 3049 1774 3102 sacramentum
1783 3057 1836 3095 esse

207 3125 314 3200 aliquid
328 3132 508 3204 respondere,
524 3133 629 3206 pietate
643 3141 737 3190 motus
758 3136 795 3191 sd
821 3152 918 3208 preces
944 3143 1011 3192 tuns
1052 3131 1168 3189 minime
1180 3133 1361 3206 abnegemus.
1378 3135 1466 3191 Porro
1477 3135 1644 3201 similitudo,
1654 3148 1736 3206 quam
1746 3131 1779 3185 de
1791 3129 1837 3184 De

206 3219 338 3292 pracepit
350 3221 426 3277 uadi
439 3222 608 3296 scripturam
622 3223 672 3279 tibi
683 3226 906 3298 quamsuperius
918 3227 1010 3299 posui.
1052 3222 1128 3278 mino
1141 3221 1211 3278 Jesu
1226 3224 1338 3280 Christo
1365 3229 1395 3280 et
1414 3224 1508 3296 lapide
1528 3223 1660 3296 angulari
1674 3219 1796 3295 posuisti,
1813 3223 1838 3271 te

209 3305 276 3378 Ejus
288 3308 457 3382 principium
472 3311 526 3367 hoo
539 3319 616 3368 erat:
1051 3311 1179 3384 impedit,
1197 3329 1249 3369 nos
1258 3313 1380 3385 expedit.
1395 3313 1473 3370 Sicut
1488 3313 1563 3370 enirn
1579 3313 1629 3386 qui
1638 3311 1721 3367 dicit:
1738 3329 1750 3362 r
1765 3307 1838 3363 Chri-

246 3397 335 3468 (qu
357 3399 545 3472 Berengarius
566 3403 772 3459 anathematizo
793 3419 856 3460 sam
870 3404 1009 3472 haeresim,
1051 3405 1112 3457 stus
1126 3406 1169 3457 est
1181 3401 1253 3476 lapis
1262 3403 1416 3475 angularis,
1435 3418 1622 3459 snonrevcra
1631 3395 1840 3469 Christumlapi·

210 3503 223 3536 r
241 3484 276 3539 dc
290 3501 346 3557 qua
367 3487 503 3545 maenus
530 3490 685 3548 infamatus
698 3509 771 3559 sum,
796 3509 858 3566 qua
883 3500 1010 3552 astruere
1051 3492 1116 3548 dom
1130 3508 1192 3548 esse
1205 3491 1363 3563 constituit,
1380 3493 1430 3548 sed
1444 3497 1559 3564 propter
1577 3491 1702 3564 aliquam
1722 3487 1840 3544 similitu·

209 3593 221 3628 ι
240 3580 359 3632 conatur
371 3593 475 3649 panem
486 3586 515 3636 et
524 3579 631 3650 vinum,
639 3597 701 3653 qua
714 3583 744 3638 in
757 3581 841 3638 altari
854 3591 1008 3656 ponuntur,
1049 3582 1156 3649 dinem,
1171 3583 1304 3656 quemad
1317 3599 1347 3638 se
1360 3581 1479 3638 invicem
1492 3586 1605 3654 gerunt,
1623 3582 1650 3638 ei
1671 3595 1770 3636 nomen
1795 3576 1840 3632 im·

210 3671 304 3739 apost
321 3669 570 3738 consecrationem,
588 3671 764 3729 solummodo
787 3683 1006 3745 sacramencum,
1049 3677 1176 3746 ponunt3
1191 3673 1289 3728 eodem
1305 3672 1389 3728 modo
1416 3687 1480 3726 cnm
1502 3671 1597 3726 divina
1618 3669 1722 3743 pagina
1745 3681 1838 3736 corpus

210 3774 223 3809 ι
240 3760 270 3812 et
283 3771 338 3813 non
353 3774 449 3814 verum
463 3765 601 3832 corpuset
614 3760 780 3832 sauguinem
794 3763 906 3820 Domini
919 3765 1008 3821 nostri
1048 3761 1161 3818 Domini
1176 3777 1277 3834 panem
1291 3767 1379 3829 vocat,
1393 3765 1504 3817 sacrata
1517 3777 1550 3816 ae
1566 3761 1691 3833 mystica
1710 3755 1840 3812 locutione

208 3846 304 3903 «iesu
319 3846 423 3902 Christi
436 3864 533 3904 esse.»
1049 3851 1077 3906 id
1088 3850 1156 3922 agit,
1178 3867 1239 3914 seu,
1255 3849 1388 3922 quoniam
1411 3867 1444 3905 ex
1466 3866 1539 3922 pane
1564 3848 1714 3905 conficitur
1732 3847 1840 3918 ejusque

244 3935 409 3992 Rectissime
419 3937 445 3992 id
468 3938 593 4011 quidem,
608 3945 638 3994 et
651 3938 711 4012 ipsc
725 3942 866 4014 pracepit,
882 3949 911 3999 et
929 3961 1012 4018 sym.
1051 3939 1202 3995 nonnullas
1223 3938 1327 3995 retinet
1354 3940 1522 4010 qualitates;
1551 3954 1612 4007 seu,
1640 3937 1708 4010 quia
1726 3933 1841 3990 animam

206 4025 259 4082 dus
273 4026 403 4095 assensit,
419 4031 488 4083 etta
499 4033 645 4085 exsecutus
659 4046 698 4096 es,
718 4029 742 4086 si
760 4030 867 4088 labium
882 4034 1010 4092 dolosum
1051 4027 1372 4099 incomprehensibiliter
1390 4026 1842 4100 111111111ὶᾶ1)11111111111111111811111ω

206 4115 237 4171 in
251 4115 337 4172 corde
350 4121 380 4171 at
393 4117 477 4172 corde
491 4116 601 4174 locutus
615 4134 672 4173 non
685 4119 797 4188 fuisses,
816 4121 841 4176 si
858 4123 894 4178 ad
917 4123 1010 4195 pristi-
1055 4116 1118 4171 vlloe
1131 4116 1318 4173 Subsfflnllaffl
1339 4115 1555 4184 Subffllsslsstfflli
1577 4116 1632 4183 Vel·
1649 4113 1732 4196 ⁴‘iuml
1750 4123 1842 4180 ⁰⁰lll¹⁵

205 4219 274 4262 num
284 4205 420 4262 vomitum
434 4207 511 4262 etad
525 4207 701 4264 volutabrum
717 4209 770 4264 luti
783 4209 933 4269 infeliciter
944 4229 1009 4285 per·
1049 4205 1163 4260 eslffilii
1176 4204 1237 4272 Del,
1249 4205 1297 4277 qui
1307 4210 1350 4260 611
1364 4205 1445 4277 Panis
1463 4205 1642 4276 11113111οΝ111,
1664 4209 1689 4258 fl
1711 4205 1743 4257 111
1759 4213 1842 4268 quea,

204 4294 288 4364 iurus
297 4298 396 4366 postea
410 4311 466 4351 non
482 4295 613 4352 redisses.
625 4297 775 4352 Sacrorum
788 4314 912 4371 namque
926 4317 1008 4356 cano-
1049 4295 1122 4351 sicut
1148 4293 1189 4350 ait
1216 4293 1345 4366 princeps
1358 4293 1559 4366 apostolorum,
1584 4294 1744 4348 desiderant
1758 4286 1844 4355 capell

206 4384 456 4440 numauctoritate
479 4384 656 4454 instruimur,
682 4393 715 4442 ut
735 4403 829 4455 nemo,
851 4387 887 4443 ab
907 4348 1200 4456 haeresinprospiccre
1222 4385 1248 4439 fl
1275 4385 1332 4439 Pel·
1357 4397 1377 4450 1,
1402 4381 1450 4451 2t3
1476 4399 1536 4450 111111,
1561 4381 1659 4454 aliquo
1687 4380 1742 4436 11110
1769 4373 1844 4431 ¹¹¹⁰d⁰

206 4477 360 4540 revertens,
373 4473 567 4530 ecclesiastica
581 4475 786 4532 communionis
799 4477 939 4551 particeps
946 4495 1008 4535 esse
1048 4473 1097 4547 qui
1110 4490 1129 4529 a
1141 4471 1314 4528 doctioribus
1325 4471 1525 4544 comprehendi
1546 4475 1648 4544 potest,
1665 4486 1684 4525 a
1700 4466 1779 4524 nobis
1793 4477 1844 4518 non

206 4559 397 4632 permittatur,
409 4561 591 4634 quoadusque
606 4579 767 4635 perversum
781 4565 886 4637 dogma
898 4567 1008 4624 vinculo
1048 4566 1151 4634 potest.
1186 4555 1194 4566 '

208 4647 396 4704 anathematis
409 4647 544 4704 damnare
564 4651 759 4722 compellatur.
780 4651 887 4710 Verum
906 4654 936 4710 in
963 4655 1008 4711 his
1349 4649 1467 4706 CAPUT
1483 4649 1546 4705 Vll·

207 4734 371 4803 verbis,nec
387 4735 674 4810 verbatuasupcrius
701 4740 801 4812 posita,
830 4758 882 4797 nec
909 4759 1007 4798 corum
1084 4740 1203 4796 Bessan.
1221 4759 1235 4792 a
1250 4740 1314 4796 Non
1326 4738 1403 4794 enim
1420 4743 1549 4794 constare
1569 4737 1678 4810 poterit
1700 4729 1845 4791 affirmatio

206 4825 361 4880 sententias
375 4825 524 4899 quisquam
537 4827 640 4899 poterit
653 4828 787 4885 invenire.
799 4830 879 4886 Unde
890 4839 1009 4906 apparet
1050 4849 1062 4882 r
1081 4828 1182 4897 omnis,
1194 4835 1274 4902 parte
1288 4828 1406 4885 subruta
1416 4846 1423 4896 3
1435 4833 1465 4883 et
1479 4827 1540 4894 hoc,
1563 4827 1638 4882 siout
1663 4825 1734 4880 dicit
1753 4822 1846 4878 beatus

207 4930 400 4987 perversorem
428 4931 461 4971 ac
487 4916 681 4974 subversorem
707 4925 736 4975 te
762 4935 823 4976 esse
848 4921 1007 4979 divinarum
1048 4918 1254 4990 «Augustinus
1262 4918 1292 4974 in
1310 4917 1382 4974 libro
1396 4915 1577 4988 Dedoctrina
1590 4907 1846 4972 christiaua111n

205 5005 376 5075 litterarum,
392 5011 421 5062 et
434 5023 466 5062 ex
478 5007 636 5080 depravatis
649 5010 777 5082 fictisque
795 5013 941 5068 sententiis
962 5031 1007 5070 er·
1049 5025 1063 5061 a
1079 5007 1139 5080 ipsa
1150 5007 1315 5064 aternitatis
1329 5006 1456 5075 veritate,
1472 5021 1535 5077 quae
1543 5005 1618 5062 Deus
1631 5009 1686 5074 est,
1703 4997 1846 5058 indissolu-

206 5095 278 5152 roris
300 5094 417 5151 nebulas
438 5113 570 5169 spargere
591 5099 738 5170 imperitis,
763 5099 922 5174 falsumque
946 5119 1007 5160 esse
1049 5095 1330 5151 ‹bllilerwnslssl·’

206 5183 279 5256 quod
293 5200 326 5240 cx
341 5185 411 5240 tatso
422 5185 558 5258 principio
572 5186 732 5243 constiterit
743 5203 885 5246 emanare.
1082 5186 1188 5242 Laura.
1205 5184 1319 5241 Relictis
1333 5183 1420 5240 sacris
1431 5181 1656 5250 auctoritatibus,
1672 5181 1711 5236 ad
1724 5174 1848 5235 dialecti·

515 5273 631 5332 CAPU'l'
649 5276 697 5333 VI.
952 5341 956 5350 ἱ
1047 5291 1110 5330 cam
1123 5274 1286 5347 confugium
1299 5273 1376 5332 facis.
1398 5272 1559 5345 thuidem
1574 5272 1609 5327 da
1622 5268 1762 5344 mysterio
1786 5263 1847 5321 fidei

241 5363 363 5418 Bessan.
385 5382 397 5415 ι
410 5362 570 5419 sicutenim
584 5365 633 5437 qni
646 5364 728 5422 dicit:
739 5367 868 5424 Christus
877 5374 920 5425 est
929 5387 1007 5426 sum·
1047 5365 1195 5420 auditurus
1208 5381 1242 5420 ac
1255 5379 1441 5436 responsurus
1456 5378 1518 5435 qnae
1529 5361 1565 5416 ad
1578 5377 1638 5416 rem
1653 5358 1778 5415 debeant
1790 5370 1848 5427 per·

206 5469 221 5506 c
236 5466 300 5508 mus
310 5451 454 5523 angularis
468 5452 550 5530 lapis,
561 5453 705 5511 Christum
719 5471 776 5512 non
797 5457 900 5526 aufert,
924 5459 1006 5514 Chri·
1047 5455 1149 5522 tinere,
1164 5455 1279 5510 nrahem
1293 5453 1392 5510 audire
1402 5469 1435 5509 ac
1444 5451 1613 5525 respondere
1623 5465 1722 5505 sacras
1731 5443 1847 5502 auctori·

208 5557 222 5594 s
238 5545 313 5596 stum
333 5556 395 5594 esse
408 5541 523 5600 omuino
537 5543 698 5614 constituis
709 5544 750 5603 ita
759 5545 807 5620 qui
826 5546 909 5603 dicit:
922 5547 1007 5605 Panis
1048 5553 1122 5608 tates
1137 5560 1222 5622 quam
1236 5542 1397 5602 dialecticas
1413 5541 1546 5598 rationes.
1557 5540 1665 5596 Verum
1679 5543 1780 5593 contm
1792 5535 1847 5589 haee
