3872 6162
141 309 144 314 *
230 278 284 338 999
744 274 773 330 S.
794 273 990 332 obmutui
1008 275 1161 334 luanus
1180 275 1350 334 ulmeus.
1766 273 1819 338 idib

229 393 273 460 v'el
291 402 316 458 si
330 419 400 476 opus
422 399 516 468 habet,
535 397 588 456 sub
610 397 729 470 capitale
748 396 837 468 ponit.
854 397 961 454 Deinde
979 404 1167 462 οο-Ανοηωε
1190 402 1226 457 ad
1244 403 1396 456 nocturnos
1417 397 1517 469 surgit,
1537 395 1627 468 jungit
1647 413 1675 452 se
1690 397 1730 452 bis
1744 401 1784 470 qul
1797 401 1820 455 in
1900 412 1901 424 ¹

231 492 371 564 opertorio
377 491 412 546 ad
418 489 579 546 interiorem
586 494 693 560 partem
702 486 767 543 lecti
773 487 1028 557 rejectoscamaum
1070 490 1172 545 minori
1186 491 1270 545 choro
1284 493 1375 552 orant,
1388 492 1417 543 et
1428 486 1539 559 prioris,
1551 485 1598 557 qui
1610 485 1637 540 in
1646 487 1763 557 maiorem
1773 489 1822 544 cbo

230 581 365 640 ascendit.
375 586 403 635 et
412 579 571 644 introlatus,
579 583 612 632 ut
621 575 897 632 convenienterlecto
908 577 1028 632 insidere
1069 596 1133 636 rum
1162 578 1201 633 ibi
1217 573 1395 650 ingressurus
1413 581 1466 640 ast,
1486 576 1634 630 adventum
1658 580 1785 646 exspectat.
1801 581 1823 630 et
1900 568 1901 622 Σ

231 669 331 741 possit,
346 685 376 725 se
399 673 548 741 preparat,
564 672 593 721 et
604 672 673 722 ωηο
688 681 788 720 manus
802 665 836 719 ad
852 665 950 732 latera,
971 682 1028 721 ηοη
1069 669 1158 724 donec
1184 675 1242 722 tras
1271 667 1413 722 orationes
1441 665 1585 730 liniantur,
1600 669 1627 718 et
1644 668 1705 718 tunc
1720 679 1735 716 a
1750 664 1824 734 priora

230 774 328 814 versus
338 758 423 830 pedes
438 757 587 812 extrahens
600 772 630 810 so
650 753 812 808 discalciat:
825 753 865 808 ita
878 758 983 820 tamen,
998 761 1030 810 ut
1070 757 1183 826 licentia
1196 761 1320 827 accepta,
1341 761 1488 826 postquam
1501 756 1544 819 (ut
1557 752 1657 807 dictum
1669 753 1716 819 est)
1728 751 1753 806 in
1765 752 1826 805 inir-

231 864 296 903 crus
309 847 384 903 cruri
398 863 453 903 non
471 847 652 918 superponat.
669 844 771 898 Postea
784 842 902 915 pedibus
914 842 1029 915 equati-
1071 845 1161 900 maria
1175 842 1285 910 biberit,
1297 843 1332 897 de
1345 848 1542 914 creterousqua
1551 855 1631 895 mane
1643 839 1679 894 ibi
1690 837 1825 896 remanebit.

230 941 276 992 ter
295 935 403 1002 levatis,
425 941 454 990 ot
475 935 504 990 in
529 935 633 988 lectum
655 931 807 998 collocatis,
822 933 961 986 cucullam
973 947 1029 986 non
1072 934 1101 988 Si
1122 949 1188 988 sero
1203 949 1292 1004 usqua
1313 937 1378 1004 post
1392 937 1543 986 nocturnos
1560 945 1590 984 se
1605 946 1622 984 a
1638 934 1700 1000 potu
1712 928 1828 984 continere

231 1025 310 1097 prius
324 1023 411 1090 exuit,
426 1040 512 1096 quam
524 1021 730 1094 coopertorium
741 1019 793 1076 sub
805 1019 914 1076 cubitos
925 1021 1028 1078 trahat.
1072 1021 1155 1088 valet,
1170 1026 1238 1076 tunc
1249 1036 1312 1075 oum
1326 1019 1448 1085 licentia,
1460 1018 1561 1073 ardore
1575 1017 1634 1072 sitis
1645 1016 1771 1081 exstincto,
1781 1031 1827 1068 na·
1902 1079 1903 1086 ἵ

230 1113 309 1168 Τηηο
332 1113 445 1184 quidem
466 1127 528 1166 eam
552 1114 674 1176 exutam,
690 1108 748 1164 sive
762 1107 800 1162 sit
822 1124 885 1164 cunr
910 1109 1029 1180 pellicio,
1071 1109 1194 1164 tutinum
1208 1125 1271 1163 cum
1286 1108 1339 1176 his,
1351 1109 1400 1179 qui
1414 1108 1443 1164 in
1458 1123 1491 1162 ea
1504 1105 1613 1162 horain
1624 1106 1691 1160 lecto
1701 1103 1830 1175 jacentibus
1902 1091 1903 1154 l

232 1201 370 1269 eirenen,
385 1200 542 1271 complicat,
560 1204 589 1252 et
607 1197 640 1252 ad
664 1201 749 1267 caput
761 1196 856 1268 pouit;
871 1197 915 1252 vel
929 1196 953 1250 si
974 1195 1031 1250 tale
1071 1198 1190 1252 infirmis
1205 1203 1330 1266 cantant,
1347 1197 1391 1252 vel
1410 1197 1434 1251 si
1450 1197 1521 1252 tales
1536 1212 1592 1250 non
1606 1195 1711 1260 adsunt,
1724 1198 1749 1247 et
1767 1193 1787 1246 si
1797 1197 1830 1247 est

232 1289 321 1360 lrigus
343 1288 437 1354 habet,
460 1303 545 1358 super
564 1303 594 1342 se
614 1285 749 1343 extendit.
767 1284 869 1356 capitio
885 1289 980 1338 lamen
995 1284 1031 1339 ad
1071 1289 1210 1356 literatus,
1223 1291 1388 1358 percantare
1402 1285 1501 1354 debet;
1517 1286 1541 1340 si
1556 1285 1699 1340 illiteratus
1716 1282 1831 1338 neminen

233 1384 317 1450 caput
330 1394 418 1432 verso.
436 1377 561 1448 ldipsum
574 1375 695 1429 novitius
709 1373 800 1429 adhuc
814 1390 870 1428 non
884 1389 1031 1428 consecra·
1071 1382 1162 1448 rogat,
1175 1384 1208 1432 ut
1219 1377 1272 1432 hoc
1285 1377 1339 1431 sihi
1353 1380 1457 1432 cantet.
1467 1374 1592 1440 Quilibet
1605 1379 1694 1428 autem
1705 1371 1746 1443 qui
1758 1371 1823 1441 hujus

234 1473 281 1522 tus
296 1483 360 1522 cum
375 1466 466 1521 frocco
478 1465 554 1520 tacit.
567 1463 658 1535 Super
670 1467 772 1516 caetere
786 1461 961 1533 operimenta
975 1462 1032 1533 pel·
1072 1467 1149 1522 modi
1171 1465 1334 1537 disciplinis,
1356 1471 1384 1520 et
1408 1461 1626 1520 concatenationis
1647 1464 1687 1516 rir-
1708 1477 1761 1516 esse
1779 1459 1832 1524 vult,

234 1555 329 1610 licium
349 1555 437 1627 ponit,
454 1554 477 1609 si
501 1553 570 1618 uult,
594 1551 644 1606 sed
665 1567 721 1606 non
747 1551 899 1606 inversum·
916 1550 1032 1615 Quoties
1073 1561 1209 1626 quantum
1221 1556 1251 1609 in
1264 1571 1294 1609 so
1308 1558 1352 1609 ast
1365 1569 1543 1624 summopere
1556 1566 1708 1625 placavere
1720 1548 1797 1614 debet,
1807 1564 1834 1602 ne

235 1645 303 1712 uult,
323 1644 390 1699 dum
404 1651 500 1698 umen
514 1641 658 1696 moderate
674 1639 720 1706 sit,
732 1645 835 1694 sancta
849 1640 939 1694 crucis
952 1639 1032 1710 signo
1040 1675 1064 1736 Β
1073 1643 1138 1698 talis
1147 1643 1299 1698 necessitas
1308 1644 1388 1699 illum
1399 1641 1551 1714 aliquando
1564 1643 1721 1712 pregraret.
1735 1653 1775 1692 un.
1786 1635 1835 1690 liat

235 1751 266 1789 se
288 1733 390 1799 munit,
416 1732 546 1802 idemque
571 1734 663 1802 potest
682 1729 773 1784 iacere
798 1730 910 1801 quando
929 1729 1031 1800 surgit.
1074 1749 1171 1804 pauca,
1195 1737 1227 1787 ut
1246 1732 1389 1787 memoria
1410 1735 1603 1796 occurrerunt,
1618 1730 1652 1784 de
1674 1726 1761 1782 multis
1778 1726 1835 1778 dicta

235 1823 379 1888 Quantum
391 1818 621 1891 libetaliquando
630 1818 751 1872 calorem
763 1817 877 1880 sentiat,
888 1833 1032 1890 nunquam
1073 1827 1149 1888 sunt,
1166 1821 1268 1893 quibus
1290 1820 1396 1888 novitii,
1412 1821 1436 1875 si
1454 1819 1514 1875 lieri
1528 1823 1631 1892 potest,
1649 1817 1722 1889 prius
1733 1821 1790 1870 suut
1803 1814 1836 1868 iu.

235 1917 330 1967 tamen
343 1911 407 1982 plus
418 1909 544 1980 corporis
556 1907 601 1962 sui
614 1906 730 1977 detegit,
740 1922 824 1978 quam
835 1907 920 1978 pedes
931 1911 960 1960 et
972 1905 1034 1961 bra·
1074 1912 1201 1968 struendi
1216 1928 1301 1983 quam
1316 1910 1433 1981 collegio
1447 1915 1544 1966 nostro
1558 1907 1706 1964 socientur.

235 2000 300 2055 chia
314 2005 343 2054 et
356 2004 463 2070 pectus.
484 1997 514 2053 Si
536 2012 649 2051 necesse
672 2000 715 2050 est
734 1999 860 2065 tempore
876 2001 1033 2066 opportuno
1351 1999 1468 2054 CAPUT
1488 1996 1596 2054 LXXII.

234 2087 361 2144 tabulam
379 2083 706 2155 mediocromadcaput,
723 2081 866 2138 infaciem
884 2081 949 2136 lecti
969 2082 1034 2136 inll-
1134 2093 1192 2158 Qua
1208 2091 1262 2158 1090
1276 2091 1376 2144 novitii·
1389 2093 1453 2143 antu
1471 2089 1701 2142 uunsoerutu'uuum
1713 2097 1796 2138 eorum

234 2192 302 2247 gere
317 2180 418 2247 potest,
434 2174 492 2228 siva
504 2172 541 2228 ad
552 2172 768 2228 sustentandum
781 2172 910 2244 capitale,
927 2171 984 2226 sive
998 2171 1034 2226 ad
1413 2177 1539 2232 imbuunt.

236 2264 388 2322 arcendum
400 2264 496 2320 lumen
503 2262 710 2317 lucemae.ltom
717 2259 923 2316 tabulaminter
929 2261 1032 2316 lectum
1110 2269 1123 2294 *
1138 2268 1256 2333 Quuudu
1270 2267 1372 2322 domno
1387 2264 1483 2321 abbati
1493 2264 1614 2321 novitios
1627 2263 1662 2318 ud
1676 2261 1841 2318 monachicum

236 2359 265 2409 et
279 2352 416 2426 parietem
437 2367 494 2406 non
514 2349 680 2422 prohibetur
701 2365 824 2420 congrue
838 2351 982 2421 adaptare,
998 2350 1033 2405 ad
1074 2357 1202 2414 oudinum
1227 2371 1390 2429 promovere
1413 2353 1560 2427 placuerit,
1586 2353 1665 2426 prius
1692 2369 1708 2406 u
1732 2350 1841 2420 meusim

236 2441 480 2514 ΒΗΡΘΡΡΟΠθΠ(1ῃηὶ
494 2440 520 2494 ei
531 2439 637 2514 fl0⁰0⁰⁵
651 2440 693 2494 iel
706 2439 773 2510 quid
784 2439 849 2494 tale·
861 2439 1034 2511 Quocunque
1075 2460 1172 2500 eorum
1184 2443 1355 2508 admonitus,
1364 2442 1431 2497 tacit
1439 2441 1505 2496 inde
1512 2441 1684 2496 mentionem
1693 2439 1721 2494 in
1730 2437 1840 2510 capiulo:

236 2530 320 2586 modo
337 2529 504 2585 recumbens
515 2530 618 2600 iaceat,
631 2527 759 2582 videlicet
772 2527 815 2582 vel
828 2543 977 2599 supernus,
992 2529 1034 2584 vel
1075 2534 1141 2589 etsi
1154 2534 1184 2588 in
1198 2533 1295 2588 eodem
1308 2531 1353 2586 dic
1368 2530 1591 2586 benedictionem
1613 2530 1711 2584 fratres
1728 2524 1843 2596 accepturi

236 2619 388 2684 lateratim,
408 2618 466 2672 sire
478 2615 628 2672 contractis
641 2615 770 2687 genibus,
785 2633 869 2672 nerno
882 2616 1031 2688 vituperat.
1074 2629 1149 2688 sunt,
1166 2626 1234 2676 tunc
1249 2621 1383 2692 magister
1394 2621 1489 2691 jussus
1504 2637 1552 2675 eos
1565 2619 1714 2684 adducere,
1728 2616 1807 2672 aufert
1817 2612 1844 2667 ab

235 2709 278 2764 Ad
293 2706 465 2763 necessarias
479 2706 509 2761 in
532 2704 641 2761 cuculla
661 2710 690 2760 et
709 2704 738 2760 in
761 2705 871 2776 pellicio
888 2722 1033 2777 nunquam
1075 2711 1115 2765 eis
1129 2710 1240 2781 capitia.
1256 2710 1408 2779 Postquam
1421 2701 1517 2762 autem
1531 2706 1685 2762 introducti
1698 2704 1794 2759 veniam
1807 2717 1846 2772 pe·

235 2797 321 2864 vadit,
336 2795 391 2852 nisi
405 2799 553 2868 postquam
568 2799 720 2849 conventus
736 2810 767 2848 se
782 2793 812 2849 in
825 2794 905 2848 lectis
918 2795 1035 2851 colloca·
1074 2798 1182 2866 sierint,
1198 2797 1325 2852 canadam
1341 2797 1505 2868 petitionem
1520 2800 1655 2867 repetunt
1669 2809 1749 2866 quam
1766 2791 1790 2846 in
1804 2789 1847 2862 pri·

235 2884 316 2951 verit,
332 2889 441 2940 attunc
454 2883 660 2955 coopertorium
679 2898 764 2954 super
786 2883 889 2937 lectum
912 2899 969 2938 non
989 2901 1035 2938 ex·
1076 2886 1185 2942 mordio
1207 2885 1392 2957 susceptionis
1416 2901 1472 2940 suae
1495 2885 1633 2939 iecerunt.
1659 2883 1757 2938 Eodem
1781 2877 1847 2933 modo

235 2973 354 3046 pandit;
369 2972 399 3027 in
411 2972 471 3027 sola
485 2977 580 3026 autem
590 2971 699 3026 cuculla
711 2976 804 3043 potest
816 2971 883 3026 illuc
896 2972 938 3026 ire
948 2988 1035 3043 quan·
1075 2975 1178 3046 agitur,
1202 2975 1225 3030 si
1247 2973 1410 3045 aliquandiu
1432 2973 1533 3028 ablatis
1555 2972 1667 3044 capitiis
1689 2971 1717 3025 in
1734 2970 1796 3024 cella
1807 2981 1848 3020 sua
1891 2997 1896 3010 -

236 3062 384 3133 docunque
403 3060 531 3118 voluerit.
548 3059 578 3116 Si
600 3059 714 3130 sangaris
739 3076 754 3114 e
775 3059 890 3114 naribus
909 3033 1064 3128 ematnat,C
1075 3069 1142 3120 sunt
1155 3063 1331 3128 commorati,
1347 3079 1380 3117 ac
1393 3061 1524 3134 deinceps
1542 3059 1702 3132 quindecim
1717 3057 1804 3113 diebus
1815 3054 1849 3108 vel

237 3157 317 3206 extra
329 3151 432 3205 lectum
446 3154 545 3204 contra
557 3149 695 3220 parietem
708 3165 739 3202 se
752 3147 869 3202 incliirat
882 3167 889 3217 ς
904 3149 928 3204 si
940 3155 1035 3205 autem
1076 3153 1180 3220 minus,
1203 3150 1226 3205 si
1241 3150 1335 3206 abbati
1354 3150 1474 3214 videtur,
1488 3166 1505 3204 a
1518 3157 1659 3204 conventu
1677 3145 1797 3219 separati,
1810 3142 1850 3197 ibi·

233 3240 313 3310 juxta
327 3238 466 3311 parietem
480 3253 537 3292 non
551 3237 665 3303 dormit,
686 3241 784 3292 contra
802 3237 901 3292 faciem
920 3238 984 3293 lecti
1005 3256 1036 3294 se
1077 3241 1141 3296 dem
1156 3245 1292 3307 manent;
1307 3245 1421 3311 excepto
1433 3239 1508 3311 quod
1522 3239 1550 3294 in
1563 3239 1651 3294 choro
1665 3237 1762 3293 minori
1774 3234 1850 3290 divino

236 3327 331 3384 verus.
346 3327 378 3383 Si
396 3341 532 3381 nauseam
546 3324 600 3380 sibi
620 3324 812 3395 ingravescere
831 3327 925 3392 sentit,
939 3327 968 3382 in
983 3345 1035 3384 an·
1076 3330 1154 3402 operi
1168 3331 1318 3385 intersunt.
1334 3331 1407 3385 Nam
1421 3329 1450 3384 in
1464 3329 1509 3383 his
1523 3328 1624 3384 diebus
1638 3344 1694 3383 non
1705 3327 1788 3382 solum
1802 3323 1852 3378 dor-

236 3417 334 3488 gulum
344 3415 567 3470 necessariarum
578 3413 706 3482 tendens,
714 3419 840 3485 egestum
850 3415 923 3471 foeno
933 3417 1033 3488 operit.
1076 3419 1169 3474 miunt
1180 3419 1209 3473 in
1221 3419 1354 3490 predicta
1362 3435 1414 3474 sua
1423 3417 1554 3484 oolla,sed
1565 3417 1603 3472 ibi
1612 3415 1725 3473 lectioni
1737 3419 1824 3470 vacant
1830 3416 1852 3466 et

238 3505 268 3559 Si
283 3504 370 3559 abum
383 3504 465 3574 juxta
474 3501 637 3574 sepositum
647 3501 741 3573 aliquo
753 3503 836 3558 modo
846 3521 896 3577 per
906 3521 1036 3561 somnum
1077 3509 1237 3564 comedunt.
1249 3508 1280 3564 In
1296 3508 1400 3563 eisdem
1413 3523 1524 3579 quoque
1536 3505 1679 3562 diebusad
1689 3499 1852 3578 pacem,etad

236 3591 354 3648 l'ratram
369 3591 490 3646 excitare
501 3590 633 3658 audierit,
646 3607 710 3646 moa
723 3592 802 3646 illum
817 3609 874 3648 non
887 3594 982 3665 aliquo
994 3612 1038 3650 so-
1077 3597 1303 3653 communionem
1317 3613 1373 3651 non
1384 3597 1529 3660 accedunt,
1543 3613 1637 3668 neque
1652 3595 1777 3651 ollerunt.
1791 3594 1852 3656 Quo·

236 3679 312 3748 nitu,
332 3679 382 3734 sed
398 3678 505 3751 aliquid
531 3679 566 3733 de
589 3680 770 3750 operimentis
796 3682 839 3735 vel
857 3682 1037 3739 lectisterniis
1077 3686 1147 3742 tidie
1161 3685 1321 3742 matutinali
1337 3684 1422 3739 missa
1435 3684 1531 3740 audita
1543 3685 1573 3738 in
1588 3685 1742 3756 capitulum
1752 3683 1852 3737 fratrum

237 3767 313 3824 illius
335 3768 473 3823 trahendo
487 3768 683 3839 expergefacit.
701 3769 732 3825 In
747 3770 835 3831 soccis
856 3776 884 3824 et
909 3788 972 3826 cum
988 3788 1035 3826 ca·
1076 3775 1202 3841 veniunt,
1226 3774 1319 3845 ibique
1333 3789 1418 3846 super
1430 3789 1575 3828 scamnum
1590 3783 1620 3829 et
1635 3773 1790 3836 scabellum,
1806 3785 1854 3840 qua

239 3857 322 3930 pello,
337 3857 361 3912 si
371 3872 484 3912 necesse
494 3861 546 3924 est,
556 3862 648 3928 potest
657 3856 791 3922 dormire,
803 3858 833 3912 in
843 3859 953 3930 pellicio
966 3877 1037 3914 nun·
1076 3864 1185 3919 suntin
1200 3862 1298 3918 dextra
1311 3869 1392 3934 parte
1410 3879 1497 3935 prope
1511 3864 1616 3918 ostium
1632 3863 1740 3928 sedent,
1754 3860 1822 3915 nullo
1831 3871 1854 3910 se

238 3962 334 4018 quam.
344 3947 376 4001 In
386 3945 467 4011 lecto,
478 3945 535 4000 sive
546 3950 623 4000 extra
637 3946 751 4013 lectum,
765 3962 909 4018 nunquam
919 3949 1036 4005 alterius
1076 3952 1296 4016 intermiscente,
1304 3952 1358 4007 nisi
1368 3952 1427 4007 solo
1435 3952 1548 4006 illorum
1557 3951 1705 4022 magistro.
1713 3949 1752 4007 lbi
1763 3959 1856 4021 quoque

236 4034 336 4092 taciem
351 4033 409 4089 suis
421 4033 508 4089 oculis
521 4033 551 4088 in
565 4033 730 4089 dormitorio
749 4034 872 4106 inspicit.
886 4036 929 4090 ed
944 4037 1036 4094 Cruci·
1076 4041 1184 4108 sedent,
1205 4055 1294 4110 usque
1314 4039 1382 4094 dum
1406 4039 1548 4094 sententia
1570 4040 1677 4110 regulae
1699 4039 1768 4094 lecto
1784 4035 1817 4090 sit
1834 4039 1857 4087 ct

237 4123 324 4180 filum
337 4122 376 4179 ibi
388 4123 513 4190 intlissflb
526 4123 656 4194 quotiens
671 4122 734 4178 illac
746 4124 881 4195 preterit.
1077 4129 1212 4201 exposita,
1227 4129 1284 4184 sive
1299 4134 1332 4184 ut
1344 4127 1373 4183 in
1388 4127 1467 4183 sestis
1488 4126 1587 4183 diebus
1600 4130 1686 4194 solet,
1700 4127 1778 4182 lectio
1791 4139 1858 4179 eran·

522 4211 640 4266 CAPUT
654 4211 751 4268 LXXI·
1075 4218 1174 4290 getica.
1204 4217 1242 4274 Ut
1266 4225 1361 4273 autem
1381 4223 1444 4290 post
1467 4233 1628 4273 sermonem
1652 4219 1770 4273 domnus
1786 4213 1858 4268 abbas

397 4302 435 4356 De
448 4316 477 4354 eo
490 4301 541 4370 qui
555 4304 612 4354 torn
626 4302 749 4368 praviter
762 4304 872 4356 sitierit.
1079 4307 1189 4373 dixerit,
1201 4309 1361 4375 loquimini
1382 4308 1414 4361 de
1429 4307 1534 4368 ordine,
1560 4308 1658 4362 statim
1678 4311 1741 4362 ente
1758 4311 1780 4359 et
1798 4307 1858 4357 retro

274 4392 343 4462 (un.)
360 4388 390 4445 Si
406 4393 465 4444 tem
474 4387 653 4459 grauitersiti
669 4387 788 4456 laborat,
800 4391 874 4462 quod
884 4407 914 4446 se
924 4397 1036 4448 noctur·
1077 4396 1221 4464 facientes,
1233 4395 1436 4468 praecedentem
1448 4395 1616 4466 magistrum
1627 4411 1712 4451 suum
1722 4397 1861 4466 sequuntur

239 4493 341 4534 norum
359 4475 547 4549 pulsationem
568 4491 632 4531 cum
647 4476 785 4546 patientia
798 4479 875 4534 nullo
891 4481 973 4536 modo
988 4498 1036 4536 ex·
1078 4485 1108 4540 in
1125 4485 1223 4541 cellam
1242 4502 1333 4551 suam,
1352 4490 1384 4541 ut
1397 4484 1435 4540 ibi
1450 4484 1563 4540 solitum
1577 4484 1655 4540 inter
1677 4501 1725 4540 eos
1739 4481 1861 4538 habeatur

238 4571 352 4639 utulate
366 4570 471 4636 Sperat.
480 4563 603 4634 priorem
614 4565 740 4620 modeste
748 4565 871 4623 excitans
882 4585 946 4624 cum
956 4570 1037 4641 signo
1077 4574 1243 4645 capitulum,
1259 4573 1288 4629 in
1303 4590 1358 4646 quo
1372 4573 1468 4631 etiam.
1483 4573 1507 4628 si
1522 4573 1589 4645 quid
1602 4572 1662 4628 tale
1672 4569 1859 4632 commiserint

238 4653 275 4722 ⁰52
287 4653 439 4726 quodvult,
452 4653 586 4720 insinuat,
600 4654 648 4726 qui
659 4670 721 4708 mox
732 4671 797 4710 eum
808 4657 843 4711 ad
852 4656 1037 4714 infirmariam
1078 4678 1096 4716 a
1106 4661 1233 4732 iudiciali
1245 4661 1385 4717 sententia
1396 4659 1537 4716 immunes
1549 4666 1711 4728 nonerunt,
1723 4667 1751 4716 et
1764 4661 1863 4731 propter

239 4741 354 4813 ducens,
367 4741 523 4796 infirmario
538 4758 651 4798 causam
667 4743 804 4814 designat,
816 4761 867 4817 pro
882 4763 938 4819 qua
950 4748 1036 4820 uenit,
1077 4751 1131 4805 hoc
1155 4750 1290 4822 magister
1314 4767 1411 4806 eorum
1434 4749 1556 4822 aliquem
1579 4749 1765 4823 provectioris
1786 4745 1864 4802 atatis

239 4837 269 4886 et
286 4831 385 4886 eodem
400 4829 487 4886 fratre
509 4831 549 4887 ibi
569 4832 695 4898 dimisso,
712 4831 771 4905 ipse
785 4835 820 4889 ad
835 4835 938 4892 lectum
951 4838 1035 4894 redit
1079 4839 1195 4894 tratrem
1212 4839 1250 4894 ibi
1262 4838 1461 4906 habetsecum,
1479 4839 1566 4910 quiin
1577 4838 1768 4911 eisJ'udicium
1780 4835 1862 4898 faciat,

238 4917 289 4973 Illa
299 4921 393 4972 autem
404 4917 432 4972 in
443 4917 618 4990 lecto‚quem
631 4917 804 4978 infirmarius
814 4921 840 4976 ei
851 4923 1036 4992 demonstrat,
1079 4927 1134 4984 nisi
1153 4927 1236 4983 alicui
1249 4928 1354 4984 novitio
1368 4928 1421 4983 lroc
1436 4928 1576 5000 injungat.

238 5015 269 5063 se'
283 5007 432 5075 collocans,
447 5024 511 5063 oum
536 5007 656 5063 infirmis
679 5009 715 5064 ad
738 5014 890 5068 nocturnos
909 5014 1040 5081 renitet
1115 5017 1233 5081 Quando
1247 5023 1399 5072 conventus
1417 5023 1481 5088 post
1503 5016 1676 5072 matutinum
1698 5023 1729 5074 et
1748 5029 1865 5087 vesperos

236 5097 360 5154 diluculo
374 5115 424 5170 per
438 5097 625 5152 infirmarium
640 5097 754 5153 licentia
767 5099 888 5156 abeundi
914 5103 1037 5175 aprione
1079 5105 1286 5177 processionem
1309 5105 1377 5160 facit
1397 5105 1432 5160 ad
1455 5105 1483 5161 S.
1499 5106 1628 5173 Mariam,
1645 5105 1701 5178 ipsi
1724 5102 1813 5162 ultimi
1830 5117 1866 5156 se·

236 5185 291 5242 sibi
304 5187 465 5258 impetrata,
482 5191 510 5240 et
524 5185 699 5240 diurnalibus
709 5187 744 5242 de
757 5189 921 5246 dormitorio
932 5193 1035 5264 allatis,
1079 5199 1214 5266 quantur,
1239 5199 1268 5249 et
1283 5194 1427 5249 ecclesiam
1448 5210 1505 5248 uon
1526 5195 1643 5258 intrant,
1660 5195 1710 5250 sed
1729 5197 1864 5249 exeuntem

237 5280 365 5348 tempora
379 5292 435 5346 quo
450 5280 479 5330 et
492 5274 610 5347 quilibet
625 5275 763 5345 infirmus,
779 5277 814 5333 de
836 5278 992 5336 infirmaria
1006 5281 1036 5336 in
1076 5282 1152 5338 toras
1178 5283 1206 5338 in
1231 5282 1353 5355 capitulo
1374 5289 1540 5338 conventum
1564 5289 1737 5355 exspectant,
1760 5287 1788 5338 et
1806 5285 1866 5336 tunc

235 5371 403 5420 willemum
419 5364 501 5420 redit·
1076 5369 1206 5444 proprius
1219 5373 1391 5438 accedentes,
1402 5377 1478 5428 stant
1488 5373 1678 5444 perordinem
1690 5372 1814 5427 inclinati
1825 5368 1866 5423 ad·

272 5451 307 5506 Et
321 5457 354 5506 ut
367 5451 482 5506 redeam
498 5451 533 5506 ad
558 5453 722 5508 nocturnale
737 5460 849 5528 tempus
869 5473 925 5528 quo
947 5457 1035 5515 irater·
1072 5461 1170 5532 juncto
1196 5461 1342 5532 magistro,
1365 5474 1453 5534 usqua
1479 5461 1547 5517 dum
1575 5478 1674 5517 omnes
1700 5459 1865 5516 transierint.

236 5537 314 5598 sitire
326 5540 453 5615 caperit,
468 5541 492 5598 si
506 5545 599 5616 potest
615 5542 769 5616 perdurare
783 5546 954 5618 usquedum
966 5563 1034 5604 oon-
1075 5549 1193 5618 Quando
1206 5555 1302 5608 autem
1316 5555 1384 5607 sunt
1400 5551 1543 5626 pransuri,
1559 5557 1625 5608 ento
1638 5556 1807 5609 conventum
1823 5563 1866 5604 ex-
