3986 6184
158 203 194 288 a
439 227 489 286 io
506 229 621 290 urin
639 231 671 294 a.
691 233 899 295 staminei
918 233 1208 294 carmeniensis
1225 231 1515 294 incumriscorn
1714 239 1718 244 ·
1754 229 1792 292 aa

159 359 190 411 et
202 351 320 425 clericis,
331 353 517 427 omnibusque
524 357 577 411 sibi
591 359 761 432 subjectisut
769 363 859 418 dulcis
873 365 987 434 paterA
995 362 1112 435 pallium
1123 361 1239 434 accepit.
1249 359 1386 417 »Robert
1394 361 1482 417 Mont.
1490 361 1520 416 in
1530 359 1645 432 praelato
1654 357 1792 415 Chronico

159 426 307 482 blandiens
325 427 438 498 profuit.
461 427 579 482 Psalmis
597 439 626 484 et
644 433 767 502 hymnis,
788 441 816 488 et
839 435 955 488 canticis
996 431 1791 504 adan.1070,qucdtribusepiscopatibusfueritpotitus,

157 497 364 569 spiritualibus,
382 499 522 568 sacrisque
537 503 677 570 mysteriis
692 505 882 559 indesinenter
895 521 955 559 sese
995 505 1127 558 nimirum
1151 504 1313 558 llalmeensi
1338 520 1388 557 seu
1412 503 1585 570 Nervicensi,
1610 500 1793 556 Wicestrensi

160 569 338 641 manciparit.
354 571 387 624 In
402 586 454 623 usu
471 571 657 626 ecclesiastico
673 575 833 629 doctissime
849 577 955 629 instru—
998 575 1098 640 trerius
1113 575 1302 644 Vintoniensi)
1313 579 1340 628 et
1363 575 1568 640 Cantuaiiensi,
1585 577 1794 628 exauctoratum

161 645 223 694 ctus
239 644 309 706 erat,
325 640 402 694 etad
416 642 623 711 praedicandum
639 644 758 700 indoctis
771 647 886 700 verbum
906 647 956 701 Dei
999 646 1164 716 stigandum
1180 651 1389 699 commemorat.
1407 645 1570 710 Eadmerus,
1587 661 1637 698 seu
1647 644 1793 708 Ednierus,

161 711 401 781 claraidoneaque
411 711 550 766 locutione
560 714 680 784 vigebat.
693 718 834 771 Patientia
841 722 868 771 ct
883 717 958 771 beni·
999 717 1055 770 sire
1070 717 1155 770 etiam
1179 716 1325 781 Edinerus,
1351 715 1400 768 lib.
1413 730 1434 780 1,
1451 716 1557 771 Histor.
1579 715 1720 769 Novarum
1736 713 1795 784 agit

160 782 270 852 gnitate
294 789 407 835 cunctos
436 799 530 836 secum
558 791 716 840 coessentes
733 785 882 852 mulcebat,
900 805 958 842 ma·
998 786 1318 857 deStigando:Guillcl.
1334 785 1795 856 Pictavens.deGuillelmoprimo

160 867 302 934 gnaraque
316 859 434 934 partem·
444 854 537 908 oneris
556 856 597 909 sui
618 856 730 911 decanis
745 865 774 912 et
806 859 957 930 resbyteris
998 875 1062 928 pag.
1078 857 1142 924 205,
1158 854 1211 914 206
1237 863 1266 910 et
1291 855 1353 912 208.
1379 857 1504 912 Orderic.
1525 857 1611 911 Vitel.
1635 854 1684 910 ubi
1698 869 1794 926 supra.

162 939 223 976 sine
237 923 342 976 invidia
356 922 550 989 distribuebat,
567 925 709 998 bonosque
729 876 911 984 iiihiibminus
922 930 957 984 ad
998 928 1178 983 Maimesbur.
1192 929 1232 983 De
1244 932 1316 997 gest.
1331 943 1390 998 reg.
1403 928 1515 998 Angla,
1530 927 1578 982 lib.
1595 941 1627 981 ii.

161 993 406 1064 participationem
417 994 958 1065 honorisavideasciscebat,iietcPlura
1035 999 1080 1066 (³⁴)
1094 1001 1203 1053 Terreat
1216 1001 1370 1067 exemplum
1384 1001 1468 1063 istud,
1483 1003 1535 1053 etc.
1547 999 1716 1069 Temperare
1728 994 1799 1050 mibi

160 1064 224 1118 vide
237 1065 311 1135 apud
324 1065 453 1119 eumdem
469 1066 605 1133 Orderic.,
617 1069 676 1124 loco
691 1069 785 1130 citato,
797 1077 825 1125 et
836 1071 884 1124 fol.
896 1069 955 1138 558,
999 1071 1128 1140 equidem
1145 1087 1200 1130 non
1216 1084 1329 1150 possum
1343 1068 1411 1140 quin
1431 1069 1486 1124 duo
1503 1085 1564 1140 quae
1577 1067 1728 1139 aliquando
1742 1066 1798 1136 legi

162 1135 208 1190 ad.
224 1151 270 1188 an.
287 1136 372 1202 10803
394 1135 534 1190 Guillelm.
553 1139 662 1194 Gemet.
683 1141 755 1198 Hist.
774 1139 822 1198 lib.
834 1157 880 1208 vii,
896 1159 957 1213 cap.
1000 1147 1098 1195 notatu
1110 1141 1274 1212 dignissima
1284 1141 1419 1211 exempla,
1436 1157 1532 1195 eorum
1548 1141 1596 1212 qui
1609 1137 1799 1193 sacerdotium

161 1203 206 1269 28,
221 1211 250 1259 et
263 1205 312 1260 lib.
328 1221 385 1268 viu,
398 1224 458 1278 cap.
471 1206 496 1264 3.
1000 1213 1058 1271 sive
1066 1212 1256 1283 episcopatum
1267 1215 1380 1266 strenue
1390 1201 1564 1282 rciug'erunt,
1577 1211 1606 1265 iu
1622 1207 1799 1264 mediumhic

199 1275 243 1344 (²⁹)
255 1279 289 1331 In
299 1279 359 1346 i'psn
372 1283 448 1331 atate
462 1284 611 1334 sententias
625 1298 749 1350 promere
773 1287 875 1352 sapuit,
891 1299 959 1352 quos
1000 1283 1159 1355 proiemm3
1185 1298 1273 1336 unum
1300 1282 1373 1354 apud
1395 1283 1429 1336 D.
1455 1283 1658 1353 Hieronymum
1673 1286 1742 1334 tom.
1760 1279 1796 1342 ll,

161 1353 309 1415 gratanter
324 1351 495 1417 jurisperiti,
510 1356 566 1406 etc.
587 1353 646 1406 Imo
660 1353 690 1406 B.
711 1355 896 1409 Lanlrancum
912 1356 959 1409 illo
1001 1355 1082 1424 epist.
1111 1354 1155 1418 till,
1180 1353 1327 1426 Epiphanii
1347 1352 1494 1407 Salamina
1517 1351 1601 1476 Cypri
1628 1350 1749 1422 episcopi
1763 1349 1798 1403 ad

162 1434 221 1472 aevo
230 1418 306 1488 leges
317 1419 458 1474 Romanas
472 1422 610 1492 reperisse
624 1425 705 1477 testis
718 1431 760 1478 est
773 1426 910 1480 liebertus
925 1426 959 1480 de
1000 1426 1137 1479 loannem
1152 1424 1236 1495 episc.
1252 1423 1530 1494 ierosolymitanum,
1570 1423 1721 1494 aquodam
1736 1437 1799 1474 mo·

53 1547 56 1558 ,
162 1489 258 1542 Monte
272 1489 301 1543 in
313 1506 365 1543 suo
375 1491 512 1546 Chronico
521 1494 645 1548 nondum
659 1495 959 1552 edito:«Lanlrancus
1000 1497 1088 1550 nacho
1102 1494 1289 1549 sacerdotium
1308 1495 1397 1548 modis
1412 1494 1542 1549 omnibus
1555 1494 1713 1548 declinante
1727 1511 1733 1558 ;
1749 1489 1798 1545 sed

163 1559 319 1628 Papiensis,
335 1561 435 1631 inquit,
448 1568 475 1616 et
489 1563 641 1618 Garnarius
661 1566 752 1619 socius
766 1568 826 1636 ejus
840 1568 959 1638 repertis
999 1567 1113 1621 tandem
1127 1583 1178 1636 per
1195 1567 1250 1619 vim
1270 1571 1313 1619 est
1331 1565 1468 1620 adductus
1489 1566 1524 1620 ad
1540 1566 1700 1636 episcopum
1714 1567 1742 1616 et
1755 1579 1800 1616 sa-

163 1631 238 1700 apud
248 1629 405 1686 Bononiam
416 1632 524 1702 legibus
539 1635 682 1702 Romanis,
699 1654 769 1707 quas
780 1637 958 1693 dustinianus
1000 1638 1096 1691 cerdos
1109 1637 1232 1690 etlectus.
1250 1654 1262 1688 c
1280 1638 1349 1692 Cum
1363 1636 1451 1705 igitur
1465 1635 1598 1707 (loquitur
1615 1633 1796 1707 Epiphanius)

162 1700 318 1770 imperator
328 1702 518 1758 Romanorum
538 1705 573 1758 ab
583 1707 780 1762 incarnatione
798 1709 910 1763 Domini
925 1709 990 1780 5013
1001 1709 1191 1762 celebraretur
1203 1708 1320 1761 collecta
1331 1707 1359 1760 in
1375 1707 1489 1761 ccclesia
1504 1707 1574 1762 iiiia
1589 1721 1650 1778 quai
1663 1711 1706 1760 est
1717 1705 1799 1774 juxta

162 1770 337 1826 abbreviatas
350 1775 556 1830 emendaverat.
564 1773 752 1848 Hiainquam,
765 1781 883 1850 repertis
895 1797 959 1850 ope·
1000 1779 1202 1834 monasterium
1208 1777 1642 1848 nnstrum,ignorantem,nullam
1652 1782 1681 1830 et
1687 1774 1798 1847 penitus

161 1857 224 1895 ram
241 1843 388 1910 ,dederunt
410 1861 458 1899 eas
478 1847 581 1916 legere,
602 1853 631 1902 ct
649 1850 710 1904 aliis
733 1866 765 1904 ex
787 1868 880 1904 onere.
905 1851 960 1905 Sed
1002 1850 1151 1904 habentem
1161 1849 1357 1919 suspicionem,
1374 1865 1424 1920 per
1438 1850 1541 1904 multos
1551 1849 1683 1902 diaconos
1697 1861 1798 1918 appre-

163 1911 317 1968 Gamerius
342 1914 372 1967 in
399 1915 452 1970 hoc
474 1919 673 1986 perseveravit,
699 1867 872 1976 Lamiancus
897 1939 961 1977 vero
1002 1921 1086 1974 hendi
1097 1920 1243 1990 jussimus,
1260 1925 1289 1973 ct
1306 1921 1396 1974 teneri
1410 1936 1442 1974 os
1456 1921 1526 1989 ejus,
1543 1936 1578 1973 nc
1601 1919 1672 1973 forte
1687 1915 1799 1971 liberari

163 1983 324 2056 disciplinas
348 1985 476 2041 liberales
500 1995 529 2042 et
550 1989 661 2044 litteras
687 1991 794 2046 divinas
816 1993 845 2046 iii
864 1993 960 2046 Galliis
1002 2008 1032 2045 se
1053 1992 1177 2062 cupiens,
1202 1991 1347 2060 adjuraret
1371 2007 1421 2045 nos
1442 2007 1492 2060 per
1512 2005 1614 2045 nornen
1628 1989 1733 2044 Christi
1749 2007 1756 2054 ;
1772 1993 1801 2042 et

161 2055 267 2109 multos
281 2056 410 2123 edocens,
425 2058 540 2112 tandem
564 2059 681 2115 Beccam
701 2064 788 2126 venit,
804 2069 831 2117 et
848 2063 886 2117 ibi
901 2080 962 2118 mo·
1003 2062 1125 2134 pii'muni
1136 2062 1284 2115 diaconum
1295 2059 1802 2144 ordinavimuspropoiientescitime-

162 2125 270 2179 nachus
281 2127 454 2182 ellectusest.
467 2149 479 2181 i
492 2131 643 2201 Hucusque
653 2131 767 2187 Robert.
779 2134 815 2187 ad
825 2150 871 2188 an.
883 2132 960 2191 1032.
1003 2150 1064 2188 rem
1076 2133 1195 2196 Domini,
1208 2140 1236 2187 et
1250 2134 1448 2204 compellentes
1459 2137 1493 2186 ut
1509 2133 1685 2186 ministraret
1699 2149 1705 2197 ;
1721 2129 1801 2184 valde

201 2194 243 2263 (³⁰)
260 2199 344 2254 Romu
366 2205 448 2266 caput
471 2203 544 2254 orbis
563 2206 721 2257 sollicitauit
745 2221 807 2258 euin
832 2208 960 2273 epistolis.
1004 2205 1107 2276 quippe
1118 2203 1305 2267 obnitebatur,
1315 2203 1460 2273 indignum
1475 2220 1504 2256 se
1515 2221 1575 2257 esse
1590 2201 1802 2256 contestansEt

163 2265 220 2320 Leo
231 2268 269 2322 IX
281 2267 419 2331 videlicet,
431 2275 461 2323 et
470 2271 622 2342 Gregorius
634 2274 684 2327 Vll
696 2275 824 2334 maxime,
833 2276 966 2347 quemad·
1006 2292 1070 2329 cum
1085 2276 1258 2329 ministraret
1269 2275 1299 2328 in
1318 2275 1423 2328 sanctis
1440 2274 1593 2339 sacrificiis,
1609 2271 1718 2343 ingenti
1731 2271 1803 2325 dilli-

163 2339 280 2392 modum
293 2340 367 2394 inter
380 2343 543 2396 eorumdem
559 2345 689 2414 epistolas
700 2362 814 2400 cernere
824 2351 876 2400 est.
1006 2347 1119 2408 cultata,
1134 2351 1212 2400 tento
1222 2362 1271 2400 ore
1285 2347 1357 2416 ejus,
1372 2345 1563 2400 ordinavimus
1573 2346 1655 2416 presb
1675 2350 1801 2406 terum,i

202 2407 242 2490 (³⁸¹)
254 2412 377 2464 Providit
391 2415 540 2480 subrogare
549 2416 694 2468 loannem.
709 2418 760 2470 Cui
775 2418 869 2488 plures
881 2417 965 2471 desti·
1006 2423 1059 2471 etc.
1081 2419 1210 2471 Alterum
1237 2416 1322 2471 refert
1342 2417 1484 2470 Palladius
1498 2416 1563 2469 Vita
1586 2430 1626 2472 xii
1690 2413 1801 2468 uslai-ia.

164 2486 271 2534 navita
292 2481 388 2535 istolas
404 2483 435 2539 B.
447 2483 596 2539 Lanfranc.
615 2486 832 2541 cantuariorum
847 2489 964 2542 antistes
1004 2489 1112 2541 Adduci
1125 2489 1247 2556 jusserat
1266 2487 1431 2541 Timotheus
1455 2487 1603 2558 episcopus
1621 2484 1803 2540 Ammonium

165 2497 311 2606 factusbe
325 2553 432 2607 Joanne
443 2557 540 2610 multis
553 2556 625 2610 infra
640 2558 675 2611 ad
691 2558 822 2628 epistolas
833 2559 864 2615 14
876 2566 904 2613 et
923 2558 962 2615 15.
1005 2559 1101 2629 magni
1114 2559 1219 2612 Pambo
1229 2555 1408 2628 discipulum,
1418 2558 1553 2627 religione
1563 2564 1592 2610 et
1603 2554 1805 2610 doctrinainsi·

164 2620 303 2676 Caeteruni
319 2623 353 2677 dc
375 2625 520 2694 ejusmodi·
534 2627 732 2698 subrogatione
746 2631 829 2700 paulo
845 2631 965 2702 amplius
1005 2647 1099 2700 gnam,
1121 2636 1154 2684 ut
1167 2631 1312 2701 episcopus
1331 2635 1555 2694 consecraretur;
1571 2628 1620 2682 sed
1642 2630 1804 2682 constanter

166 2691 293 2747 Orderic.
309 2693 393 2750 Vital.
415 2695 464 2750 lib.
484 2713 510 2749 iv
525 2698 592 2752 hist.
617 2715 681 2770 pag.
698 2699 759 2760 506,
786 2701 829 2754 his
851 2701 963 2755 verbis:
1006 2698 1804 2770 renuitille,etdumcogeretur,arrept0sorticesinistram

168 2779 182 2816 a
198 2763 315 2818 VirDeo
325 2766 441 2820 devotus
452 2768 640 2840 (Lansrancus)
650 2777 678 2824 et
688 2771 840 2826 humilitati
849 2773 965 2826 studens
1006 2767 1804 2842 sibiauremamputarit:quodepiscopoubidenuntiatum

165 2834 239 2887 tanti
254 2835 392 2905 primatus
406 2839 545 2892 sarcinam
561 2841 714 2908 refutavit,
731 2847 760 2896 et
773 2843 826 2896 sibi
841 2844 875 2896 ad
891 2844 965 2896 hunc
1007 2847 1102 2896 esset:
1122 2860 1134 2894 r
1151 2841 1228 2906 Mihi,
1244 2842 1316 2908 insit,
1342 2843 1366 2895 si
1380 2841 1423 2895 rel
1442 2847 1603 2895 truncatum
1622 2838 1737 2894 naribus
1752 2837 1804 2890 ad·

166 2904 274 2975 apicem
285 2910 344 2961 toto
354 2913 456 2963 conatu
465 2910 602 2965 loannem
611 2911 853 2968 abrincatensium
864 2929 967 2984 praesu·
1007 2913 1151 2976 duxeritis,
1166 2913 1213 2984 qui
1229 2913 1266 2966 sit
1281 2912 1361 2966 bonis
1372 2911 1505 2977 moribus,
1517 2928 1568 2982 ego
1579 2927 1642 2964 eum
1658 2907 1803 2965 ordinabo.

166 2975 224 3029 lem
239 2977 370 3047 praeferre
389 2980 502 3050 sategit.
519 2983 605 3036 Porro
621 2989 653 3036 ut
668 2985 800 3038 canonice
814 2986 895 3039 fieret
913 2985 968 3038 ista
1008 2984 1113 3038 Euntes
1127 3001 1203 3054 ergo,
1220 3000 1284 3037 eum
1298 2999 1396 3038 rursus
1410 2982 1567 3053 rogabant;
1587 2998 1651 3036 cuin
1670 2982 1730 3052 ipse
1747 2995 1805 3033 non

167 3047 452 3128 conjugatioRomam
463 3052 541 3118 adiit,
548 3053 686 3124 praedicta
696 3056 997 3135 ordinationenem-G
1008 3062 1130 3126 pareret,
1139 3054 1263 3124 aggressi
1280 3070 1343 3108 eum
1355 3054 1397 3108 rel
1407 3053 1433 3106 vi
1448 3053 1595 3108 adducere.
1612 3054 1639 3108 Is
1654 3058 1748 3106 autern
1764 3050 1805 3103 eis

165 3120 236 3171 tiam
261 3119 297 3172 ab
315 3121 474 3176 Alexandro
497 3140 572 3196 papa
591 3125 761 3193 impetrarit.
788 3127 967 3182 »Alexandri
1006 3127 1112 3197 juravit
1126 3126 1242 3180 dicens:
1268 3126 1297 3179 Si
1326 3141 1370 3179 me
1391 3125 1547 3194 coegeritis,
1573 3125 1658 3179 etiam
1679 3123 1805 3193 linguam

167 3188 315 3258 epistolam
333 3193 402 3262 (qua
416 3191 564 3249 Lantranci
579 3197 708 3266 petitioni
726 3198 846 3267 annuit),
867 3197 967 3252 Joanni
1008 3213 1101 3250 meam
1123 3197 1299 3262 exscindam;
1328 3213 1361 3249 eo
1384 3196 1479 3266 itaque
1501 3201 1565 3266 post
1593 3195 1652 3248 hac
1677 3193 1804 3272 dimisso²

166 3257 382 3316 Abrincensium
398 3265 838 3335 episcopomissam,invcterum
853 3270 979 3340 scripto·
1008 3273 1195 3322 recesserunt.
1222 3286 1233 3318 i
1265 3267 1380 3320 infinita
1407 3266 1610 3338 propemodum
1637 3262 1807 3343 ejuscemodi

168 3345 233 3384 rum
242 3331 412 3386 testimoniis
422 3336 542 3404 praesixis
554 3337 625 3391 libro
640 3339 679 3393 De
690 3339 789 3393 officiis
804 3339 968 3393 ecclesiasti·
1010 3340 1136 3410 exempla
1161 3339 1264 3410 passim
1294 3338 1417 3408 reperire
1441 3347 1484 3392 est
1506 3337 1583 3408 apud
1608 3343 1745 3391 auctores.
1761 3335 1808 3388 Sic

169 3400 220 3465 cis,
245 3403 371 3470 ejusdem
399 3405 531 3476 episcopi,
563 3409 693 3478 reperies.
722 3408 848 3464 liabetur
869 3411 968 3464 iisdem
1010 3409 1043 3464 D.
1058 3408 1248 3474 Ambrosium,
1265 3409 1298 3464 D.
1314 3409 1514 3478 augustinum,
1530 3408 1570 3461 sic
1592 3407 1750 3468 Paulinum,
1767 3403 1808 3457 sic

169 3471 259 3553 ferme
274 3473 447 3544 temporibus
465 3475 495 3529 in
517 3477 654 3532 Chronico
674 3495 726 3536 ms.
742 3480 860 3534 coenobii
875 3481 968 3535 Divio-
1009 3481 1173 3534 anselmum
1181 3497 1231 3550 per
1239 3479 1480 3533 vimintlammatae
1486 3477 1688 3550 plebislegibus
1696 3473 1809 3547 presby·

169 3556 276 3608 nensis,
292 3543 368 3598 haud
383 3544 517 3600 dissimile
524 3549 628 3602 sactum
642 3550 769 3604 Alinardi
779 3552 903 3620 ejusdem
916 3552 969 3606 loci
1009 3557 1085 3604 teres
1100 3551 1157 3605 sive
1170 3551 1315 3622 episcopos
1328 3550 1426 3604 iactos.
1440 3551 1463 3606 Ο
1478 3550 1501 3603 si
1513 3549 1552 3603 sic
1567 3548 1693 3604 homines
1703 3561 1810 3627 quaere·-

170 3611 294 3666 abbatis:
311 3615 665 3685 ‹Diligebaturaltoberto
681 3627 709 3674 et
723 3621 843 3676 Henrico
859 3623 970 3692 regibus
1010 3627 1118 3687 rentur,
1139 3622 1265 3692 talesque
1286 3621 1458 3690 eligerentur
1472 3619 1501 3674 in
1516 3621 1632 3686 clerum,
1647 3617 1695 3689 qui
1718 3621 1808 3671 iocati

171 3683 343 3754 (Chronicon
358 3687 447 3756 audis)
462 3707 469 3754 ;
495 3689 544 3742 sed
567 3697 595 3744 et
610 3692 755 3746 Conradus
774 3693 928 3763 imperator
942 3699 971 3748 et
1010 3693 1201 3816 potiusquam
1216 3692 1336 3763 gradum
1353 3691 1424 3746 lucri
1438 3696 1488 3746 aut
1510 3690 1626 3746 honoris
1642 3687 1734 3759 gratia
1748 3703 1810 3741 am-

172 3755 970 3888 pppiscffliuptglenripusgasannimioiphunpvenetrabantur
1030 3763 1118 3888 ientpls
1133 3763 1449 3888 accederpnt,'praeclare
1460 3761 1557 3833 utique
1571 3777 1636 3816 cuni
1649 3757 1811 3814 Christiana

212 3843 226 3878 e
278 3866 283 3878 .
365 3844 401 3882 ue
443 3847 460 3882 u
501 3845 635 3886 unensem
654 3849 686 3887 ca
720 3850 816 3888 ecrani
846 3852 900 3889 unc
920 3852 968 3889 ia·
1011 3851 1079 3888 reu
1111 3851 1182 3888 icaa
1205 3851 1317 3889 ereur.

172 3845 972 3974 cantemciodtulitlidnricusimperatomscdHalinardus
1042 3852 1095 3975 iffi)
1120 3852 1217 3959 Vende
1242 3908 1316 3959 inihi
1342 3909 1464 3972 quantus
1483 3908 1576 3973 postca
1600 3903 1733 3956 exstiterit
1749 3902 1812 3968 sru-

173 3965 320 4023 humiliter
334 3986 477 4040 respuens,
494 3973 655 4028 Odalricum
669 3975 800 4029 clericum
815 3977 973 4046 Lingonen·
1014 3981 1081 4040 ctus,
1104 3981 1156 4030 etc.
1182 3977 1222 4030 De
1236 3976 1280 4030 his
1304 3975 1461 4030 luculenter
1474 3990 1590 4045 compar
1603 3974 1635 4028 B.
1655 3971 1812 4028 Laniranco

174 4055 234 4092 seni
248 4039 338 4094 suasit
348 4043 550 4112 expetendum3
567 4061 650 4114 quom
663 4047 723 4116 ipse
738 4052 818 4116 pater
832 4048 972 4101 adsedem
1014 4047 1149 4102 Edinerus
1158 4047 1208 4100 lib.
1218 4061 1237 4106 1,
1247 4047 1324 4114 hist,
1337 4047 1384 4106 tol,
1397 4049 1411 4101 7
1424 4064 1451 4099 :r
1465 4047 1566 4116 Magno
1577 4060 1687 4115 semper
1696 4057 1812 4124 operam

173 4125 265 4180 usque
279 4111 403 4167 deduxit.
418 4131 431 4165 i
444 4113 498 4168 Sed
511 4131 574 4169 iero
590 4133 605 4169 e
623 4117 691 4170 vivis
706 4117 815 4171 sublato
831 4118 969 4184 Odalrico,
1015 4118 1109 4184 dabat,
1121 4124 1251 4188 etregem
1265 4119 1322 4172 Deo
1335 4118 1466 4171 devotum
1479 4117 1597 4178 citicere,
1609 4121 1638 4168 et
1647 4112 1813 4184 religionem

177 4201 189 4233 c
206 4182 406 4254 imperatorem
420 4191 522 4254 rogant
533 4186 606 4254 (insit
618 4187 693 4240 idem
704 4188 872 4259 Chronicon)
884 4195 918 4243 ut
928 4189 976 4243 det
1016 4205 1127 4244 morum
1140 4189 1278 4243 bonorum
1288 4189 1316 4242 in
1332 4187 1439 4242 cunctis
1449 4186 1593 4241 ordinibus
1603 4185 1748 4240 hominum
1761 4199 1814 4253 per

175 4253 378 4322 Halinardum3
395 4255 439 4309 cui
460 4271 515 4310 non
531 4258 669 4328 acquieu't
682 4258 870 4328 (ilalinardusy
887 4260 975 4314 donec
1016 4265 1106 4316 totum
1117 4277 1235 4330 regnum
1251 4275 1394 4313 renovare.
1411 4259 1469 4314 Nec
1479 4258 1604 4329 privatus
1617 4262 1660 4311 est
1674 4253 1813 4334 desiderio

175 4341 249 4449 papa
263 4326 385 4380 loannes
406 4328 547 4398 praecepit.
564 4330 597 4383 ln
610 4330 717 4384 honore
733 4329 818 4384 vitani
831 4331 911 4385 duxit
924 4348 975 4385 an-
1017 4347 1067 4386 suo
1084 4350 1089 4384 :
1107 4333 1227 4385 multum
1248 4331 1322 4384 enim
1338 4329 1413 4384 illius
1427 4329 1562 4384 instantia
1577 4333 1662 4399 atque
1685 4326 1813 4380 doctrina

174 4411 209 4466 80
223 4397 303 4462 Μ,
316 4415 330 4450 )>
343 4403 396 4452 eic-
1016 4419 1068 4474 per
1079 4407 1168 4456 totam
1180 4407 1284 4455 terrani
1299 4401 1377 4454 illam
1390 4401 1487 4470 religio
1500 4405 1583 4454 aucta
1598 4404 1672 4453 est.»
1686 4397 1749 4451 Non
1763 4395 1814 4449 abs

212 4465 256 4534 (θ’)
274 4467 444 4535 Conprepota
459 4473 496 4522 cst
512 4486 574 4538 erqo
588 4471 724 4538 Synodus.
742 4471 821 4526 Hanc
835 4472 974 4544 synodum
1017 4489 1048 4527 re
1062 4489 1128 4543 ergo
1149 4473 1207 4527 hoec
1221 4473 1255 4526 de
1268 4472 1315 4526 illo
1331 4472 1443 4542 prasert
1460 4471 1610 4525 Ordericus
1625 4467 1710 4522 Vital.
1726 4465 1812 4532 Hist,

175 4543 285 4608 ponunt
301 4538 337 4591 ad
356 4554 402 4591 an.
423 4539 501 4604 1070,
518 4541 641 4596 Florent.
659 4542 870 4612 Vigomiensis;
887 4546 924 4599 ad
946 4545 975 4599 id
1015 4543 1063 4601 lib,
1074 4559 1110 4608 iv,
1122 4560 1186 4615 pag.
1198 4543 1242 4600 aa.
1257 4538 1722 4597 ‹Annodominicaelncamationis
1734 4536 1811 4593 1070.

176 4607 255 4672 anni,
275 4607 401 4662 Orderic.
428 4609 503 4663 vitai
519 4611 578 4665 loco
602 4613 696 4678 citato,
712 4614 759 4668 fol.
785 4615 845 4670 516.
865 4616 904 4670 De
927 4615 976 4669 illa
1016 4616 1189 4670 Laufrancus
1204 4613 1421 4668 cadomensium
1441 4612 1552 4683 primus
1572 4610 1659 4666 abbas
1679 4607 1814 4664 divinitus

176 4677 239 4748 ipsa
260 4679 367 4749 synodo
394 4680 651 4737 Malmesburiensis
679 4683 907 4740 bibliothecarius
935 4688 976 4740 De
1016 4685 1119 4754 Anglis
1132 4685 1278 4739 institutor
1292 4684 1374 4737 datus
1388 4687 1469 4736 est.»

176 4749 281 4804 Pontis.
294 4750 406 4820 Angla,
425 4751 474 4804 lib.
496 4766 515 4817 i,
531 4753 635 4824 Roger.
651 4754 792 4818 Hoveden,
808 4757 856 4810 sol.
872 4755 933 4824 259,
946 4759 974 4824 9,
1054 4757 1095 4826 (³⁰)
1116 4757 1275 4810 Conobiuli's
1289 4755 1355 4808 ordo
1368 4755 1418 4822 qui
1431 4755 1544 4807 ornai'no
1559 4753 1596 4806 od
1612 4754 1738 4806 laicalem
1750 4765 1816 4819 pro-

176 4835 205 4872 n.
220 4819 264 4886 30,
276 4821 342 4875 edit.
360 4821 478 4876 Londin.
1015 4831 1106 4898 lapsus
1117 4829 1210 4895 [uerat
1220 4828 1499 4887 dissolutionemetc.
1515 4823 1578 4877 Non
1593 4825 1704 4876 tantum
1719 4821 1817 4875 inAn·

212 4890 253 4966 (³³)
275 4894 464 4961 reposuerunt
490 4894 668 4962 Stipandum,
699 4913 762 4950 cum
799 4899 973 4952 anathemate
1013 4898 1102 4970 glicis,
1120 4897 1294 4968 disciplinam
1310 4895 1496 4950 monasticam
1510 4893 1677 4948 instauravit
1693 4893 1814 4962 Magnus

175 4964 532 5031 reprobatam.1taautores
539 4966 627 5030 citati,
635 4968 683 5038 qui
694 4968 861 5038 stigandum
878 4969 974 5023 multis
1014 4970 1197 5029 Lanfrancus,
1207 4968 1257 5021 sed
1267 4965 1351 5020 etiam
1364 4965 1393 5020 in
1404 4965 1613 5020 Nortmannicis
1625 4962 1815 5027 monasteriis,

176 5033 341 5088 criminibus
351 5034 501 5090 obnoxium
510 5037 703 5108 depingentes.
715 5039 840 5094 rationes
854 5041 975 5094 afferunt
1016 5057 1079 5094 cum
1092 5039 1184 5092 adhuc
1199 5038 1280 5092 Bccci
1294 5037 1394 5108 prioris
1407 5035 1682 5107 iungereturofficio,
1693 5033 1815 5114 maxime

175 5103 251 5159 illius
278 5107 532 5174 exauctorationis3
557 5115 641 5180 atque
660 5111 735 5164 inter
762 5111 831 5165 alios
850 5112 973 5166 Florent.
1016 5111 1046 5165 in
1061 5109 1185 5165 Uticensi
1199 5125 1247 5162 seu
1264 5107 1293 5162 S.
1310 5107 1414 5162 Ebrulsi
1430 5107 1555 5161 coenobio
1570 5125 1577 5174 3
1593 5112 1666 5160 teste
1679 5105 1814 5160 Orderico

180 5176 292 5246 Vigorn.
308 5183 474 5244 coetaneus,
497 5177 546 5234 ubi
570 5197 602 5234 su
625 5197 655 5234 ra
672 5199 677 5234 :
701 5199 714 5234 c
735 5181 766 5236 ln
781 5183 908 5244 concilio,
924 5183 975 5250 ait,
1016 5177 1583 5250 Vitaliejusdemlocicoenobita,lib.1n.
1600 5171 1814 5236 dissuasit.

176 5245 331 5318 Stigandus
351 5249 530 5304 Dorobeiniae
554 5198 779 5324 arciiiepiscopus
805 5254 976 5323 degradatur
1019 5271 1031 5304 <i
1048 5249 1621 5328 Herluimusabbae,inquit,Lanlrancum
1634 5246 1815 5310 monachum,

174 5319 265 5373 tribus
279 5320 314 5373 de
329 5320 432 5380 causis,
450 5321 556 5374 scilicet
569 5323 635 5393 quia
656 5325 847 5394 episcopatum
864 5325 975 5377 lt'into-
1017 5341 1079 5378 cum
1098 5322 1188 5377 tribus
1212 5321 1355 5375 monachis
1379 5319 1491 5375 Uticum
1512 5320 1630 5382 direxit;
1656 5323 1686 5372 et
1698 5332 1750 5387 per
1766 5331 1815 5398 eos

175 5389 301 5472 niensem
317 5407 381 5445 cum
396 5391 635 5474 archiepiscopatu
650 5395 754 5464 injuste
769 5395 976 5465 possidebat,et
1016 5395 1160 5476 servitium
1183 5393 1244 5474 Dei,
1279 5392 1352 5462 quod
1386 5390 1538 5472 deciderat,
1562 5388 1631 5444 inibi
1658 5394 1816 5468 restaurari

175 5463 975 5607 alcanetheteffereatistaetitiaa·
1016 5457 1604 5607 thiathirae.tenalliis
1619 5459 1817 5584 tettae

174 5600 201 5652 vi
211 5601 247 5654 ab
260 5603 362 5672 Anglia
374 5605 479 5675 injuste
501 5606 599 5676 pulsus
622 5612 674 5672 est,
692 5606 722 5660 in
736 5607 886 5661 missarum
900 5607 974 5662 cele·
1015 5624 1092 5662 mero
1107 5607 1155 5661 ubi
1170 5621 1265 5677 supra,
1280 5619 1472 5676 excerpamus.
1490 5622 1502 5654 ι
1518 5601 1579 5667 Qua
1597 5599 1757 5726 prudentia,
1773 5599 1816 5652 ait

173 5669 473 5744 brationealiquandiu
483 5692 551 5730 usus
565 5682 624 5730 est:
637 5683 666 5730 et
673 5679 970 5750 posteaaBenedicto,
1013 5679 1071 5742 ille,
1088 5684 1116 5732 et
1140 5693 1194 5749 quo
1216 5676 1371 5748 paternitas
1392 5674 1483 5729 officio
1497 5689 1597 5728 monac
1617 5687 1649 5726 os
1670 5671 1699 5725 in
1716 5671 1815 5753 eadem

174 5757 258 5818 quem
288 5753 385 5798 sancta
406 5745 533 5802 Romana
559 5747 683 5804 Ecclesia
709 5750 969 5817 excommunicarit,
1014 5747 1136 5804 Ecclesia
1148 5746 1369 5820 (Cantuarieiisi)
1382 5745 1567 5800 consistentes
1582 5759 1600 5798 a
1613 5743 1740 5798 saeculari
1757 5745 1816 5796 vita
