3872 6162
235 245 305 308 rou
519 283 523 290 -
758 249 787 304 s.
808 247 1008 306 euraccum
1026 246 1180 330 mannis
1199 245 1368 306 armana.
1778 251 1833 314 aa

235 375 364 430 veniente
377 389 445 428 casu
467 371 532 426 huic
555 372 648 426 versui
671 371 802 438 defuerit,
828 373 901 430 alius
924 389 976 446 pro
1000 372 1106 434 eoASi
1119 373 1214 428 altiori
1226 373 1368 428 interdum
1376 389 1443 426 voce
1451 387 1536 444 quam
1545 373 1737 445 expeditlegit,
1746 383 1834 436 mutare

235 463 311 517 hunc
331 455 407 526 dicit,
434 465 462 514 et
488 475 539 530 pro
555 460 684 529 neglecta
709 460 900 518 benedictione
925 462 1036 516 veniam
1077 478 1140 516 eam
1155 467 1347 534 competenter
1361 461 1442 526 valet,
1457 461 1479 514 si
1495 460 1548 514 sibi
1564 461 1659 532 placet.
1674 463 1703 518 lu
1716 480 1782 520 cana
1793 468 1834 522 llo·

235 549 316 624 petit.
1077 551 1148 604 mini
1163 557 1191 604 et
1207 552 1236 604 in
1251 551 1404 604 Parasceve
1414 550 1615 610 linitalectione
1622 551 1730 606 solerter
1741 553 1837 610 intendit
1902 567 1903 602 1

272 645 283 664 '
302 641 375 695 Ante
396 638 556 709 generalem
572 639 752 694 refectionem
768 641 802 694 de
824 656 896 710 pane
910 636 1037 710 praelibat
1077 638 1463 705 domnumabbatem‚etviso
1475 640 1536 709 ejus
1547 639 1636 710 signo,
1646 640 1730 710 legere
1740 642 1835 698 desistit.

235 731 317 801 juxta
327 733 495 800 praeceptum
508 727 537 782 S.
549 727 702 782 Benedicti.
715 733 786 800 teap.
803 727 856 784 381.
875 728 959 782 Caret
969 741 1038 797 prae-
1078 729 1113 784 Et
1126 727 1149 784 si
1162 728 1192 782 in
1207 729 1262 782 fine
1276 745 1373 782 versus
1387 728 1506 796 alicuius
1526 727 1579 782 sibi
1596 727 1724 796 innuitur,
1738 732 1838 799 ejusden

237 825 316 872 terea
331 835 366 872 ne
379 823 445 871 ante
460 817 545 870 finem
566 816 657 870 missas
677 817 719 870 vel
743 817 879 872 orationis
894 815 1037 870 interdum
1078 834 1175 872 versus
1186 815 1371 890 aliquaverba
1381 816 1493 888 repetit,
1506 821 1577 870 uteo
1585 819 1838 886 competentiuslectio

237 904 354 961 missam
368 906 512 978 sequentis
527 905 574 959 illo
590 921 708 977 pergere
729 910 890 976 presumat,
905 922 967 959 cum
986 920 1038 958 nec
1079 907 1207 964 finiatur,
1227 905 1360 960 Lectione
1376 904 1467 970 linita,
1486 905 1601 960 veniens
1619 905 1653 960 ad
1673 907 1777 977 gradum
1790 909 1839 964 facit

236 993 302 1050 inde
312 995 444 1050 recedere
466 995 549 1049 debet
572 996 633 1050 sine
650 996 776 1065 coquinae
798 993 1035 1048 hebdomadariis.
1079 999 1284 1060 antcetretro,
1300 1000 1328 1048 et
1343 994 1435 1048 sinon
1459 1001 1503 1050 est
1524 995 1552 1048 in
1572 995 1703 1060 custodia,
1717 997 1805 1052 secedit
1817 999 1839 1054 iu

237 1085 360 1140 Prandio
383 1083 522 1147 inchoato,
538 1084 562 1138 si
583 1084 619 1138 ad
634 1084 756 1138 otfrcium
773 1083 898 1138 defuncti
912 1083 1038 1138 tabulam
1079 1083 1275 1138 dormitorium
1289 1083 1550 1154 veliuregularcm
1564 1083 1721 1155 coquinam
1738 1086 1839 1142 siauten
1902 1131 1903 1144 .

240 1170 359 1229 audierit
388 1173 507 1245 percuti,
532 1189 650 1244 surgens
676 1173 810 1227 continuo
834 1173 870 1226 ad
893 1171 1038 1226 ecclesiam
1080 1172 1161 1226 estin
1175 1173 1312 1238 custodia,
1329 1172 1365 1226 ad
1376 1172 1516 1241 justitiam
1529 1185 1613 1226 'suam
1624 1172 1703 1238 vadit,
1712 1174 1840 1230 etillicere·

236 1259 323 1327 vadit,
339 1259 388 1316 sed
403 1260 490 1316 finitis
503 1261 593 1316 tribus
609 1261 775 1316 lectionibus
788 1262 870 1326 redit,
884 1261 1038 1332 eodemque
1080 1267 1141 1316 ctus
1152 1267 1295 1332 exspectat
1308 1277 1455 1334 quousque
1473 1277 1570 1316 versus
1584 1261 1705 1318 finiatur.
1717 1263 1770 1327 Quo
1783 1264 1841 1318 linito

237 1351 321 1406 modo
336 1349 439 1404 caeteri.
455 1349 484 1404 Si
501 1367 564 1404 vero
577 1367 627 1421 pro
647 1350 758 1405 obituro
772 1351 860 1404 fratre
872 1350 1037 1421 percutitur,
1080 1355 1146 1404 ante
1160 1356 1189 1404 et
1203 1355 1278 1404 retro
1292 1365 1348 1404 non
1362 1349 1478 1414 faciens,
1496 1350 1607 1404 custodi
1621 1367 1671 1406 suo
1684 1353 1807 1422 sejungit,
1821 1357 1841 1406 et

237 1445 435 1495 concurrentes
450 1445 478 1493 et
501 1439 554 1510 ipsi
578 1455 757 1510 nequaquam
778 1438 987 1510 regrediuntur.
1004 1440 1037 1494 ln
1080 1443 1148 1494 tunc
1162 1439 1292 1494 similiter
1306 1438 1379 1492 sicut
1396 1438 1426 1492 in
1441 1439 1588 1493 refectorio
1603 1445 1668 1494 ante
1687 1445 1715 1494 et
1727 1445 1790 1494 retro
1800 1456 1843 1496 non

135 1561 139 1569 ·
236 1525 417 1583 refectorium
430 1527 545 1582 veniens
560 1535 588 1581 et
600 1533 679 1581 stans
694 1527 722 1581 in
736 1528 797 1581 loco
817 1544 879 1590 suo,
901 1544 956 1581 non
972 1527 1039 1582 facit
1079 1527 1194 1593 facisne,
1207 1528 1295 1582 ascito
1310 1528 1425 1582 custode
1442 1529 1579 1582 refectum
1598 1529 1683 1594 vadit,
1696 1533 1723 1582 et
1734 1535 1790 1582 tunc
1800 1529 1842 1599 pri·

237 1623 303 1672 ante
318 1622 346 1671 et
358 1625 434 1671 retro
448 1615 567 1688 aliisque
582 1617 729 1671 adversum
745 1616 957 1683 inclinantibus
978 1616 1038 1688 ipse
1080 1634 1156 1672 mum
1172 1615 1206 1672 ad
1219 1618 1311 1672 locum
1323 1633 1405 1671 suum
1419 1621 1486 1672 ante
1499 1622 1528 1672 et
1539 1623 1615 1670 retro
1625 1617 1697 1672 facit.
1706 1615 1745 1670 lbi
1757 1634 1842 1688 quoque

237 1709 294 1760 stat
306 1706 491 1770 erectus‚etsi
500 1707 533 1759 ad
543 1705 767 1760 benedictionem
777 1706 817 1760 sic
826 1705 921 1760 venire
934 1711 1098 1792 potestne
1119 1707 1234 1761 custode
1258 1723 1309 1760 suo
1330 1706 1544 1760 commendatur
1565 1707 1684 1760 fratrum
1709 1707 1789 1772 aliem,
1809 1707 1842 1776 qvi

237 1800 270 1850 ut
281 1800 357 1849 veste
369 1811 421 1849 sua
434 1795 555 1848 fratrum
569 1793 662 1866 capita
677 1812 731 1850 non
747 1801 855 1864 tangat,
874 1795 966 1848 locum
982 1811 1038 1848 non
1081 1801 1178 1852 tamen
1195 1804 1293 1866 postea
1306 1811 1369 1850 cum
1384 1795 1492 1866 psalmo
1515 1812 1570 1850 non
1590 1795 1673 1866 juxta
1686 1811 1745 1849 eum
1757 1795 1844 1862 incedit,

237 1888 331 1940 mutat
344 1903 350 1952 ;
364 1884 406 1938 sin
423 1890 529 1952 autem,
545 1900 608 1938 cum
625 1884 773 1938 inchoatur
794 1900 899 1947 versus,
915 1883 965 1937 tali
979 1883 1039 1937 loco
1081 1885 1130 1956 qui
1142 1885 1177 1939 ad
1188 1884 1294 1941 scillam
1310 1883 1435 1938 sedebat.
1446 1885 1597 1939 Sinccesse
1613 1883 1845 1940 hebetantecvman

240 1991 269 2029 se
284 1973 416 2046 applicat,
431 1973 505 2026 unde
520 1973 554 2026 ad
566 1973 685 2044 gradum
701 1971 806 2043 absque
820 1972 939 2026 fratrum
954 1972 1041 2043 impe-
1081 1990 1144 2038 qum
1160 1973 1273 2028 licentia
1284 1972 1362 2038 bibit,
1376 1973 1488 2046 quando
1498 1979 1652 2028 conventus
1661 1974 1774 2028 nondum
1782 1973 1846 2026 intra-

241 2059 367 2116 dimento
379 2059 474 2115 venire
488 2060 590 2116 valeat.
607 2062 672 2126 tuo.)
687 2061 721 2114 Et
732 2060 902 2130 quianullus
921 2060 1042 2116 fratrum
1084 2061 1133 2116 vit.
1150 2063 1182 2116 ln
1196 2062 1381 2129 hebdomada,
1391 2064 1414 2116 si
1428 2062 1538 2117 duobus
1547 2063 1648 2118 diebus
1657 2080 1705 2134 pro
1714 2063 1845 2116 necessitate

239 2149 394 2224 quidquam
409 2147 544 2222 gustabit,
557 2147 720 2220 priusquam
731 2148 814 2203 lectio
824 2149 935 2220 incepta
946 2150 1041 2216 tuerit,
1082 2151 1178 2221 eliqua
1191 2151 1278 2206 alium
1294 2151 1422 2214 fratrem.
1431 2157 1463 2206 ut
1473 2169 1523 2223 pro
1532 2169 1562 2208 se
1572 2153 1845 2224 legat,rugaverit,mn

239 2257 303 2295 cum
319 2238 441 2311 primum
453 2239 573 2292 domnus
589 2237 670 2304 abba,
680 2238 723 2292 vel
733 2238 812 2310 prior
826 2235 993 2302 consederit,
1002 2239 1040 2292 le-
1083 2241 1322 2311 reprehenditur:
1341 2241 1415 2312 quod
1435 2242 1458 2296 si
1481 2241 1639 2313 amplius...
1659 2249 1712 2309 (un.
1734 2241 1798 2310 aar.)
1810 2242 1847 2295 nisi

241 2332 303 2384 otor
317 2327 541 2383 benedictionem
566 2327 647 2398 petit,
660 2328 707 2381 sed
722 2327 750 2380 in
766 2329 850 2380 Caena
867 2333 895 2382 et
909 2328 938 2382 in
952 2328 1039 2382 Para-
1081 2345 1133 2400 pro
1142 2329 1316 2396 infirmitate,
1331 2335 1360 2387 et
1369 2329 1404 2385 ob
1414 2330 1467 2385 hoc
1476 2337 1575 2402 petens
1583 2332 1704 2399 veniam,
1716 2331 1743 2386 in
1754 2330 1847 2401 capitolo

241 2435 320 2473 sceve
331 2415 382 2473 sub
394 2415 507 2472 silentio
517 2423 545 2471 et
555 2416 693 2470 accelerat
705 2415 851 2470 lectionem
867 2415 1006 2476 adordiri.
1026 2419 1039 2443 *
1080 2420 1289 2475 monstraverit.

239 2503 294 2564 sed
309 2505 333 2561 si
347 2502 419 2561 liber
439 2505 589 2577 aliquando
611 2522 645 2558 ex
667 2505 839 2574 negligentia
859 2511 960 2576 praesto
983 2523 1039 2560 non
1088 2493 1089 2496 ¹
1137 2503 1140 2509 '
1366 2509 1483 2566 CAPUT
1497 2509 1595 2567 xcv1.

238 2590 399 2668 fuerit,ipse
415 2591 438 2650 si
451 2593 518 2666 quid
528 2601 596 2648 tunc
606 2593 698 2664 legere
711 2594 875 2648 memoriter
884 2611 1040 2666 congruum
1294 2598 1331 2652 Dr
1340 2600 1442 2652 lectore
1457 2601 1670 2653 ministrorum.

240 2685 353 2758 poterit,
370 2684 448 2755 legit.
469 2684 519 2739 llle
543 2700 617 2747 vero,
642 2699 674 2736 ex
698 2684 778 2754 cujus
801 2683 974 2754 negligentia
988 2685 1040 2739 hoc
1119 2690 1176 2749 tun.
1192 2683 1268 2756 avar.)
1281 2684 1398 2740 Librum
1415 2684 1444 2738 in
1464 2701 1519 2756 quo
1535 2686 1688 2756 legendum
1703 2691 1751 2752 est,
1763 2686 1789 2739 in
1799 2683 1850 2738 refe

238 2773 333 2829 evenit
346 2771 376 2828 in
391 2773 513 2828 crastino
529 2773 653 2844 capitulo
674 2789 725 2844 pro
748 2773 801 2826 hoc
823 2773 931 2826 veniam
956 2773 1035 2843 petit.
1082 2775 1202 2828 utorium
1217 2780 1314 2846 portat
1328 2779 1356 2828 et
1368 2779 1495 2846 reportat
1507 2773 1532 2828 is
1544 2775 1591 2846 qui
1602 2774 1850 2846 legitadservitores,

239 2859 268 2918 si
283 2849 429 2916 homiliam
443 2861 568 2916 lecturus
580 2866 632 2926 est,
649 2877 711 2932 quae
726 2852 895 2930 praecedenti
908 2865 989 2916 nocte
1002 2861 1038 2916 ad
1081 2864 1232 2934 adjuvante
1243 2880 1307 2918 eum
1323 2864 1394 2934 ipso,
1412 2863 1437 2918 si
1455 2880 1525 2936 opus
1549 2869 1603 2928 est,
1627 2881 1728 2920 mensu
1748 2865 1849 2918 lectore:

237 2951 489 3006 matutinumlecta
498 2957 551 3016 est,
563 2949 647 3004 verba
657 2955 767 3004 tantum
779 2950 962 3022 Evangelistae
969 2967 1039 3021 prae-
1080 2953 1129 3022 qui
1143 2957 1171 3008 et
1183 2969 1246 3008 mox
1257 2968 1321 3007 cum
1332 2969 1397 3008 eum
1411 2953 1583 3025 deposuerit,
1592 2954 1669 3024 quod
1678 2953 1812 3024 legendum
1819 2955 1852 3004 est

153 3077 159 3097 s
240 3039 418 3112 mittit,v,g.
430 3040 758 3107 Comaodr'eritispralv'o
769 3055 824 3093 non
835 3039 1001 3108 adjungens,
1014 3044 1038 3093 ct
1079 3041 1409 3098 invenit.*Huicetiam
1429 3059 1539 3112 eaquae
1560 3042 1851 3109 lecturusest,fvrmars
1902 3037 1903 3050 ¹

238 3133 360 3199 reliqna,
373 3146 424 3183 nec
432 3127 598 3200 expositoris
609 3128 732 3199 aliquam
740 3128 912 3182 mentionem
921 3128 1036 3182 faciens.
1050 3141 1052 3144 ·
1078 3130 1154 3196 licet,
1171 3126 1395 3204 quandocunque
1422 3133 1546 3204 exceptis
1568 3134 1720 3189 missarum
1733 3131 1817 3204 spatiis
1828 3130 1852 3184 li·
1902 3123 1903 3148 l

239 3220 269 3274 Si
285 3225 381 3274 autern
397 3218 453 3282 illa,
475 3234 537 3288 quae
555 3219 590 3272 ad
613 3216 782 3272 matutinum
806 3234 863 3271 non
885 3219 1036 3289 praecessit,
1081 3218 1162 3276 brum
1176 3229 1204 3276 et
1215 3221 1305 3276 otium
1319 3220 1415 3277 habet.
1423 3223 1466 3276 Ad
1482 3222 1636 3293 legendum
1649 3221 1853 3290 verqiudeeaiee

238 3314 307 3363 tunc
322 3307 407 3361 verba
428 3305 573 3377 Evangelii
590 3305 657 3360 item
672 3306 829 3378 praemittit,
846 3311 875 3360 et
889 3305 1037 3377 subiuncta
1079 3326 1134 3364 non
1148 3309 1281 3375 tardabit,
1298 3326 1361 3364 mox
1377 3315 1410 3364 ut
1424 3315 1487 3380 post
1510 3311 1693 3366 refectionem
1713 3315 1852 3364 conremun

239 3397 405 3472 expositoris
419 3399 532 3450 nonime
547 3395 693 3449 homiliam
707 3394 815 3466 incipit.
832 3395 1038 3459 Quotienscun·
1080 3416 1113 3454 ex
1127 3403 1188 3454 toto
1202 3399 1319 3453 chorum
1334 3413 1397 3452 cum
1413 3398 1521 3468 psalmo
1536 3399 1662 3454 intrasse
1669 3399 1823 3470 cognoverit,
1833 3403 1853 3449 et

240 3503 295 3557 que
307 3502 372 3540 vero
386 3481 532 3556 epistolam
548 3484 590 3537 vel
605 3483 774 3554 passionem,
792 3484 833 3538 vel
853 3484 938 3538 vitam
951 3485 1038 3540 alicu·
1079 3490 1103 3544 si
1118 3495 1161 3545 est
1173 3489 1202 3546 in
1216 3488 1346 3544 custodia
1360 3487 1458 3542 eodem
1474 3487 1582 3553 ordine,
1595 3505 1654 3559 quo
1667 3485 1852 3558 praedictum,de

236 3576 284 3645 jus
299 3572 388 3628 sancti
400 3572 454 3643 legi
468 3572 602 3637 evenerit,
619 3571 806 3644 praecedentia
820 3589 916 3627 eorum
929 3579 958 3627 et
971 3574 1040 3627 sub·
1080 3577 1197 3632 ecclesia
1211 3577 1284 3645 exit;
1305 3576 1345 3631 sic
1357 3593 1469 3648 quoque
1486 3583 1515 3630 et
1529 3577 1576 3630 ille
1590 3577 1678 3632 alicui
1692 3578 1721 3634 in
1734 3575 1853 3632 refectorio

241 3659 388 3732 sequentia
414 3676 559 3731 nunquam
588 3657 639 3714 sub
665 3660 776 3714 silentio
800 3661 935 3732 praeterit.
959 3661 1039 3725 Quod
1080 3665 1293 3721 committatur:
1309 3671 1340 3720 ut
1362 3665 1384 3720 si
1405 3665 1432 3718 in
1453 3665 1581 3720 custodia
1600 3683 1660 3722 non
1682 3673 1724 3721 est
1744 3667 1775 3720 de
1788 3665 1852 3718 choro

241 3747 325 3806 etiam
343 3749 371 3804 in
388 3749 508 3804 exordiis
523 3755 551 3803 ct
563 3750 619 3803 fine
633 3750 847 3820 Prophetarum,
864 3757 1040 3805 caeterorum·
1080 3755 1184 3818 exiens,
1194 3755 1277 3808 faciet
1285 3762 1352 3808 ante
1363 3759 1392 3808 et
1406 3760 1492 3821 retro,
1505 3760 1534 3808 et
1543 3755 1626 3810 linita
1636 3757 1781 3812 refectione
1789 3753 1852 3808 nimi-

239 3856 293 3912 que
319 3839 455 3893 librorum
480 3837 637 3892 faciendum
662 3855 723 3892 esse
750 3847 858 3894 certum
881 3845 992 3907 tenent3
1008 3841 1037 3918 iu
1079 3851 1203 3899 atrorum
1216 3845 1347 3916 factaque
1362 3849 1496 3899 consueta
1513 3844 1699 3901 inclinatione
1713 3844 1853 3915 adgradun

237 3927 414 3984 sermonibus
429 3933 523 3982 autem
538 3927 726 3998 precedentis
745 3944 841 3982 eorum
864 3935 989 3988 tantum.
1009 3929 1038 3987 Si
1079 3939 1173 4005 potest
1183 3934 1212 3988 in
1224 3934 1323 3988 codem
1333 3933 1393 3986 loco
1402 3932 1545 3987 licentiam
1554 3931 1671 3988 bibendi
1682 3927 1854 4004 accipere3sed

236 4017 322 4072 vitam
338 4016 380 4071 vel
394 4017 553 4087 passionem
569 4015 687 4087 alicujus
698 4017 786 4071 sancti
801 4017 949 4088 inceperit,
965 4023 992 4072 et
1012 4018 1037 4072 si
1079 4023 1182 4078 iterum
1195 4022 1297 4078 ibidem
1313 4021 1477 4094 priusquam
1491 4021 1570 4076 bibat
1581 4028 1650 4078 ante
1667 4030 1695 4078 et
1709 4031 1777 4076 retro
1789 4019 1854 4074 debet

237 4111 302 4161 ante
317 4105 376 4176 ejus
391 4107 476 4160 finem
491 4105 894 4161 Dominicavelaliudfestum
909 4123 1039 4161 occurre·
1079 4113 1178 4168 faeere.
1195 4111 1218 4168 si
1234 4128 1308 4166 nona
1336 4111 1474 4182 seqnitur,
1500 4111 1566 4182 quia
1591 4117 1662 4166 tunc
1687 4127 1749 4167 cum
1769 4109 1854 4164 eisden

236 4195 284 4261 rit,
300 4213 363 4267 quae
377 4199 444 4250 sunt
459 4193 656 4266 competentia,
683 4193 760 4264 legit.
785 4194 892 4259 Quibus
905 4195 1034 4267 peractis,
1077 4199 1215 4255 ministris
1228 4215 1291 4254 eam
1304 4204 1347 4254 est
1356 4203 1530 4262 cantaturus,
1542 4199 1577 4253 ad
1588 4200 1736 4254 ecclesiam
1753 4197 1854 4269 regredi·

238 4283 313 4358 quod
328 4284 363 4339 de
378 4283 435 4338 vita
449 4282 494 4338 vel
504 4283 633 4355 passione
644 4283 788 4338 residuum
799 4283 901 4347 fuerat,
918 4291 1036 4355 repetet.
1078 4296 1136 4344 uir.
1152 4289 1381 4360 Quandocunque
1396 4293 1489 4342 autern
1505 4287 1533 4341 id
1547 4304 1635 4359 agere
1649 4305 1705 4344 non
1719 4288 1854 4348 habetne·

241 4369 321 4439 Quod
336 4371 361 4427 Sl
375 4377 486 4444 tempus
505 4371 631 4442 legenda
645 4371 762 4442 alicujus
775 4371 901 4426 historiae
915 4374 959 4427 vel
972 4390 1037 4444 pro·
1046 4365 1071 4423 D
1080 4392 1221 4450 quaquam
1239 4370 1634 4446 illosexspectaresolet.Sive
1644 4376 1855 4431 autemiucusto·

235 4459 348 4533 phetiae,
366 4478 427 4534 quae
445 4459 627 4532 subsequenti
641 4465 769 4532 tempore
785 4476 908 4531 congrue
921 4461 977 4530 logi
994 4479 1037 4516 va·
1077 4466 1126 4523 dia
1134 4465 1181 4532 sit,
1189 4465 1246 4520 sire
1257 4467 1322 4532 nou,
1334 4465 1370 4519 de
1382 4465 1513 4534 analogio
1524 4465 1660 4520 recedens
1670 4465 1770 4520 librum
1778 4474 1855 4516 secum

235 4549 302 4616 leat,
319 4547 432 4604 interim
457 4548 659 4621 supervenerit,
680 4550 1036 4622 propterhanciuceptum
1076 4561 1269 4628 portat,quem
1283 4559 1312 4609 et
1339 4569 1424 4625 super
1451 4569 1577 4608 mensam
1598 4554 1636 4608 ad
1662 4554 1764 4608 lineam
1783 4549 1856 4623 ponit

236 4655 294 4694 non
307 4637 421 4692 omittit.
1077 4644 1165 4700 donec
1178 4649 1244 4698 ants
1258 4649 1287 4698 et
1300 4648 1376 4698 retro
1391 4641 1489 4699 faeiat.

272 4727 412 4782 Inchoans
427 4725 587 4792 lectionem,
606 4727 630 4782 si
644 4725 783 4782 submissu
796 4744 861 4782 voce
875 4728 984 4800 legerit,
999 4729 1035 4784 ab
1349 4727 1465 4786 CAPUT
1484 4729 1597 4786 XCVII.

237 4811 359 4872 armario
375 4811 541 4870 adveniente
555 4811 667 4886 signum
678 4817 762 4872 altius
771 4817 883 4888 legendi
894 4818 1035 4890 accipit3si
1257 4825 1293 4877 Ile
1319 4821 1540 4876 hebdomadariis
1562 4823 1696 4889 coquina.

237 4911 378 4978 corrupte,
396 4901 475 4976 prior
489 4903 524 4971 ei,
540 4911 572 4962 ut
586 4905 720 4976 corrigat,
734 4907 777 4960 vel
790 4906 870 4976 signo
882 4907 984 4979 aliquo,
992 4908 1035 4963 vel
1112 4907 1350 4965 *Hebdomadarii
1362 4908 1487 4982 coquinea
1501 4907 1593 4962 solent
1606 4923 1669 4962 esse
1684 4905 1778 4980 quanti
1791 4905 1856 4962 suti-

236 4996 329 5078 ipsum
363 4993 478 5050 verbum
510 4995 685 5050 emendando
714 4995 872 5051 innotescit¹
898 4996 1035 5052 Observat
1075 4995 1175 5051 ciunt:
1193 5013 1315 5070 quorum
1330 4997 1378 5068 qui
1394 4996 1473 5068 prior
1493 4999 1536 5049 est
1556 4995 1614 5050 sive
1638 4989 1854 5053 obedientiarius,

236 5102 348 5158 quoque
362 5077 437 5139 idem
451 5083 540 5139 lector
551 5090 593 5148 ut,
609 5084 722 5155 quando
737 5083 816 5139 scilla
830 5091 873 5140 est
885 5085 1034 5157 pulsanda,
1075 5085 1133 5140 sive
1148 5087 1230 5148 alius,
1247 5086 1362 5145 omnino
1382 5101 1438 5140 non
1459 5084 1624 5156 prohibetur
1643 5083 1764 5140 breviter
1778 5080 1856 5136 verbis

236 5171 469 5250 impedimentum
477 5174 818 5248 protrahendolectionem
826 5175 1034 5246 pulsaturonon
1075 5179 1140 5229 ante
1155 5176 1300 5232 cellarium
1313 5174 1368 5245 ipsi
1377 5173 1522 5228 cellerario
1532 5159 1668 5240 indicare,
1683 5174 1707 5228 si
1715 5171 1812 5244 aliquid
1821 5175 1857 5222 est

234 5261 339 5334 faciat;
354 5263 403 5319 sed
418 5269 567 5336 postquam
580 5264 660 5318 illum
677 5280 779 5318 mensae
794 5279 859 5318 eum
872 5263 1035 5338 ferculoap
1073 5265 1153 5320 valde
1167 5265 1368 5330 necessarium,
1378 5263 1450 5337 quod
1463 5279 1512 5334 per
1521 5263 1601 5336 signa
1614 5279 1673 5318 nou
1683 5257 1855 5336 potestexpli·

234 5355 471 5428 propinquantem
496 5353 669 5420 viderit-aut
682 5353 811 5420 tacendo,
827 5353 851 5408 si
866 5359 930 5424 apte
950 5355 1032 5422 valet,
1074 5371 1148 5410 care.
1165 5357 1224 5411 Hoc
1238 5355 1368 5410 similiter
1386 5352 1541 5408 infirmario
1557 5357 1584 5406 et
1597 5352 1777 5408 refectorario
1790 5349 1853 5402 licet.

236 5443 280 5500 vel
292 5441 411 5500 celerius
429 5443 510 5500 solito
523 5443 608 5514 legat.
625 5441 775 5514 Respirare
796 5443 883 5498 etiam
899 5443 1033 5516 frequen·
1076 5447 1133 5515 (uo.
1148 5443 1224 5516 oor.)
1239 5443 1319 5510 Quod
1326 5443 1419 5515 primo
1429 5439 1537 5498 boant
1545 5441 1666 5496 oentab's
1681 5441 1712 5497 in
1723 5435 1854 5495 duodecim

235 5528 303 5598 tius,
318 5529 343 5588 si
357 5547 472 5592 necmse
485 5529 581 5602 habet,
600 5535 713 5606 potest3
728 5531 909 5593 mediocriter
924 5537 1031 5590 tamen.
1072 5532 1238 5590 lectionibus
1253 5530 1377 5604 vesperis
1396 5531 1432 5586 de
1451 5529 1582 5588 omnibus
1594 5530 1701 5588 sanem
1723 5523 1854 5602 usquead
