3896 6170
271 243 341 309 tltt
801 243 976 304 stilbonta
995 242 1148 302 anmals
1165 241 1367 306 PARPENSiS
1786 257 1840 316 litii

304 372 441 432 Sacerdos
464 375 494 428 ct
514 370 692 439 secretarius,
718 370 767 443 qni
790 371 926 444 perticam
949 369 1195 442 portareAirater
1208 375 1337 428 statuum
1351 377 1465 445 aquaet
1478 372 1841 446 mantilaabluatmanussuas,

268 461 409 520 debetillo
423 459 478 528 die,
494 460 559 516 dein
569 460 704 527 infantes,
717 464 746 516 et
755 460 933 532 postmodum
945 460 1065 516 domnus
1107 463 1136 514 ct
1151 461 1329 532 regrediatur
1343 462 1370 517 in
1386 479 1469 518 suum
1485 463 1586 518 locum.
1602 463 1689 520 (lateri
1699 464 1842 521 similitcrla·

268 550 364 614 abbas,
381 549 464 606 etalii
475 548 548 606 sicut
557 555 632 605 sunt.
643 549 764 614 Priores,
781 555 810 605 et
819 548 945 605 conversi
956 564 1003 604 eos
1012 548 1066 602 im·
1107 547 1200 603 ciant:
1218 548 1284 605 dum
1300 567 1398 605 omnes
1413 550 1501 606 abluti
1516 551 1628 616 inerint,
1641 551 1754 623 incipiant
1765 553 1843 608 donare

268 641 413 696 mittentes
420 640 450 695 in
459 639 617 695 novissimis
627 639 705 706 locis,
719 638 774 694 duo
786 638 887 694 etduo.
903 637 957 693 Ubi
972 653 1066 709 perre—
1106 650 1208 708 aquam
1223 637 1336 695 illorum
1350 639 1491 705 manibus,
1498 645 1609 695 tenente
1616 640 1691 694 tratre
1701 647 1781 696 mutuo
1789 657 1846 696 man·

268 729 396 798 nientes3
412 729 488 785 dicat
497 729 636 796 sacerdos,
648 730 936 794 Dominnroobiscnm,
947 734 976 782 ct
985 728 1066 781 bene-
1106 725 1155 780 tile
1173 725 1209 780 ad
1229 727 1300 793 illos,
1317 728 1399 783 etsie
1413 743 1524 800 semper
1547 729 1722 802 unusquisque
1735 727 1844 802 [suppia-

268 819 345 876 dicat
353 820 566 884 iocumnorum,
578 823 607 874 et
616 824 684 873 tunc
693 823 825 889 aspergat
834 833 908 888 aqua
920 815 1067 871 benedictn
1107 813 1173 884 ciet]
1186 832 1191 868 :
1204 815 1257 870 hoc
1263 823 1296 871 ut
1305 816 1410 872 iactum
1420 817 1561 886 habuerit,
1567 819 1598 873 in
1605 818 1687 873 locum
1696 834 1764 873 suum
1769 817 1846 872 iterum

267 909 298 966 in
326 925 370 978 eo,
395 915 481 981 atque
506 908 641 964 accendat
655 907 800 962 candelam
824 906 947 980 pertica,
962 922 997 960 ex
1010 904 1066 959 alia
1106 902 1209 958 veniet.

268 1014 353 1073 qnam
361 997 454 1054 inians
464 1003 576 1073 portare
582 997 611 1052 in
620 998 751 1052 lanterna
759 994 850 1050 debet.
862 995 940 1050 Tunc
951 993 1066 1048 veniant
1142 992 1219 1048 lllico
1230 1000 1263 1049 ut
1277 999 1378 1052 cuncta
1391 996 1466 1052 iacta
1476 997 1674 1066 inerint,sonet
1682 994 1847 1068 priortsbuhu

267 1087 394 1144 canendo
406 1092 464 1143 tres
479 1087 611 1159 psalmos.
620 1087 698 1149 Deos,
708 1087 860 1140 innomine
871 1089 927 1138 too.
938 1085 1065 1137 Miserere
1106 1096 1163 1136 uno
1176 1081 1234 1137 ictu
1248 1089 1368 1142 tautum.
1381 1087 1460 1142 Tunc
1473 1085 1596 1142 habeant
1605 1085 1701 1144 cellarii
1713 1085 1790 1140 nuum
1798 1100 1848 1152 pre·

268 1180 333 1242 mei,
341 1179 421 1240 ΒΜ,
430 1178 627 1232 misereremei.
637 1173 972 1230 Deusmisereotnrnobir.
984 1172 1062 1234 Dens,
1105 1176 1246 1240 paratum,
1259 1180 1289 1228 et
1297 1175 1446 1230 camerarii
1459 1191 1533 1230 unus
1544 1175 1615 1238 binc,
1626 1175 1692 1230 alius
1703 1173 1767 1240 inde,
1779 1172 1848 1227 iratri-

268 1269 301 1321 in
314 1264 590 1338 adiutorinmimenm
602 1265 712 1319 intende
726 1281 734 1316 :
749 1260 921 1318 intrantibus
935 1261 1064 1331 exjanua
1105 1256 1159 1314 bus
1172 1262 1325 1333 propinant
1338 1263 1444 1319 ninum.
1469 1265 1507 1320 Et
1522 1264 1649 1320 denarios
1661 1267 1804 1336 praeparatos
1813 1261 1850 1313 ha·

268 1355 385 1425 majoris
404 1353 511 1426 templi.
529 1351 692 1408 Psalmodia
706 1367 772 1407 vero
790 1350 976 1422 protendatur
999 1364 1066 1420 quo-
1105 1345 1200 1416 beant,
1225 1357 1257 1406 ut
1285 1351 1351 1406 dum
1374 1354 1475 1408 iratres
1489 1353 1628 1425 accipiunt
1643 1352 1761 1424 scyphum
1774 1349 1851 1404 donent

267 1441 517 1514 usqueveniantin
529 1443 655 1497 chorum.
672 1441 722 1496 llis
736 1439 827 1496 tribus
840 1439 986 1511 aqualiter
999 1454 1066 1509 pro·
1105 1438 1285 1510 pauperibus.
1295 1440 1402 1506 Quibus
1411 1443 1543 1499 dontibus
1558 1443 1796 1508 vasculum,manus
1806 1437 1852 1490 illo·

267 1527 1063 1594 cessiocelebraturdishnaTuncvertunturiormulaet10),
1105 1543 1168 1582 rum
1185 1529 1355 1598 osculentur,
1366 1536 1451 1602 atque
1461 1532 1565 1587 iterum
1576 1547 1698 1586 nummos
1707 1529 1766 1584 duos
1774 1527 1852 1580 veltres

267 1618 399 1675 similiter
414 1624 442 1674 ct
456 1618 550 1674 omnia
564 1619 646 1690 signa
655 1619 811 1690 pulsentur.
829 1618 931 1673 Postea
946 1630 1011 1670 vero
1022 1613 1065 1668 vel
1105 1616 1233 1673 tribuant
1244 1636 1307 1674 cum
1322 1621 1505 1676 osculatione.
1519 1621 1599 1686 Quod
1613 1617 1756 1676 cumiuerit
1766 1616 1853 1678 iactum,

266 1705 420 1764 inccclesia
429 1709 471 1764 vel
479 1708 510 1762 in
519 1707 642 1764 claustro
651 1707 759 1763 nullum
771 1711 853 1762 sonet
862 1709 1062 1762 aramentum:
1073 1685 1180 1761 Bdicat
1192 1706 1279 1762 abbas
1288 1708 1312 1764 si
1322 1727 1446 1781 praesens
1455 1709 1550 1778 suerit,
1561 1711 1669 1766 Ostende
1679 1707 1853 1774 nuliatenus

266 1797 318 1853 sed
331 1803 360 1853 et
371 1796 507 1868 quidquid
521 1796 613 1853 iacere
626 1796 730 1852 debent
743 1796 854 1862 fratres,
870 1794 973 1850 tabulae
987 1792 1064 1847 soni·
1104 1798 1325 1852 misericordiam
1337 1804 1424 1854 tuorrt.
1440 1802 1462 1856 K
1464 1803 1524 1870 yrie
1541 1802 1648 1861 eleison,
1666 1798 1760 1854 Christo
1773 1799 1855 1858 cleison,

265 1890 298 1942 tn
311 1886 578 1959 nuntientusquead
589 1885 702 1940 missam
712 1882 1063 1940 insabbatosancto.l)ein·
1104 1885 1188 1952 Kyrie
1201 1888 1311 1942 eleison.
1323 1890 1405 1943 Pater
1419 1894 1521 1956 noster,
1537 1894 1567 1944 et
1577 1890 1611 1944 lit
1626 1905 1657 1942 ne
1667 1904 1722 1944 nos.
1739 1886 1795 1940 Post
1806 1885 1857 1938 hanc

266 1975 302 2031 de
316 1975 510 2031 missatestire
526 1974 692 2030 celebretur.
704 1974 810 2029 Cantor
823 1973 852 2028 in
864 1974 948 2028 choro
963 1955 1063 2043 cappa,
1104 1973 1857 2049 orationemdicuntaperte,Suscepimns,lienamisnieor·

265 2063 401 2120 diaconus
412 2063 573 2131 dalmatica,
586 2063 773 2118 subdiaconus
783 2062 878 2118 tunica
888 2062 925 2117 sit
934 2061 1060 2116 vestitus.
1103 2063 1181 2117 dium
1190 2068 1279 2119 tuom.
1297 2067 1337 2119 ro
1349 2068 1491 2122 mandasti
1504 2069 1640 2122 mundato
1655 2072 1710 2129 tun,
1720 2067 1821 2120 Domine
1831 2063 1858 2116 tn

265 2153 307 2211 nd
319 2152 467 2212 introitum
482 2152 574 2228 missae
587 2151 692 2218 dicant,
713 2152 808 2208 Gloria
823 2154 911 2206 Petri.
926 2150 1062 2222 Epistola,
1105 2152 1497 2223 locostipedesdisciputorurn
1508 2161 1631 2211 tuorum.
1643 2151 1857 2213 Etoratioddnto,

266 2241 503 2307 Convenientitns,
524 2239 580 2297 duo
605 2239 706 2294 iratres
725 2239 932 2311 responsorium
949 2242 1060 2304 canant,
1103 2240 1227 2303 Domine,
1250 2247 1350 2298 nostre
1367 2248 1518 2302 servitutis.
1536 2245 1673 2300 Psalmus.
1688 2245 1799 2298 ldiserere
1814 2242 1859 2299 orei,

265 2332 392 2389 ceratos
405 2332 496 2401 sortus
511 2334 558 2384 est.
587 2328 778 2400 Evangelium,
795 2331 864 2384 Ante
878 2329 951 2382 diem
961 2329 1062 2395 sestam
1103 2327 1183 2389 Dens,
1196 2327 1308 2385 dicatur·
1318 2329 1370 2385 sub
1380 2329 1502 2398 silentio,
1512 2331 1610 2404 sicque
1619 2329 1770 2387 sonantibus
1782 2325 1861 2382 tabulis

263 2420 382 2476 Paeona.
405 2418 596 2485 Olicrtorium,
622 2419 737 2473 Postero
751 2419 873 2473 Domini.
901 2417 937 2472 Et
950 2421 1060 2471 tantum
1104 2415 1862 2492 cantincborumadvesperas;cumqueiuerintsinguliin

263 2509 414 2564 mittentur
428 2506 586 2563 hostiarum
600 2507 637 2562 ad
653 2506 883 2573 consecrandum,
903 2511 936 2561 ut
958 2511 988 2560 et
1001 2505 1064 2576 ipsa
1104 2502 1171 2558 locis
1182 2505 1250 2574 suis,
1258 2524 1330 2579 puer
1339 2508 1457 2581 incipiat
1466 2510 1662 2582 antiphonam,
1672 2509 1863 2565 Octioemsoluto-

263 2597 319 2667 die,
335 2612 456 2654 necnon
470 2601 499 2652 et
513 2596 543 2652 in
558 2595 711 2651 crastinum
731 2594 862 2650 omnibus
884 2593 1006 2649 sufficiat
1027 2592 1064 2648 ad
1104 2593 1315 2665 rcmPsalmus,
1323 2596 1443 2651 Credidi.
1456 2597 1630 2669 Antiphone,
1638 2613 1699 2652 enin
1706 2597 1745 2651 his
1753 2591 1864 2664 qoiPml·

263 2685 539 2743 communicandum.
555 2684 597 2740 Ad
613 2699 710 2756 paoem
735 2683 820 2738 etiarn
837 2698 934 2738 omnes
956 2681 1061 2747 venire,
1104 2685 1453 2748 mus,ddDominumdorn
1465 2683 1864 2756 tribnmrer.hntiphona,dnsto

263 2774 547 2847 communionemque
559 2771 653 2828 cuncti
667 2770 770 2827 debent
783 2771 867 2826 etiam
882 2770 1004 2825 inientes
1019 2785 1062 2824 ac·
1102 2770 1133 2823 di
1140 2787 1191 2824 me.
1200 2770 1867 2847 Psalmusnomme,emineathndplomnonm·

262 2863 365 2937 cipere.
375 2861 682 2934 Postmissampulsata
689 2857 1060 2926 tabula.llatbrevisoratio,
1104 2859 1212 2914 roiam.
1224 2861 1363 2929 Psalmus,
1387 2865 1446 2918 Voce
1462 2881 1531 2918 mee.
1548 2863 1688 2920 Euntibus
1701 2857 1866 2919 senioribusad

261 2952 335 3010 sicut
347 2951 411 3008 aliis
425 2951 524 3007 diebm
534 2955 600 3006 ante
613 2965 758 3022 vesperam
773 2948 889 3004 solitum
903 2953 960 3005 est.
1071 2945 1294 3019 crciectorium,
1311 2951 1456 3006 secretarii
1470 2951 1788 3026 discooperiantultaria.
1799 2947 1867 3002 lnrc·

296 3043 484 3114 Posteaquam
499 3039 575 3095 exuti
586 3038 691 3095 suerint
709 3037 748 3094 illi
763 3037 811 3111 qui
825 3042 923 3093 sancta
937 3019 1061 3092 afdrnini-
1102 3036 1218 3092 tectorio
1230 3038 1287 3093 sint
1294 3037 1397 3096 tabulae
1411 3047 1558 3114 cooperta,
1568 3049 1600 3098 et
1608 3043 1767 3098 charitatem
1778 3039 1866 3093 iaciant.

261 3135 397 3202 strarant,
408 3129 493 3185 simul
507 3144 604 3184 omues
619 3127 648 3183 in
665 3125 931 3182 refectoriorenient
941 3125 1060 3180 mixtum
1100 3123 1166 3197 Ipsa
1179 3125 1224 3182 die
1239 3143 1296 3181 non
1308 3128 1392 3184 debet
1403 3130 1644 3204 eleemosynarius
1653 3146 1749 3203 penem
1761 3133 1786 3184 et
1796 3127 1866 3182 tinum

261 3219 397 3292 accipere.
426 3219 663 3274 Decanusautem
689 3213 878 3282 claustrensis,
894 3220 924 3270 et
937 3215 1059 3270 decanus
1100 3214 1237 3286 accipere,
1253 3231 1344 3288 neque
1359 3217 1481 3275 Sabbato
1496 3227 1594 3276 sancto
1608 3221 1681 3294 quod
1696 3214 1869 3276 remanseritin

261 3306 374 3380 dignior
386 3305 515 3373 sorensis,
527 3322 591 3362 cum
606 3303 760 3360 camerario
772 3303 871 3374 (etiam
883 3303 919 3358 de
933 3303 996 3359 aliis
1005 3303 1061 3358 ira-
1101 3302 1258 3359 refectorio.
1276 3305 1347 3360 cum
1362 3307 1481 3364 exierint
1489 3310 1593 3366 iratres
1604 3309 1751 3366 versiculos
1761 3313 1786 3362 et
1796 3301 1870 3360 omnia

261 3396 363 3464 tribus,
375 3395 477 3468 quibus
487 3395 582 3460 velint,
596 3392 769 3466 assumptis),
780 3392 894 3448 interim
904 3391 1060 3448 dominre·
1102 3391 1196 3448 dicant
1209 3393 1260 3449 sub
1275 3394 1387 3451 silentio
1404 3415 1411 3464 ;
1431 3397 1533 3454 deinde
1556 3400 1654 3456 lavent
1675 3399 1755 3472 pedes
1774 3411 1836 3460 suos,
1851 3395 1871 3446 el

261 3484 376 3542 tectorio
391 3489 459 3540 sunt
471 3484 582 3548 iratres,
599 3482 629 3537 in
643 3483 736 3537 locum
747 3498 803 3554 quo
813 3481 997 3537 constitutum
1005 3487 1057 3551 est,
1102 3489 1296 3553 preparentur
1314 3485 1350 3540 ad
1365 3486 1531 3543 mandatum
1546 3489 1679 3545 iratrunr.

261 3572 392 3628 videlicet
401 3572 431 3627 in
446 3572 568 3627 claustro
580 3571 661 3643 juata
675 3569 820 3626 ecclesiam
834 3571 975 3626 deducant
989 3587 1059 3642 pau·
1138 3572 1263 3628 Primum
1283 3581 1379 3632 autern
1394 3593 1459 3632 cum
1474 3579 1510 3634 ad
1529 3581 1698 3637 mandatum
1711 3573 1871 3636 convenerint

261 3677 345 3736 peres
358 3662 394 3717 ad
408 3660 572 3716 sedendum.
1102 3661 1325 3728 hebdomadarii,
1337 3665 1385 3738 qui
1399 3667 1502 3723 exituri
1517 3675 1583 3724 sunt
1594 3671 1630 3726 de
1643 3669 1760 3742 coquina
1770 3660 1871 3736 sequenti

299 3749 471 3832 &euntibus
499 3749 534 3804 de
549 3747 697 3804 refectorio
720 3746 855 3804 iratribus
876 3753 957 3804 sonet
983 3747 1061 3820 prior
1102 3749 1257 3820 Dominica,
1271 3753 1357 3824 pedes
1370 3755 1501 3812 omnibus
1521 3758 1628 3814 levent.
1658 3761 1757 3814 Postea
1779 3755 1873 3810 domnus

262 3835 409 3907 tabulam;
429 3839 597 3895 convenient
619 3854 716 3894 omnes
739 3839 768 3893 in
796 3839 960 3900 claustrum.
981 3838 1061 3908 juxta
1103 3839 1200 3910 abbas,
1221 3842 1244 3897 si
1263 3860 1385 3914 praesens
1412 3846 1506 3913 luerit,
1536 3865 1569 3903 er
1595 3865 1655 3904 una
1673 3853 1760 3920 parte,
1774 3844 1838 3916 prior
1849 3854 1873 3892 ex

263 3928 489 4002 promptuarium
499 3927 703 3996 stent,ibisicut
711 3927 1057 4001 suntprioresordinatim,
1102 3931 1193 3985 altera
1207 3931 1301 3987 lavent
1314 3933 1408 4004 pedes,
1430 3940 1544 4007 tergant
1571 3947 1600 3992 et
1620 3937 1789 3993 osculentur.
1813 3925 1874 3995 0⁰⁰4

263 4023 298 4073 ut
307 4015 393 4073 moris
407 4021 460 4084 est,
476 4017 509 4072 ad
523 4015 728 4090 processionem
740 4021 827 4074 stare.
842 4018 926 4074 Pueri
945 4021 1012 4074 eant
1029 4015 1061 4071 in
1102 4033 1167 4073 curn
1181 4019 1266 4074 luerit
1275 4021 1426 4093 expletum,
1437 4024 1531 4079 veniat
1540 4025 1666 4082 domnus
1676 4025 1760 4082 abbas
1771 4023 1874 4078 inlocum

265 4105 370 4174 schola,
385 4104 520 4178 magistro
529 4104 604 4160 inter
613 4121 659 4160 eos
669 4109 762 4161 stante
767 4106 849 4177 juxta
858 4106 970 4162 ordines
983 4123 1058 4169 suos,
1104 4123 1197 4174 suum,
1213 4113 1243 4163 et
1254 4108 1310 4162 duo
1325 4109 1427 4166 iratres
1441 4112 1535 4168 lavent
1549 4113 1605 4185 ipsi
1629 4116 1726 4187 pedes.
1750 4110 1877 4170 Senitoms

264 4193 295 4250 in
307 4200 373 4252 ante
387 4210 534 4268 pauperes.
546 4193 716 4266 Incipientcs
725 4199 853 4250 cantores
866 4195 1060 4267 antiphonam,
1104 4204 1200 4255 autem
1215 4200 1290 4258 toras
1301 4204 1456 4276 capitulum
1479 4207 1586 4266 lavent.
1612 4209 1686 4264 Cum
1714 4222 1776 4262 vero
1800 4211 1878 4256 manus

265 4287 402 4342 dominns
420 4286 505 4348 imos,
523 4284 638 4340 ilectant
651 4300 749 4339 omnes
762 4300 855 4356 genua
873 4301 925 4341 sua
937 4284 967 4339 in
986 4285 1209 4372 terraDablutae
1220 4289 1335 4356 luerint,
1350 4277 1587 4352 veniat‘diaconus
1598 4303 1629 4353 et
1638 4302 1697 4352 tres
1716 4287 1882 4352 seminasset

266 4373 304 4430 ad
317 4373 465 4441 orientem,
476 4377 509 4429 ut
518 4371 548 4428 in
562 4372 602 4428 eis
610 4373 738 4428 Christus
747 4373 891 4428 adoretur.
902 4373 1064 4446 Eademque
1105 4377 1261 4436 vestiantur
1285 4381 1314 4435 in
1333 4383 1449 4438 ecclesia
1465 4397 1471 4433 :
1487 4384 1625 4442 diaconus
1644 4387 1731 4442 stolas
1752 4383 1850 4444 hebeat,
1862 4380 1882 4430 ct

267 4469 333 4519 ante
345 4461 509 4536 peregrinos
520 4460 625 4517 iaciant
641 4461 769 4533 magistri
781 4478 845 4518 oum
857 4462 1023 4530 infantibus,
1035 4469 1065 4519 et
1106 4465 1275 4539 accipientes
1293 4469 1350 4525 duo
1368 4470 1536 4528 candelabra
1549 4492 1616 4531 cum
1630 4474 1764 4540 candelis,
1776 4463 1883 4527 etthuri·

267 4551 405 4624 incipiant
415 4551 519 4618 lavare,
535 4556 598 4622 post
614 4551 763 4622 psalmum,
789 4553 861 4607 Dens
885 4555 1061 4608 misereatur.
1106 4553 1205 4611 bulum
1221 4573 1285 4612 cum
1298 4559 1423 4624 incenso,
1447 4569 1583 4635 sonetque
1609 4565 1778 4621 secretarius
1791 4575 1846 4616 cum
1858 4556 1885 4611 li·

267 4640 420 4712 Postquam
444 4655 674 4712 unumquemque
694 4655 809 4697 versum
833 4640 973 4714 expletum
1000 4657 1065 4698 cum
1107 4645 1200 4700 centia
1213 4647 1347 4704 tabulam.
1371 4651 1452 4705 Alter
1469 4652 1635 4724 analogium
1649 4659 1752 4728 portet.
1773 4648 1886 4707 etdiaco

268 4729 424 4802 antiphona
436 4730 570 4784 Dominus
581 4730 667 4792 iesus,
683 4727 843 4796 habuerint,
855 4731 982 4802 psalmus
999 4730 1067 4786 inci-
1107 4749 1162 4788 nus
1175 4739 1293 4792 textum.
1309 4737 1417 4802 Quibus
1427 4739 1468 4794 ita
1481 4742 1639 4814 capitulum
1657 4742 1822 4799 intrantibus
1835 4742 1888 4792 ante

231 4867 235 4872 .
268 4817 373 4890 piatur,
388 4819 463 4872 Beati
474 4819 707 4873 immaculctimt
720 4817 756 4872 ad
766 4819 986 4891 unumquodque
992 4819 1067 4892 capi·
1108 4825 1285 4896 evangelium
1299 4835 1418 4899 surgant
1431 4845 1539 4898 omnes,
1554 4836 1585 4887 et
1598 4833 1786 4890 annuntiante
1794 4827 1887 4888 abbate,

268 4906 360 4963 tulum
370 4905 474 4962 iterum
487 4904 649 4978 incipiatur,
665 4907 800 4962 Dominus
809 4910 895 4971 lesus,
909 4925 1008 4980 usque,
1025 4911 1067 4964 ln·
1107 4910 1226 4983 incipiat
1239 4913 1341 4986 legere.
1354 4916 1425 4972 Cum
1439 4919 1548 4975 venerit
1560 4921 1597 4976 ad
1613 4922 1696 4978 illum
1707 4923 1796 4978 locum
1806 4917 1848 4974 ubi
1860 4913 1893 4970 di·

268 5011 353 5052 cerno
363 4995 477 5066 pedibus
491 4997 567 5050 meis·
583 4996 684 5051 Postea
705 4995 836 5052 dicantur
847 4997 910 5052 uliae
934 4998 1066 5069 antipho·
1107 4998 1191 5068 citur,
1202 5002 1323 5071 Surpite,
1340 5021 1435 5061 comus
1450 5007 1526 5076 binc,
1541 5015 1663 5066 sonetur
1681 5010 1787 5072 tabula,
1801 5005 1892 5062 taliter·

269 5101 324 5156 nae,
338 5086 427 5141 donec
442 5082 545 5156 singuli
555 5083 658 5140 iratres
668 5085 786 5157 singulis
796 5085 966 5158 pauperibus
979 5087 1065 5159 pedes
1108 5104 1163 5160 que
1174 5092 1327 5162 procedant
1339 5093 1375 5149 ad
1387 5094 1566 5153 refectorium
1578 5119 1585 5154 ε
1597 5099 1629 5154 in
1639 5099 1742 5172 primis
1750 5095 1893 5166 analogium

269 5175 373 5242 lavent,
386 5179 500 5246 tergant
511 5179 540 5229 et
549 5174 720 5229 osculentur.
731 5173 969 5248 lllenamquequi
979 5175 1063 5242 lavat,
1108 5182 1138 5231 et
1151 5177 1326 5236 thuribulum
1341 5199 1405 5238 curn
1419 5184 1543 5254 incenso,
1557 5187 1624 5243 dein
1638 5189 1681 5244 illi
1696 5189 1752 5244 duo
1765 5202 1824 5242 cum
1837 5197 1893 5237 cau·

269 5269 364 5338 tergat
378 5263 721 5335 atqueosculetureorum
735 5263 836 5335 pedes3
850 5264 1067 5336 atiusaccipiens
1109 5267 1242 5338 delubris,
1269 5271 1402 5328 diaconus
1425 5273 1454 5330 in
1477 5277 1571 5332 medio
1595 5278 1726 5335 illorum.
1746 5275 1845 5334 Deinde
1856 5267 1895 5327 alii

269 5353 389 5412 linteum
402 5353 432 5410 iu
446 5352 545 5425 primis
559 5352 693 5409 concham
707 5371 714 5408 :
731 5351 791 5425 ipse
802 5358 847 5409 eat
860 5353 897 5409 ad
913 5355 1006 5410 locum
1018 5353 1067 5412 ubi
1109 5358 1165 5416 duo
1180 5363 1210 5415 ct
1222 5359 1278 5418 duo
1293 5377 1298 5420 :
1313 5361 1435 5422 infantes
1449 5366 1553 5439 quippe
1571 5367 1601 5424 in
1613 5368 1770 5426 novissimo
1785 5365 1841 5422 loco
1856 5374 1894 5414 tt·

306 5515 360 5590 (10)
379 5513 525 5586 formula,
535 5513 641 5584 iormae,
651 5531 774 5583 scamna,
786 5514 895 5572 sedilia.
