3970 6172
26 5607 31 5666 i

137 311 144 321 '
197 323 267 386 ιιοι
903 330 928 385 ι.
950 327 1129 386 correus
1762 325 1832 390 ιιοι

196 453 280 510 Sexta
291 452 363 508 hora
377 451 451 508 sedit
464 467 551 524 super
564 455 695 524 puteum.
968 455 1024 516 ΡΑ
1037 455 1114 512 Unde
1123 459 1151 510 et
1161 455 1221 510 hec
1230 455 1393 527 antiphona.
1398 457 1461 512 Dece
1476 461 1506 511 ιιι
1517 459 1637 527 patetne
1647 475 1657 512 .·
1666 473 1829 530 quanquam

197 541 311 615 Septem
325 546 391 596 ιιιιιι
403 540 519 612 spiritus
537 546 603 596 ante
618 542 751 598 thronum
765 541 816 600 Dei
969 544 993 598 G
1034 545 1063 598 in
1077 560 1191 600 cursum
1207 533 1323 600 secundi
1334 544 1393 599 toni
1404 544 1523 608 decidat.
1536 552 1642 614 tamen,
1662 547 1729 620 quia
1748 561 1831 617 supe-

198 631 266 688 Octo
281 636 348 686 sunt
358 629 547 685 beatitudines
969 633 994 688 G
1033 631 1092 686 rius
1104 632 1230 703 quintam
1243 649 1259 686 a
1273 631 1351 688 finali
1363 632 1463 704 saepius
1476 635 1644 698 reverberat,
1660 635 1751 707 primo
1763 641 1831 692 tono

233 719 310 776 Scire
338 725 474 791 praeterea
498 719 636 784 conuenit,
662 721 737 792 quod
755 722 831 792 apud
856 723 992 794 quosdam
1033 720 1284 792 deputatur.1tem
1306 722 1383 776 :lter
1403 723 1536 776 Dominus
1559 727 1696 790 omnium,
1713 724 1780 795 quia
1801 723 1831 778 in

197 809 346 882 phthongi,
362 808 392 863 id
415 813 467 876 est,
496 808 556 863 toni
572 808 724 876 vocalibus,
743 815 874 866 tonorum
897 817 993 866 autem
1034 810 1164 881 superius
1177 809 1351 881 trequentius
1374 816 1509 876 versatur,
1527 812 1831 867 inunctioneadhca-

197 896 991 969 differentiae,quasquidamabusivediffinitionesvocant,
1034 898 1121 970 pitale
1140 899 1299 965 descendat,
1328 900 1417 972 primo
1436 905 1531 954 tamen
1553 905 1621 956 tono
1639 900 1829 956 adscribitur:

195 986 414 1042 consonantibus
422 987 570 1058 signantur
582 986 634 1041 hoc
648 987 742 1042 modo.
754 988 878 1042 Primum
894 995 993 1044 tonum
1036 987 1110 1058 quod
1121 988 1185 1042 ideo
1198 989 1231 1042 fit
1245 993 1277 1042 ut
1288 987 1379 1042 honor
1390 987 1561 1059 principibus
1574 994 1764 1044 conservetur.
1779 988 1832 1045 Do

195 1081 311 1142 renotat,
326 1075 480 1131 secundum
490 1091 515 1142 e,
524 1076 639 1131 tertium
652 1076 670 1140 i,
681 1082 812 1148 quartum
823 1094 848 1142 o,
864 1079 993 1149 quintum
1036 1077 1130 1130 rninus
1156 1093 1279 1148 namque
1302 1077 1359 1132 sive
1382 1077 1518 1148 magister
1531 1094 1588 1132 non
1599 1083 1711 1132 tantum
1727 1077 1758 1131 in
1770 1093 1831 1148 pro-

195 1181 226 1228 u,
242 1169 351 1220 sextum
366 1165 533 1235 ngaecum,
546 1165 697 1235 septimum
714 1183 741 1237 y,
758 1171 885 1221 octavum
901 1168 994 1222 nnPri-
1035 1165 1096 1234 pria
1107 1171 1275 1235 potestatem
1290 1165 1383 1230 habet,
1408 1166 1457 1220 sed
1479 1165 1565 1222 etiam
1587 1167 1617 1221 in
1632 1183 1676 1230 ea,
1690 1183 1752 1238 quae
1766 1170 1832 1221 sunt

195 1270 273 1310 mam
291 1259 388 1308 autem
410 1254 547 1324 cujusque
565 1254 626 1307 toni
642 1253 827 1310 differentiam
844 1256 861 1309 b
876 1255 993 1320 indicat,
1035 1254 1139 1309 subditi
1150 1253 1348 1324 eJ'us.Subdit0
1361 1261 1455 1310 autem
1465 1255 1593 1310 sulficere
1603 1254 1697 1319 debet,
1709 1256 1732 1310 si
1744 1272 1762 1309 a
1776 1271 1833 1310 ma·

191 1343 349 1399 secundam
364 1359 388 1409 c,
399 1331 512 1396 tertiam
528 1342 544 1395 d
549 1382 556 1406 ,
572 1347 702 1414 quartam
715 1360 744 1414 g,
760 1349 789 1399 et
800 1345 840 1398 ita
852 1351 936 1400 mutae
946 1362 995 1416 per
1034 1343 1123 1413 gistro
1142 1343 1195 1398 sibi
1208 1344 1346 1398 concessis
1360 1344 1504 1398 humiliter
1516 1345 1557 1398 uti
1570 1345 1662 1408 liceat,
1677 1345 1782 1399 nedum
1798 1343 1832 1398 ad

196 1431 336 1486 ordinem.
348 1429 408 1485 Illis
422 1431 463 1485 ita
476 1430 707 1502 utiliterdigestis
718 1433 778 1503 jam
793 1449 868 1488 nunc
882 1438 993 1506 tempus
1035 1449 1078 1499 ea,
1095 1449 1156 1503 quaa
1171 1439 1238 1487 sunt
1252 1433 1370 1504 praelati,
1387 1439 1493 1488 temere
1507 1450 1536 1488 se
1552 1434 1699 1505 proripiat.
1717 1434 1748 1488 Si
1767 1449 1832 1504 ergo

197 1525 251 1586 est,
266 1523 300 1576 ut
313 1519 348 1574 de
367 1519 491 1590 regulari
507 1519 565 1574 sive
583 1519 678 1574 licenti
697 1521 823 1576 omnium
846 1522 994 1578 modorum
1035 1523 1159 1594 plagales
1175 1522 1205 1576 in
1215 1538 1333 1576 ascensu
1347 1522 1597 1593 quintam’perraro
1607 1521 1712 1577 debent
1722 1522 1833 1578 contin·

194 1624 279 1664 cursu
293 1608 406 1680 regulas
421 1609 529 1664 demus.
1034 1625 1110 1679 gere,
1114 1616 1220 1682 quanto
1236 1611 1328 1665 rarius
1343 1617 1460 1666 sextam.
1474 1611 1655 1666 Descendunt
1668 1615 1764 1666 autem
1776 1627 1834 1666 onr-

219 1696 286 1754 ΧΠ.
300 1699 337 1754 ιιι
346 1701 474 1766 reputare
485 1713 570 1752 cursa
584 1700 730 1755 modorum
745 1706 826 1769 atque
839 1703 959 1756 licentio.
1003 1714 1085 1791 Bnes
1099 1699 1262 1770 subjugales
1276 1717 1293 1754 a
1307 1700 1385 1755 linali
1400 1699 1435 1754 ad
1456 1704 1597 1770 quartam,
1615 1699 1690 1782 quod
1711 1705 1756 1754 est
1778 1699 1835 1753 dia·

231 1786 317 1843 Cum
310 1785 398 1858 igitur
410 1787 445 1842 de
455 1803 538 1842 cursu
550 1787 699 1843 modorum
710 1788 844 1845 dicturi
822 1807 910 1844 samus
915 1791 993 1862 ,quid
1035 1795 1173 1854 tessaron,
1189 1781 1329 1843 ueletiam
1351 1789 1386 1844 ad
1410 1789 1537 1860 quintam
1557 1773 1739 1876 regulariter.
1762 1789 1835 1843 Nam

196 1893 311 1933 cursum
322 1892 568 1942 eorumvocemus‚
580 1877 712 1948 primitus
721 1879 929 1934 discutiendum
940 1885 992 1934 est.
1035 1877 1178 1932 licentiam
1194 1878 1380 1934 descendendi
1392 1895 1484 1950 neque
1498 1867 1651 1946 authentis,
1667 1895 1760 1950 neque
1775 1878 1835 1950 pla·

199 1965 319 2022 Cursum
335 1965 516 2020 modorum
494 1982 551 2020 sire
561 1970 692 2021 tonorum
702 1966 822 2022 dicimus
834 1967 995 2039 legemque
1034 1966 1146 2038 galibus
1160 1983 1299 2038 nusquam
1314 1967 1369 2039 legi
1385 1983 1559 2024 concessam.
1572 1967 1724 2023 Sciendum
1738 1973 1836 2022 tamea

194 2052 248 2110 sub
262 2054 446 2126 certaregula
456 2059 629 2121 coercentur,
647 2059 784 2126 quantum
800 2056 907 2112 scilicet
917 2058 994 2128 quis·
1036 2057 1240 2126 quodquidam
1250 2057 1352 2111 musici
1364 2057 1440 2111 haud
1448 2057 1601 2128 incongrue
1607 2057 1768 2128 regularem
1775 2073 1836 2110 cur·

196 2160 252 2216 que
266 2143 418 2199 ascendere
431 2143 474 2198 vel
489 2143 872 2217 descendere,quantumque
886 2146 995 2202 intendi
1035 2161 1099 2200 sum
1112 2146 1271 2210 modorum,
1287 2147 1336 2216 qui
1351 2151 1417 2201 sunt
1428 2151 1501 2210 octo,
1514 2163 1563 2218 per
1571 2145 1688 2201 totidem
1697 2145 1837 2216 diapason

195 2232 239 2288 rel
254 2232 360 2288 remitti
375 2231 485 2287 debeat.
497 2232 551 2288 Sed
564 2234 708 2304 quoniam,
718 2251 784 2290 cum
797 2241 895 2290 cantus
905 2235 996 2291 inten-
1035 2233 1559 2292 dimetiuntur.Etsecnndumillorum
1569 2234 1757 2289 assertionem
1765 2251 1836 2305 pens

193 2321 275 2378 ,ditur
288 2327 317 2378 et
330 2321 495 2389 remittitur,
519 2322 644 2377 ascensio
666 2327 695 2377 et
720 2323 864 2380 descensio
878 2325 933 2380 dici
948 2343 995 2398 po-
1036 2339 1134 2378 omnes
1149 2323 1225 2378 modi
1242 2339 1327 2378 unam
1342 2323 1415 2379 infra
1437 2325 1550 2378 finalem
1571 2329 1721 2378 assumunt
1736 2340 1790 2395 per
1803 2323 1837 2377 li·

195 2415 262 2478 test,
279 2412 354 2484 quod
372 2412 502 2467 incursu
517 2411 664 2466 modorum
679 2413 873 2468 ascensionem
888 2418 917 2469 et
929 2415 994 2470 des·
1036 2411 1167 2475 centiam,
1184 2429 1268 2483 quarn
1292 2413 1371 2484 prius
1393 2413 1434 2468 eis
1459 2413 1628 2484 regulariter
1641 2411 1834 2468 attribuimus.

196 2501 358 2558 censionem
372 2501 497 2572 itemque
509 2500 734 2556 intentionemac
742 2501 938 2558 remissionem
945 2520 995 2559 vo·
1035 2501 1107 2555 Cum
1122 2517 1189 2572 ergo
1207 2505 1270 2556 octo
1284 2503 1345 2556 toni
1360 2518 1411 2573 per
1423 2502 1541 2556 totidem
1556 2501 1692 2574 diapason
1706 2506 1834 2566 comant,

194 2605 302 2657 cemus,
313 2588 545 2661 distinguendum
576 2595 626 2652 est,
643 2605 678 2643 ne
695 2589 753 2644 ulla
777 2607 809 2644 ιιι
833 2597 913 2662 parte
930 2591 995 2647 rudi
1036 2589 1074 2644 sic
1088 2588 1143 2643 duo
1153 2590 1212 2644 toni
1226 2595 1258 2644 ut
1268 2590 1405 2660 magister
1418 2595 1447 2643 et
1460 2590 1613 2662 discipulus
1628 2589 1784 2646 cohaerent.
1798 2589 1836 2643 sic

193 2677 293 2734 lectori
305 2678 413 2734 occasio
432 2677 579 2732 vacillandi
592 2677 747 2748 ingeratur.
765 2679 837 2750 Ergo
852 2681 994 2735 ascensio-
1035 2684 1173 2733 eteorum
1188 2679 1324 2750 diapason
1337 2684 1552 2744 connectuntur,
1563 2680 1604 2732 ita
1618 2679 1687 2733 utin
1700 2678 1741 2733 eis
1755 2679 1836 2732 facile

195 2783 260 2822 nem
282 2771 414 2822 tonorum
438 2769 467 2820 ct
494 2766 703 2821 descensionem
728 2783 859 2822 vocamus
887 2775 992 2824 certam
1034 2768 1219 2823 animadverti
1233 2769 1331 2839 possit,
1346 2785 1497 2840 quaevoces
1511 2767 1689 2839 propriesint
1703 2767 1835 2839 plagalis,

193 2855 321 2929 ipsorum
335 2855 506 2912 ascendendi
521 2860 549 2910 et
562 2856 750 2912 descendendi
772 2858 874 2928 legem,
895 2858 924 2913 id
939 2864 992 2926 est,
1034 2874 1097 2928 quae
1111 2857 1249 2924 authenti,
1266 2875 1327 2930 quae
1341 2875 1504 2912 communes
1519 2858 1640 2928 utrique,
1654 2857 1730 2929 quod
1744 2858 1838 2927 figura

193 2950 333 3018 quantum
347 2962 364 3000 a
378 2944 797 3002 tinalibussuisascendantsive
811 2947 991 3015 descendant,
1033 2947 1134 3002 harum
1148 2964 1219 3018 quas
1226 2947 1397 3018 subjecimus
1407 2953 1470 3002 octo
1478 2955 1603 3002 rotarum
1611 2946 1723 3000 cautius
1729 2946 1836 3000 intuita

195 3035 385 3102 intensionem
396 3051 461 3090 vero
474 3039 504 3090 et
518 3034 712 3090 remissionem
728 3040 859 3091 tonorum
873 3037 993 3092 dicimus
1034 3036 1211 3108 apertissime
1221 3037 1397 3091 demonstrat
1414 3037 1433 3104 (l
1442 3037 1475 3098 l).

196 3124 395 3180 certitudinem
409 3125 496 3191 illam,
516 3140 567 3196 per
579 3130 686 3196 quanta
703 3141 802 3181 vocum
817 3125 1025 3187 intervallaac
1071 3126 1129 3180 lloe
1153 3142 1263 3197 quoque
1283 3125 1473 3180 intimandum
1492 3125 1612 3192 videtur,
1629 3124 1753 3196 qualiter
1767 3125 1840 3178 acci-

195 3213 273 3268 finali
287 3229 338 3268 suo
353 3213 472 3285 quisque
483 3229 565 3268 suum
579 3213 748 3284 principium
763 3214 866 3269 habere
880 3214 990 3270 debeat.
1034 3216 1167 3288 piendum
1181 3217 1227 3272 sit,
1242 3216 1315 3287 quod
1324 3216 1455 3280 dicimus,
1469 3215 1619 3270 authentos
1632 3214 1668 3268 ad
1680 3219 1840 3277 octavas,et

195 3300 303 3368 Quibus
312 3302 353 3356 ita
367 3302 525 3357 necessario
536 3303 991 3374 praemissis,decursumodomm
1034 3303 1195 3376 subjugales
1209 3305 1243 3360 ad
1261 3305 1374 3376 quintas
1398 3304 1549 3360 ascendere
1569 3322 1575 3358 :
1592 3309 1624 3358 ut
1647 3303 1725 3358 enim
1748 3319 1839 3374 supra

195 3395 282 3462 prout
293 3390 793 3463 proposuimus,disseramus.0mnes
808 3393 903 3464 itaque
917 3395 990 3449 auh·
1033 3394 1129 3449 testati
1142 3411 1249 3461 sumus,
1266 3393 1360 3465 pueris
1379 3395 1408 3448 in
1429 3395 1483 3448 hoc
1503 3392 1636 3464 opusculo
1651 3392 1724 3446 viam
1740 3392 1838 3462 signa-

194 3479 391 3535 tentialinali
407 3497 458 3535 suo
472 3480 509 3534 ad
522 3485 658 3549 octauam,
686 3481 760 3553 quod
784 3487 827 3537 est
844 3483 990 3554 diapason,
1033 3501 1105 3540 mus.
1134 3483 1163 3539 Si
1192 3500 1258 3554 ergo
1284 3483 1499 3553 intelligendum
1525 3487 1577 3548 cst,
1594 3481 1785 3552 quandotoni
1801 3481 1838 3534 ad

195 3569 367 3640 regulariter
380 3568 545 3634 ascendunt,
558 3570 675 3624 licenter
687 3570 723 3624 ad
739 3587 843 3625 nonam
859 3572 903 3626 vel
916 3572 993 3628 deci·
1033 3579 1144 3627 octavas
1157 3573 1199 3626 vel
1213 3570 1483 3644 quintasas'cendere
1493 3571 1633 3632 dicuntur,
1645 3570 1760 3642 quando
1776 3577 1837 3624 tam

196 3673 282 3713 mam.
309 3657 464 3711 Licentiam
492 3663 587 3711 autem
612 3658 715 3712 idcirce
735 3660 864 3730 aregula
877 3662 993 3715 secrevi·
1034 3663 1090 3717 alte
1104 3662 1265 3728 ascendant,
1281 3666 1314 3715 ut
1337 3661 1507 3715 ascendendi
1521 3660 1675 3731 potentiam
1694 3658 1834 3714 habeant.

194 3750 303 3810 mus,ut
316 3745 499 3816 sciatur,quia
513 3746 567 3801 illae
582 3762 662 3804 voces
672 3764 786 3818 perraro
801 3734 994 3820 contingendae
1033 3752 1133 3823 Neque
1147 3751 1221 3805 enim
1237 3751 1328 3804 omnis
1342 3755 1442 3805 cantus
1451 3749 1651 3804 authentorum
1661 3747 1696 3802 ad
1708 3753 1834 3810 octavas,

195 3840 272 3902 sunt,
286 3851 347 3906 quae
363 3850 413 3906 per
427 3834 569 3889 licentiam
583 3835 776 3891 conceduntur
792 3855 797 3890 :
815 3837 895 3902 Quod
918 3839 992 3893 enim
1034 3857 1126 3911 neque
1137 3839 1289 3910 plagalium
1304 3838 1396 3892 omnis
1410 3854 1496 3892 canor
1509 3837 1544 3891 ad
1559 3837 1671 3907 quintas
1685 3835 1836 3907 pertingit,

196 3922 259 3996 quis
273 3940 323 3996 per
335 3923 462 3994 regulam
473 3923 558 3979 habet
561 3925 661 3996 ,quasi
676 3942 708 3980 ex
723 3925 817 3982 debito
827 3927 920 3991 habet,
929 3928 992 3984 ideo
1034 3929 1107 3983 sicut
1122 3933 1200 4000 patet
1211 3928 1240 3981 in
1250 3929 1303 3982 hac
1313 3927 1397 3998 primi
1412 3926 1470 3980 toni
1485 3932 1543 3979 ant.
1555 3927 1589 3979 In
1600 3930 1647 3978 tuo
1658 3925 1794 3991 adtenta,
1810 3930 1839 3978 et

198 4011 363 4068 liberiuseo
378 4013 433 4068 frui
449 4019 564 4084 potest;
594 4031 655 4085 quae
678 4016 993 4087 autemperlicentiam
1034 4016 1257 4072 inhaesecandi
1276 4022 1334 4070 ant
1361 4016 1558 4076 (indentemini,
1576 4015 1773 4068 consolamini.
1789 4012 1838 4067 In-

196 4102 438 4174 possidentu1,ea
451 4107 595 4175 tamquam
612 4106 792 4176 pergratiam
803 4123 938 4177 possessa
934 4106 994 4160 hu·
1034 4106 1162 4161 tensione
1170 4110 1265 4160 autem
1276 4101 1663 4159 etremissionemodorum
1641 4118 1681 4155 sic
1691 4103 1838 4156 estanim-

193 4191 290 4247 milius
305 4193 563 4264 atqueprudentius
573 4198 641 4248 sunt
654 4195 811 4249 tractanda.
815 4195 994 4250 Descendunt
1034 4194 1247 4249 advertendum
1262 4193 1412 4248 Autlrentis
1423 4193 1552 4247 omnibus
1562 4191 1627 4248 licet
1638 4207 1721 4244 suum
1730 4191 1838 4262 cuique

196 4280 304 4336 asinali
317 4280 354 4335 ad
367 4281 533 4353 proximam,
554 4281 602 4336 ubi
617 4284 780 4337 nonnullam
795 4283 835 4338 eis
849 4284 992 4339 licentiam
1035 4283 1202 4355 principium
1222 4299 1238 4337 a
1263 4282 1340 4336 finali
1358 4282 1393 4335 ad
1419 4281 1548 4352 quintam
1570 4279 1727 4346 intendere,
1754 4286 1788 4334 et
1801 4280 1838 4333 ad

193 4370 322 4442 aperitis
334 4368 450 4425 musicis
464 4385 624 4426 concessam
649 4371 751 4442 reperi.
771 4372 914 4444 Excipitur
927 4373 1107 4464 indeDeam,
1123 4388 1184 4444 quae
1199 4371 1251 4426 sub
1267 4371 1345 4424 finali
1361 4371 1487 4441 proxima
1501 4375 1553 4436 est,
1570 4369 1725 4423 remittere.
1742 4367 1774 4423 Si
1789 4385 1840 4422 au·

194 4459 503 4530 authentustritus,qui
513 4459 678 4532 simpliciter
687 4461 801 4532 quintus
810 4463 989 4517 nominatur:
1033 4467 1090 4516 tem
1104 4461 1138 4516 ad
1154 4461 1282 4532 quintam
1292 4459 1366 4534 licet,
1381 4457 1584 4530 quantomagis
1596 4457 1631 4512 ad
1644 4463 1776 4524 quartam
1794 4457 1840 4511 vel

194 4547 261 4602 huic
275 4547 353 4602 nulla
366 4547 439 4602 infra
449 4549 563 4604 tinalem
575 4549 720 4604 descensio
730 4549 867 4605 attributa
875 4556 927 4618 est,
936 4568 992 4606 non
1032 4549 1167 4605 tertiam?
1182 4549 1264 4604 Solus
1290 4553 1385 4602 autem
1401 4547 1553 4601 authentus
1572 4545 1717 4610 deuterus,
1731 4544 1761 4598 id
1780 4549 1836 4608 est,

195 4635 281 4690 aliam
296 4634 330 4689 ob
349 4651 472 4702 causam,
494 4637 548 4691 nisi
571 4638 647 4708 quod
663 4639 804 4694 semitonii
816 4639 992 4710 imperfectio
1033 4639 1134 4694 tertius
1149 4639 1232 4693 istam
1245 4638 1335 4708 legem
1350 4634 1616 4706 transgreditur:ad
1630 4640 1738 4688 sextam
1755 4649 1841 4687 nam·

197 4727 403 4795 competentem
419 4725 479 4779 lieri
488 4726 653 4780 descensum
668 4743 723 4782 non
738 4728 992 4800 permittit.Plaga-
1034 4745 1088 4800 que
1103 4729 1268 4800 plerumque
1282 4725 1449 4797 principium
1461 4740 1543 4780 suum
1556 4721 1722 4788 intendit,ut
1735 4721 1767 4776 in
1784 4723 1840 4775 hac

194 4813 236 4868 les
250 4819 345 4868 autem
356 4829 453 4869 omnes
464 4831 483 4868 a
494 4815 572 4869 linali
586 4831 675 4886 usque
688 4817 724 4870 ad
737 4816 940 4888 quintamque
950 4822 993 4873 est
1033 4821 1092 4871 ant.
1104 4819 1196 4870 Tertia
1210 4817 1267 4868 dias
1280 4812 1608 4884 est.Subjugalibusrero
1620 4811 1842 4882 licetprincipia

194 4902 337 4975 diapente,
353 4903 518 4971 ascendunt,
541 4908 570 4959 et
584 4904 700 4959 licenter
712 4911 820 4960 sextam
834 4912 990 4961 assumunt.
1033 4923 1093 4972 sua,
1110 4907 1152 4961 vel
1167 4905 1252 4959 etiam
1269 4903 1424 4958 hemitonia
1442 4901 1478 4956 ad
1500 4905 1615 4972 quartas
1630 4899 1792 4969 intendere,
1810 4905 1841 4953 et

193 4991 253 5050 Nec
264 4997 307 5048 est
317 4992 488 5059 mimndum,
504 4993 578 5064 quod
594 4993 719 5064 plagales
742 4995 879 5049 minorem
895 5011 992 5050 ascen-
1033 4994 1068 5047 ad
1083 4991 1344 5064 quintasinterdum
1358 4988 1680 5044 remittere.Hemitonia
1690 4993 1789 5043 autem
1804 5005 1840 5042 eo

192 5081 278 5138 dandi
286 5081 429 5137 licentiam
436 5081 639 5153 habent,quam
650 5083 859 5155 authenti,quia
866 5084 991 5155 plagales
1032 5089 1228 5154 respectuque
1242 5085 1271 5134 et
1284 5085 1366 5134 tonos
1390 5079 1529 5151 aequivoce
1552 5077 1716 5149 accipimus,
1731 5093 1840 5132 recum

192 5188 303 5243 semper
315 5171 344 5226 in
359 5170 541 5226 inferioribus
554 5171 662 5225 morari
672 5170 783 5239 debent,
801 5177 829 5226 et
843 5189 958 5243 perraro
973 5191 991 5230 a
1032 5173 1203 5242 inceptiones
1214 5185 1354 5233 vocamus,
1367 5186 1427 5241 quae
1442 5170 1515 5224 fiunt
1526 5184 1577 5239 per
1590 5165 1790 5237 pausationem
1809 5165 1841 5219 in

191 5259 455 5331 finaliadquintam
463 5259 700 5314 ascendereNam
711 5267 740 5315 ιι
749 5261 910 5331 ordohujus
920 5263 989 5317 artis
1032 5267 1130 5316 cantas
1145 5260 1237 5315 medio
1260 5277 1266 5313 :
1285 5257 1439 5313 hemitonia
1458 5257 1532 5311 enim
1555 5255 1666 5326 proprie
1681 5253 1841 5308 semitonia

192 5349 459 5420 experientissimus,
488 5353 516 5403 ιι
541 5364 559 5401 a
582 5347 711 5403 Gnidone
734 5349 763 5404 in
778 5351 833 5404 line
852 5355 989 5405 tractatus
1029 5366 1171 5404 vocamus.
1188 5348 1551 5418 Attendendumpraeterea,
1566 5343 1713 5415 quodcum
1729 5345 1840 5414 praedi-

192 5436 236 5492 sui
250 5437 457 5508 comprobatur,
474 5440 598 5502 cantum,
622 5437 670 5508 qui
692 5454 709 5491 a
732 5437 810 5492 finali
835 5439 989 5493 asscendens
1030 5443 1075 5493 cta
1086 5425 1244 5493 le'xetcerta
1252 5437 1350 5506 regula
1359 5435 1494 5507 disposita
1503 5434 1540 5488 sit
1549 5439 1678 5487 tonorum
1690 5431 1839 5494 cursibus,

193 5525 320 5596 quintam
332 5531 374 5580 ter
384 5526 426 5579 vel
437 5531 537 5597 quater
547 5526 846 5596 repercutit‚authento
860 5529 986 5599 deputat.
1030 5526 1156 5598 plerique
1170 5526 1234 5581 novi
1249 5526 1439 5580 modulatores
1457 5524 1486 5579 id
1509 5527 1621 5577 tantum
1640 5519 1838 5584 attendentes,

231 5628 285 5700 lli)
308 5630 418 5686 Desunt
430 5632 538 5702 figurae,
552 5631 625 5687 forte
639 5633 745 5690 eaedem
758 5638 826 5690 sunt
839 5650 902 5705 quae
914 5635 945 5690 in
959 5635 1067 5691 musica
1077 5633 1218 5703 Aribonis,
1234 5649 1330 5705 supra.
