3970 6172
265 340 335 400 1363
807 341 964 400 nonsart
982 342 1135 400 naeniis
1154 345 1184 401 S.
1204 345 1352 402 vtaoais
1402 369 1405 374 Δ
1792 357 1845 416 itti

265 473 294 522 et
308 467 431 538 rescribe
444 468 519 539 quod
530 467 710 554 judicareris.
727 466 829 524 Videor
841 467 959 529 forsitan
974 470 1097 548 pluri-,t
1107 475 1163 544 tur,
1179 470 1294 540 scribas,
1317 471 1366 526 sed
1388 470 1552 540 continuum
1563 487 1591 540 tq
1608 473 1714 551 paginis,
1731 477 1790 536 siout
1804 481 1849 536 alie
1937 455 1938 460 ἵ

265 558 328 624 bus,
340 555 413 632 quod
429 563 457 622 et
470 554 521 616 tibi
541 556 629 628 videri
653 555 748 622 timeo,
773 557 913 628 hocopus
932 576 1066 630 praesum·
1107 560 1292 634 expositiones
1308 559 1391 613 scribi
1402 559 1502 614 solent.
1521 560 1586 616 Haec
1606 578 1665 630 pero
1686 563 1793 638 epistola,
1805 571 1849 624 roto

265 645 361 716 ptione
377 643 503 717 coepisse,
517 645 734 726 praesumptione
748 646 896 716 perfecisse
913 665 918 698 ε
934 647 957 718 si
971 653 1065 720 tmnep
1107 653 1139 703 ut
1154 654 1274 721 ponatur
1289 649 1317 702 in
1332 648 1434 720 capite.

265 733 420 807 perfectum
435 739 478 788 est
491 733 651 798 dicendum,
668 735 742 814 quod
754 750 772 787 a
785 735 956 792 doctioribus
972 737 1067 791 melio-
1153 727 1157 734 ⁶
1303 737 1492 792 PROLOGUS
1520 737 1698 810 numanis.

265 823 400 910 ribusque
419 822 485 876 viris
510 828 552 878 est
572 823 664 894 adbuc
686 823 912 889 examinandum,
928 830 956 878 et
970 826 1067 900 utique
1142 821 1413 884 'l'ribusnominibus
1425 831 1537 882 vocatus
1549 827 1851 900 estSalomoptsalomon

266 911 473 988 corrigendum.
489 911 557 984 Mihi
572 912 684 984 quippe,
699 911 873 978 fateor,cum
885 930 987 986 magna
998 915 1068 969 indi·
1107 909 1134 963 id
1149 916 1192 964 est
1203 915 1335 990 pacificus
1344 930 1351 974 ;
1366 912 1463 978 Edida,
1480 912 1507 965 id
1523 915 1853 992 estdilectuepllcclesiastes,

266 1001 400 1076 gpatiope
416 1001 476 1060 lieri
490 999 610 1069 ridetur,
624 1006 657 1072 ut
667 1017 718 1074 ego
737 1007 794 1059 tam
805 1001 884 1056 rudis
894 1003 996 1073 studio,
1008 1011 1067 1058 tam
1110 999 1183 1069 quod
1196 1005 1240 1053 est
1253 1001 1359 1067 Golect,
1374 1001 1401 1054 id
1416 1006 1460 1054 est
1481 1005 1662 1070 concionator,
1676 1005 1741 1078 quod
1752 1006 1853 1063 liciata

267 1090 386 1145 stolidus
401 1089 523 1165 ingenio,
534 1095 591 1162 tam
602 1090 731 1160 sordidus
740 1097 867 1165 peccato:
879 1091 908 1145 in
921 1097 981 1155 tam
993 1094 1066 1151 anti·
1109 1094 1267 1160 congreget.
1284 1091 1310 1148 ls
1323 1090 1403 1167 juxta
1419 1106 1567 1157 numerum
1582 1091 1761 1162 vocabulorum
1770 1111 1854 1148 suumn

268 1195 365 1252 quum,
381 1184 439 1234 tam
456 1179 579 1258 doctum,
588 1185 646 1234 tam
657 1173 777 1248 nitidum
787 1196 856 1251 opus
866 1181 1041 1261 proruperim
1058 1205 1064 1239 r
1108 1178 1163 1232 tria
1177 1177 1319 1233 volumina
1333 1177 1430 1245 edidit,
1446 1178 1606 1244 Proverbia,
1624 1181 1650 1233 id
1663 1185 1702 1236 est
1715 1183 1804 1250 htaslot,
1817 1183 1855 1240 Ec,-

267 1273 300 1323 ut
315 1268 473 1342 Salomonis
487 1267 571 1338 verbe
593 1284 770 1354 exponepem,
793 1267 840 1346 qui
864 1269 898 1322 de
918 1269 1067 1326 Salomone
1108 1267 1275 1338 clesiastem,
1291 1265 1407 1336 Cantica
1421 1268 1601 1322 canticorum·
1618 1267 1650 1324 In
1664 1271 1796 1326 Proverbiis
1810 1291 1856 1346 par·
1937 1287 1938 1334 j

267 1357 338 1412 nihil
352 1357 451 1428 habeo,
469 1357 522 1412 nisi
536 1357 653 1428 forsitan
666 1357 740 1428 quod
763 1358 797 1410 de
812 1357 859 1414 illo
878 1357 1066 1414 abominabile
1107 1357 1199 1424 aulem
1212 1357 1324 1422 docens,
1342 1363 1370 1410 et
1383 1357 1463 1428 quasi
1479 1356 1514 1412 de
1529 1357 1626 1412 officiis
1647 1361 1858 1434 presentibuseru·
1937 1417 1938 1426 ,

268 1447 331 1518 lego
343 1463 349 1497 :
362 1446 477 1516 scilicet,
493 1463 556 1518 cunr
567 1462 652 1499 senex
663 1445 753 1502 factus
767 1445 861 1514 fucrit,
872 1464 947 1518 punc
955 1449 1066 1520 sapiens
1106 1444 1233 1499 diensln
1245 1445 1543 1516 Ecclesiastematurae
1549 1446 1856 1506 aetatisviruminstituens:

268 1551 330 1608 esse
342 1535 491 1610 destiterit,
509 1535 577 1588 Mihi
591 1540 686 1590 tamen
702 1533 792 1602 amico
815 1540 864 1589 tuo
883 1538 974 1610 crede,
992 1540 1064 1610 quod
1106 1533 1310 1617 nequidquam
1324 1533 1353 1587 in
1366 1535 1463 1600 mundi
1479 1535 1563 1590 rebus
1571 1542 1651 1608 putet
1660 1545 1859 1618 esseperpetuum,

268 1625 343 1696 hunc
359 1639 441 1709 quem
457 1622 507 1694 tibi
521 1623 604 1678 mitto
619 1623 745 1694 libellum
767 1629 882 1694 rogatus
897 1626 976 1696 coepi,
992 1627 1067 1695 mul·
1107 1623 1155 1677 sed
1171 1623 1277 1690 caduca
1292 1627 1321 1676 et
1335 1622 1429 1676 brevia
1443 1624 1539 1678 omnia
1555 1642 1616 1697 quae
1635 1627 1761 1684 cemimus
1782 1627 1814 1680 hd
1827 1645 1860 1680 ex-

268 1713 351 1770 toties
379 1712 540 1776 admonitus
568 1713 681 1784 perfeci.
709 1713 828 1787 Rogavit
859 1731 904 1784 me
935 1713 1066 1770 dominus
1107 1719 1238 1777 tremum,
1256 1712 1315 1784 jam
1329 1721 1557 1782 consummatum
1575 1715 1675 1784 virum,
1687 1721 1713 1770 et
1726 1716 1813 1770 calcato
1824 1733 1861 1770 se-

267 1801 445 1874 Anastasius
460 1801 658 1872 dilectissimus
673 1801 761 1872 lpater
782 1807 810 1854 et
829 1801 960 1856 dominus
975 1783 1170 1880 meus,Bculo
1194 1807 1393 1872 praeparatum.
1418 1801 1447 1856 in
1469 1803 1584 1868 cantico
1606 1805 1763 1872 canticorum
1786 1804 1861 1876 Sponsi

268 1890 476 1964 admonuerunt
490 1907 554 1960 pero
569 1908 631 1951 cum
655 1892 703 1962 illo
718 1891 804 1951 etalii
825 1891 916 1962 multi,
932 1909 988 1946 non
1003 1899 1067 1960 ten·
1106 1889 1201 1959 jungit
1224 1889 1398 1966 amplexibus
1422 1909 1428 1943 :
1451 1892 1517 1966 quia
1537 1893 1592 1960 nisi
1617 1893 1691 1966 prius
1711 1894 1863 1968 relinquamus

268 1983 329 2033 tum
341 1985 492 2062 pensantes
505 1980 574 2052 mihi
594 1980 720 2052 innatam
746 1981 894 2052 stultitiam
906 2001 914 2050 ;
930 1990 1067 2064 quantum
1109 1979 1187 2046 vitia,
1201 1985 1229 2033 et
1241 1980 1349 2050 pompis
1364 1980 1458 2034 seculi
1473 1982 1675 2058 renuntiemus,
1686 1999 1736 2042 non
1750 1999 1864 2057 postumat

268 2073 396 2138 amentes
409 2073 467 2124 tam
483 2074 653 2140 secretorum
677 2069 825 2136 verborum
845 2072 1068 2143 qualemcunque
1108 2067 1214 2122 dicere:
1229 2069 1371 2124 Oscalclur
1385 2086 1427 2123 mo
1443 2072 1532 2124 osculo
1547 2075 1604 2126 oris
1619 2075 1670 2132 sni.
1685 2073 1737 2143 lloc
1755 2071 1832 2126 ordine
1845 2075 1865 2132 et

269 2153 322 2219 sibi
351 2157 456 2230 clarere
479 2157 619 2230 peritiam.
640 2159 773 2228 Quamvis
803 2160 929 2230 nonnulli
957 2161 1015 2228 alii,
1040 2167 1069 2230 et
1110 2157 1270 2230 philosophi
1284 2163 1436 2212 sectatores
1452 2159 1595 2229 erudiunt,
1606 2166 1637 2228 ut
1652 2161 1762 2244 primum
1774 2161 1864 2222 ethicam

269 2243 390 2318 maxime
403 2245 533 2318 dominus
549 2247 624 2316 Beda
638 2247 667 2318 in
681 2248 734 2318 hoc
757 2248 854 2318 eodem
870 2248 1066 2318 laboraverint,
1109 2245 1235 2313 doceant,
1252 2245 1352 2314 deinde
1366 2246 1510 2318 physicam
1523 2265 1528 2299 :
1540 2253 1569 2301 et
1579 2264 1661 2319 querq
1669 2249 1697 2320 in
1706 2249 1745 2302 his
1750 2245 1865 2318 proiecisse

269 2339 378 2406 secrete
390 2334 582 2420 patefecerint,
599 2336 774 2424 posterisque
789 2337 937 2410 tectionem
953 2337 1068 2406 utilissi·
1110 2335 1310 2421 perspexerint,
1333 2351 1384 2406 per
1404 2335 1543 2404 theoriam
1566 2338 1602 2390 ad
1627 2337 1781 2410 theologiam
1800 2352 1865 2409 usque

269 2437 344 2494 mam
359 2421 533 2500 reliquerint.
543 2425 584 2494 Tu
593 2441 670 2498 ergo,
682 2442 762 2494 serpe
772 2425 832 2491 Dei,
846 2426 990 2496 humiliter
1003 2427 1066 2496 lege
1109 2423 1273 2493 perducant.
1285 2423 1343 2478 lloc
1357 2425 1512 2479 notandum
1526 2424 1693 2486 cst.Titulus
1704 2425 1770 2481 enim
1780 2425 1804 2480 in
1816 2425 1866 2478 Pro-

270 2525 333 2584 quae
356 2510 511 2590 incompte,
540 2518 568 2567 et
592 2513 616 2579 si
637 2513 804 2585 placuerint,
826 2515 982 2584 transcribe.
1005 2533 1066 2590 qua
1110 2511 1212 2580 verbiis
1226 2512 1548 2579 adnotaturzl’roocrbie
1563 2514 1782 2590 Salomonir,(ilii
1794 2513 1865 2576 dutrii,
1937 2557 1938 2572 ,

268 2598 378 2677 legeris,
1109 2604 1181 2676 repis
1200 2601 1297 2676 lsrael,
1310 2599 1343 2654 In
1356 2599 1524 2655 Ecclesiaste
1534 2618 1617 2656 vero:
1635 2605 1710 2671 Verba
1724 2603 1865 2672 Ecclesiaste,

306 2690 384 2764 Rogo
398 2708 465 2764 vero
480 2697 512 2761 ut
533 2691 562 2764 in
575 2692 630 2746 duo
649 2692 786 2778 principie
799 2693 851 2748 hoc
865 2711 935 2766 opus
950 2692 1066 2762 dividas,
1110 2691 1164 2756 filii
1174 2689 1349 2756 Daoid,rcpir
1363 2691 1546 2760 Hierusalem.
1559 2690 1591 2745 Io
1602 2691 1868 2759 Copticacanticoruru,
1937 2687 1938 2760 ff

271 2779 337 2849 quia
352 2779 492 2852 dictamen
506 2781 576 2852 illpd
591 2780 657 2850 durp
682 2799 699 2856 a
720 2783 811 2855 seipso
831 2783 964 2851 variatur,
987 2789 1068 2857 turpe
1109 2795 1161 2832 nec
1186 2777 1260 2832 filius
1286 2777 1515 2841 [torrescere
1535 2781 1632 2846 Israel,
1653 2783 1707 2842 sire
1729 2779 1871 2838 Hierusalem

271 2874 315 2942 est
334 2869 359 2940 si
380 2869 433 2942 pub
455 2887 511 2940 pne
533 2869 669 2969 principio
690 2871 851 2938 universum
878 2871 1068 2940 concludatur.
1112 2866 1309 2938 prescribitur,
1325 2867 1607 2954 quiaadincipientes
1615 2874 1643 2940 et
1656 2875 1764 2942 paterna
1772 2867 1868 2938 dignitas

270 2957 433 3013 Dumenim
458 2975 509 3036 ego
533 2976 563 3028 m
583 2958 653 3030 cella
681 2959 808 3024 solitaria
826 2960 934 3046 positus
955 2961 1071 3030 Cantica
1112 2955 1230 3026 ctrpgni
1251 2955 1396 3040 proprium
1419 2957 1640 3028 nomensuilicit
1657 2979 1662 3012 :
1679 2958 1816 3040 etoqualis
1831 2972 1873 3008 ma·
1937 3001 1938 3008 ,

270 3047 798 3118 canticorumexponerem‚contigitut
811 3049 1071 3119 mequidamamici
1110 3046 1198 3115 gister
1217 3051 1268 3110 est,
1292 3052 1320 3099 et
1338 3045 1427 3099 nescit
1445 3062 1475 3099 se
1500 3063 1559 3100 esse
1578 3063 1684 3118 regem.
1705 3046 1821 3100 Pacificas
1837 3043 1872 3097 liei
1937 3083 1938 3092 ,

270 3137 327 3198 mei
342 3137 571 3208 supervenientes
593 3143 777 3208 exponentem
793 3137 952 3196 invenirent
968 3157 973 3192 :
989 3155 1069 3196 cum:
1110 3134 1203 3198 Petris
1215 3140 1242 3196 et
1253 3133 1432 3198 ecclesiastes
1446 3141 1543 3200 nester
1557 3135 1742 3202 christuseat,
1753 3135 1792 3205 nui
1804 3133 1873 3198 neuin

271 3242 326 3298 que
340 3243 373 3281 aa
395 3243 456 3298 quae
468 3229 528 3298 jam
543 3243 724 3298 exposueram
744 3244 795 3298 per
819 3232 913 3298 partes
934 3228 1068 3298 legerent,
1111 3223 1218 3294 pariete
1232 3223 1374 3276 destructo
1388 3228 1417 3276 et
1430 3223 1593 3278 inimicitiae
1616 3225 1646 3279 in
1668 3241 1745 3279 carne
1756 3237 1872 3277 evacuans.

270 3316 458 3370 laudaverunt
483 3316 594 3388 quidem
614 3333 699 3406 opum
717 3317 766 3390 ped
779 3317 853 3388 qqod
870 3317 1069 3390 ppappjporqrg
1110 3314 1174 3394 (ecit
1190 3317 1308 3382 utraque
1323 3313 1530 3389 urtumtliabat·
1542 3328 1573 3380 lt,
1588 3312 1644 3398 li),
1661 3317 1750 3386 eptem
1763 3327 1836 3365 meum
1850 3309 1874 3360 do

270 3405 540 3476 librorumexempla
550 3405 799 3470 nonineeruereer,
811 3405 984 3476 quibusoam
997 3406 1071 3464 aire-
1111 3403 1183 3462 vobt't
1196 3401 1288 3471 (ittam
1306 3415 1360 3464 iit,
1375 3399 1430 3468 llil,
1446 3399 1487 3468 De
1500 3417 1555 3472 qua
1571 3401 1657 3470 Peter
1675 3401 1710 3468 apl
1732 3400 1872 3472 discipulos:

270 3509 331 3547 rem
346 3493 605 3564 probarentur‚hoc
623 3495 707 3550 unius
718 3495 810 3549 inesse
820 3495 958 3564 dixerunt.
974 3493 1070 3558 ,Exitio
1111 3491 1162 3556 llic
1177 3493 1215 3542 ert
1231 3490 1401 3560 Filiusmeus
1411 3490 1534 3554 dilectus,
1546 3492 1578 3543 r'n
1593 3507 1648 3558 qao
1659 3491 1727 3545 initi
1739 3489 1873 3557 complacui:

272 3596 337 3634 mox
352 3585 478 3652 tempore
502 3597 563 3652 quae
586 3581 727 3637 memoriae
751 3587 941 3645 occurrerunt,
965 3597 1015 3652 pro
1040 3595 1070 3634 re
1111 3581 1202 3646 ipsum
1217 3579 1312 3632 audite
1325 3577 1432 3642 (illailla.
1450 3591 1493 3642 111,
1511 3576 1564 3645 ti),
1581 3579 1649 3648 quia
1663 3583 1707 3634 est
1723 3583 1797 3649 caput
1808 3575 1875 3630 aare·

274 3683 359 3738 quem
373 3669 500 3741 agebam,
518 3671 645 3742 exempla
659 3670 786 3750 apposui.
805 3671 931 3742 quamvis
954 3687 1009 3730 non
1024 3687 1071 3738 pe·
1112 3666 1168 3722 siae.

273 3757 394 3811 cessaria
405 3758 475 3832 mibi
498 3775 558 3830 pase
581 3759 755 3832 ridebaptur.
771 3759 891 3832 Maxime
905 3759 979 3819 euim
994 3775 1071 3821 com·
1367 3755 1483 3816 othT
1502 3755 1656 3828 Pitlttttii.

273 3845 418 3917 punctioni
433 3847 464 3900 in
481 3846 653 3917 expositione
670 3847 829 3912 intendens,
847 3863 902 3902 non
916 3847 1070 3918 probanda,
1186 3845 1262 3912 (Car.
1279 3843 1302 3900 1.
1320 3845 1450 3902 Osculum
1469 3849 1535 3908 oris,
1555 3849 1707 3915 inspirati·
1721 3845 1825 3916 Saena-l

273 3933 323 3988 aed
334 3933 453 3989 interius
467 3935 573 3990 inserta
590 3936 731 4004 dixeram3
747 3937 822 3991 unde
838 3941 935 4007 postea
946 3938 1072 4008 exempla
1151 3931 1173 3988 l·
1189 3935 1259 3989 Vere
1272 3933 1295 3992 i.
1313 3935 1456 3990 Osculetur
1469 3939 1611 3990 mauseolo
1628 3941 1685 3990 oris
1698 3929 1875 4003 ratussponsi

274 4023 407 4095 colligens
417 4025 483 4080 dum
494 4025 624 4080 brevitati
630 4025 739 4090 studeo,
749 4026 874 4080 strictius
888 4026 1013 4097 apposite
1023 4025 1073 4098 pui-
1112 4023 1260 4096 inspiratio
1276 4023 1389 4080 (lhristi.
1405 4024 1538 4079 Osculum
1552 4025 1622 4094 oris,
1633 4026 1722 4081 dulcis
1733 4039 1803 4079 emor
1815 4021 1877 4089 insp·

274 4129 328 4167 nus
342 4113 439 4168 suavia
453 4114 556 4185 legenti
571 4114 710 4169 videntur.
729 4115 893 4169 Dictaminis
915 4114 1011 4185 itaque
1025 4131 1073 4168 ra·
1114 4111 1239 4166 rationis.
1253 4111 1327 4167 Dicit
1340 4127 1407 4184 ergo
1421 4130 1523 4184 sponsa
1542 4114 1683 4170 desiderio
1696 4121 1814 4174 aestuans,
1828 4115 1848 4162 et
1857 4107 1877 4158 in

274 4203 370 4268 neus,
388 4219 450 4274 quae
462 4204 652 4275 exemplorum
667 4204 820 4258 insertione
835 4205 878 4274 iit,
893 4203 931 4264 ibi
946 4209 1070 4270 notatur,
1113 4202 1272 4273 amplexum
1297 4203 1393 4273 sponsi
1418 4203 1460 4256 sui
1484 4202 1689 4264 inardescens:
1705 4204 1831 4259 Orculctur
1850 4211 1878 4247 att

273 4290 450 4346 ubidicitur:
470 4294 618 4347 Vorlomad
632 4299 750 4347 merrtem
766 4294 964 4362 mprrbeetad
978 4277 1073 4346 collem
1114 4293 1204 4344 otardo
1216 4293 1272 4344 oris
1283 4293 1337 4347 scr-i.
1353 4293 1391 4344 hc
1402 4291 1427 4344 si
1447 4291 1570 4346 diceret:
1589 4291 1643 4347 llle
1659 4309 1740 4364 quem
1755 4305 1827 4360 super
1838 4301 1880 4338 om·

274 4381 367 4434 thorn
383 4383 472 4447 (Cant.
489 4397 525 4444 rr,
540 4378 581 4453 6).
601 4382 659 4435 Hoc
674 4381 748 4436 dicto
763 4389 791 4435 et
808 4381 942 4452 exposito,
959 4379 1234 4474 finiaturnuia,imo
1248 4379 1340 4433 solum
1354 4379 1452 4448 diligo,
1466 4379 1566 4442 veniat,
1584 4381 1633 4450 qui
1646 4380 1786 4436 dulcedine
1795 4391 1841 4430 sue
1852 4372 1881 4424 iu

274 4467 347 4524 liber
356 4469 474 4540 primus,
486 4469 657 4541 incipietque
668 4470 818 4534 secundus,
830 4469 972 4523 sicoriens
987 4487 992 4522 :
1007 4470 1072 4523 Toto
1113 4469 1276 4540 spirationis
1289 4485 1333 4522 me
1348 4471 1456 4538 tangat,
1471 4468 1538 4538 quia
1551 4484 1616 4522 cum
1630 4470 1692 4538 ejus
1706 4467 1821 4522 osculum
1833 4478 1882 4515 sen·

271 4558 392 4626 pulchro
402 4561 647 4621 cs,onricumco,et
659 4560 771 4612 maculo
785 4573 841 4612 non
855 4563 892 4610 ert
903 4560 934 4611 tn
948 4559 1070 4626 teldont.
1113 4557 1163 4618 tio,
1179 4556 1270 4611 subita
1285 4556 1441 4611 mutatione
1456 4573 1500 4610 ore
1514 4556 1691 4628 damlinquo,
1711 4565 1739 4611 et
1757 4557 1782 4609 in
1799 4549 1882 4623 ejussi·

273 4657 313 4711 rr,
324 4645 361 4712 i).
375 4645 579 4717 Pergamenum
590 4653 696 4713 autem,
712 4647 735 4702 si
750 4645 801 4701 tibi
816 4646 944 4712 deluerit,
962 4647 1073 4700 mittam
1115 4647 1301 4701 militudinem
1322 4645 1396 4700 illico
1414 4645 1566 4717 liquefacta
1584 4647 1775 4702 transformor.
1790 4637 1885 4698 Fastidit

276 4738 413 4803 quantum
428 4736 556 4790 sufficiet.
1115 4735 1217 4806 quippe
1232 4741 1328 4790 senecta
1344 4750 1422 4789 mens
1436 4735 1533 4789 omnia
1548 4752 1610 4806 quea
1631 4753 1682 4808 per
1701 4751 1795 4806 corpus
1807 4729 1883 4784 sentit

311 4821 384 4892 Lege
410 4823 507 4894 igitur,
535 4825 622 4881 trater
644 4824 845 4888 amentissime,
873 4825 1072 4896 sapientissimi
1115 4823 1183 4878 etin
1197 4823 1394 4895 illaspiritalie
1411 4830 1472 4880 tota
1490 4825 1673 4880 transmutari
1689 4821 1886 4894 concupiscite

274 4909 360 4965 rerba
373 4898 530 4967 Salomonis
545 4913 661 4968 Cantica
681 4913 864 4978 canticorum,
881 4929 943 4985 quea
952 4913 988 4968 ob
998 4929 1073 4968 rere·
1114 4912 1181 4966 dum
1192 4913 1247 4967 ista
1258 4912 1432 4984 obstrepunt,
1446 4912 1476 4967 in
1488 4913 1536 4967 illa
1546 4913 1629 4983 fugit,
1644 4929 1730 4984 seque
1742 4905 1886 4965 abscondere

273 4999 396 5078 rentiam
419 5001 601 5056 sacratissimi
623 5019 731 5068 sensus,
753 5002 788 5058 ob
807 5005 998 5059 excellentiam
1019 5021 1073 5059 nu·
1114 5018 1150 5056 ne
1165 5003 1223 5056 hec
1246 5003 1359 5062 sentiat.
1387 5002 1504 5073 appetit.
1521 5002 1643 5072 Ideoque
1666 5001 1788 5056 osculum
1810 4993 1887 5067 sponsi

273 5091 368 5163 ptialia
383 5091 497 5158 amoris,
514 5091 549 5146 ob
571 5093 671 5164 Sponsi
695 5099 723 5147 et
743 5093 858 5168 Sponsa
879 5093 1072 5148 suavissimam
1114 5091 1235 5163 praeerit,
1250 5091 1315 5162 quia
1327 5091 1351 5144 si
1365 5091 1413 5145 ille
1425 5091 1579 5162 gratissimi
1599 5091 1703 5146 amoma
1717 5089 1818 5144 vinculo
1831 5087 1888 5138 hanc

273 5179 553 5259 conglutinationem,
568 5197 624 5236 non
639 5182 729 5236 solum
745 5181 869 5246 Cantica,
886 5183 935 5237 sed
956 5183 1074 5238 Cantica
1115 5197 1171 5234 non
1187 5180 1282 5245 trahit,
1293 5181 1353 5234 heac
1367 5180 1393 5233 vi
1404 5197 1462 5234 sue
1474 5179 1679 5234 inolestissimas
1692 5175 1841 5250 gravedinis
1853 5173 1889 5226 da·

272 5269 444 5325 canticorum
464 5275 609 5325 vocantur.
625 5270 658 5324 ln
668 5271 767 5324 horum
783 5271 955 5342 expositione
970 5270 1073 5343 siquid
1113 5275 1201 5332 tenta,
1218 5269 1358 5340 quomodo
1372 5287 1403 5324 sc
1426 5269 1462 5322 ad
1476 5269 1556 5324 illum
1571 5269 1705 5330 conserat,
1726 5267 1832 5322 omnino
1844 5276 1887 5316 non

271 5358 324 5414 tibi
347 5359 529 5437 displicuerit,
552 5376 600 5414 ora
617 5376 667 5430 pro
688 5359 849 5429 ignorantia
863 5376 940 5426 mea,
956 5360 979 5412 si
1006 5360 1072 5431 quid
1113 5358 1228 5414 invenit.
1248 5358 1302 5413 Sed
1317 5359 1380 5430 plus
1390 5375 1508 5430 sponsus
1518 5359 1688 5412 anxietatem
1700 5357 1760 5428 ejus
1772 5353 1888 5410 sentiens.

271 5446 322 5501 tibi
335 5447 480 5525 placuerit,
497 5465 547 5502 ora
561 5463 612 5519 pro
630 5448 750 5518 peccatis
772 5447 851 5512 meis,
873 5448 919 5518 qui
941 5447 1009 5502 bene
1029 5447 1070 5503 lo·
1112 5465 1238 5503 amorem
1252 5447 1380 5518 diligens.
1397 5451 1491 5502 votum
1506 5448 1664 5508 exaudiens,
1681 5446 1802 5500 osculum
1817 5438 1889 5515 porri·

272 5553 343 5611 quor,
357 5543 386 5608 ti
398 5539 472 5610 male
486 5555 595 5610 operor.
608 5537 686 5602 Quod
698 5539 722 5604 si
733 5537 834 5604 librum
847 5537 931 5590 istum
943 5536 991 5590 tibi
1005 5537 1072 5590 scri·
1111 5539 1162 5610 git,
1184 5545 1212 5594 et
1226 5555 1261 5593 na
1274 5537 1412 5606 desiderio
1428 5538 1569 5604 lassescat,
1584 5543 1667 5610 gustu
1683 5553 1740 5590 suae
1761 5529 1889 5594 eastitatis

270 5625 337 5679 bere
351 5625 476 5692 libuerit,
492 5643 549 5681 non
559 5627 599 5679 ita
612 5627 641 5679 in
657 5625 831 5696 marginibus
846 5626 919 5692 sicut
930 5625 975 5692 bic
987 5625 1071 5682 ltabe-
1110 5627 1191 5699 lenit,
1211 5634 1239 5695 et
1257 5629 1323 5687 dum
1346 5647 1426 5693 suum
1449 5630 1625 5699 praesentiam
1639 5628 1759 5692 emieat
1782 5639 1839 5684 etot
1858 5619 1887 5678 td
