3900 6168
86 233 127 298 m
583 241 630 298 DE
648 241 735 300 Vl’lA
752 243 797 300 ΕΤ
816 241 979 300 scalaris
998 241 1206 302 bonizotus.
1556 244 1559 252 ’
1663 241 1718 302 802

83 368 263 436 mgnomenbo
275 363 621 426 Candidummardinalem
632 367 829 439 presbyterum
840 366 909 430 ’Μ
950 366 1065 424 Plenius
1076 367 1104 423 id
1115 367 1259 442 praestabit
1267 385 1338 443 opus
1351 368 1531 443 ipsum,qnod
1540 366 1717 426 eruditorum

84 453 109 508 S.
134 453 289 509 Clementis
327 453 376 526 qui
394 469 469 510 anno
488 451 553 512 loni
571 455 756 526 postobitum
771 458 879 514 Nicolai
918 457 1007 512 oculis
1021 455 1189 514 subductum
1204 463 1233 513 at
1245 459 1330 530 longa
1341 458 1480 514 oblivione
1494 457 1631 513 memoria
1645 457 1719 531 ipso·

84 557 155 614 pape
164 548 253 614 caput
264 547 295 598 et
306 541 511 614 antesignanus
525 542 579 598 init
596 559 694 600 eorum
710 545 758 618 qui
773 563 877 604 novum
919 561 983 601 rum
998 551 1169 619 exemptum,
1193 563 1291 620 parum
1315 547 1405 604 abluit
1423 547 1492 619 quin
1520 546 1582 618 ipso
1604 546 1664 601 lere
1689 547 1718 602 in

84 631 237 704 potificem
252 632 411 687 Romanum
427 649 484 688 non
507 633 561 689 nisi
575 635 703 691 consulto
722 640 751 690 et
763 651 879 692 consen·
919 641 1002 707 portu
1014 635 1192 708 naufragium
1204 635 1349 692 lacerath}
1363 636 1529 691 bibliotheca
1540 635 1614 690 enim
1624 633 1717 701 boica,

82 722 164 776 tiente
182 720 254 794 imp.
268 720 389 778 ilenrico
413 722 451 777 IV
473 721 626 779 creandum
645 741 707 780 esse
725 725 877 782 contende·
919 722 968 779 ubi
995 723 1101 779 latebat
1114 729 1144 779 et
1156 723 1270 780 fallebat
1283 725 1396 796 ignotus
1420 725 1514 789 codex,
1536 723 1566 778 in
1595 722 1718 779 hominis

83 815 154 864 mat.
171 827 186 864 s
920 811 1021 884 privati
1035 812 1233 870 bibliothecam
1245 815 1430 886 (superfluam
1444 814 1526 868 luxus
1541 817 1569 867 et
1586 810 1717 884 potentias

452 901 500 956 v1.
920 901 1132 974 supellectilem]
1148 903 1304 969 traductus,
1326 920 1343 958 a
1364 907 1455 958 morte
1470 903 1541 972 ejus,
1561 899 1714 973 insugula

333 990 412 1044 Liber
425 990 462 1044 od
475 991 615 1045 Amicum.
920 991 1042 1064 quodam
1059 991 1171 1048 familias
1185 991 1375 1048 herciscundae
1399 991 1576 1046 commodum
1591 996 1715 1062 tempus,

114 1077 156 1131 lta
174 1092 241 1131 enm
267 1075 402 1148 indigitat
422 1077 483 1150 ipse
508 1078 610 1134 Bonizo
624 1078 655 1134 in
672 1079 728 1134 fine
742 1079 879 1152 epitomes
919 1080 1009 1136 donec
1018 1079 1055 1134 ad
1072 1079 1242 1136 bractearios
1258 1081 1322 1146 iret,
1338 1080 1562 1154 praestolabatur,
1575 1080 1642 1134 dum
1657 1090 1717 1134 maz

86 1165 207 1220 Historiae
221 1165 381 1238 pontificiae,
390 1183 529 1222 mnonnm
539 1168 696 1224 collectioni
710 1185 728 1224 a
741 1185 772 1224 sa
787 1185 879 1224 susce·
919 1185 987 1225 num
1002 1172 1123 1226 ducente
1133 1171 1260 1226 Minerva
1272 1172 1301 1228 in
1311 1188 1375 1228 eum
1383 1171 1483 1226 incidit
1495 1169 1536 1224 vir
1548 1168 1716 1226 reverendus

84 1259 140 1324 pta,
151 1253 179 1308 in
189 1253 285 1309 codice
295 1254 505 1310 vindobonensi
516 1257 696 1328 praesensi
704 1263 799 1313 autem
808 1274 879 1331 opus
919 1263 947 1314 et
959 1259 1137 1330 gravioribus
1158 1276 1237 1332 aeqiie
1258 1277 1290 1316 ac
1317 1259 1517 1315 amoenioribus
1535 1259 1647 1324 litteris,
1664 1274 1715 1330 pro

84 1342 151 1397 istud
161 1342 281 1414 insigne,
298 1343 392 1415 ipsum
406 1344 477 1399 illnd
492 1345 566 1417 qued
577 1362 611 1401 ex
625 1345 798 1402 membranis
814 1347 878 1403 Boi·
918 1348 1055 1404 natalium
1067 1353 1096 1404 ct
1105 1348 1226 1404 instituti
1241 1349 1380 1420 dignitate
1393 1347 1719 1404 instructissimuslosn·

84 1431 337 1494 cis,nosemiibros
349 1433 511 1507 complexis,
528 1435 611 1490 modo
626 1434 877 1509 inlucemprotro·
918 1453 968 1493 nes
984 1437 1172 1494 Edelvveckius
1187 1439 1313 1493 clericor.
1343 1456 1402 1510 reg.
1427 1437 1463 1493 D.
1485 1437 1614 1508 cajetani
1637 1435 1713 1509 apud

85 1520 874 1592 bimushrgumentumbreviteritaadumbravitBoniao:
918 1543 969 1582 nos
982 1527 1145 1598 degentium
1162 1532 1225 1584 tuni
1246 1527 1422 1600 praepositus,
1434 1526 1482 1598 qui
1501 1527 1650 1599 profugum
1665 1529 1717 1581 aut

88 1629 98 1660 ι
112 1609 246 1666 Ceterum
260 1610 285 1666 si
299 1611 363 1682 quis
376 1611 412 1666 de
425 1611 625 1684 Theophilacto
637 1613 876 1687 Tusculano‚qua·
885 1641 909 1703 B
918 1622 1030 1688 raptum
1046 1616 1160 1672 familiae
1173 1617 1305 1694 restituit.

85 1698 249 1754 literloanni
261 1699 401 1756 sacerdoli
409 1701 532 1756 vendidit
541 1709 686 1775 papatum,
699 1709 728 1758 et
737 1705 877 1776 quomodo
955 1705 1048 1760 (lodex
1064 1705 1124 1776 ipse
1140 1697 1370 1766 membranaceus
1393 1708 1437 1760 est
1460 1704 1489 1760 in
1510 1709 1609 1776 quarta
1630 1718 1716 1774 quam

86 1779 302 1859 nno'eodemquc
314 1791 676 1863 temporeTheophylacms
686 1797 715 1846 et
724 1793 877 1864 Gregorius
918 1800 1018 1849 vocant
1041 1793 1131 1849 forma
1154 1785 1243 1866 eaque
1258 1795 1366 1850 minore
1380 1799 1409 1849 et
1432 1810 1495 1849 vere
1518 1791 1717 1865 quadratam

87 1883 111 1930 ct
123 1877 261 1946 Sylvester
269 1877 430 1940 Romanum
444 1895 500 1934 non
507 1879 652 1951 regebant,
666 1881 715 1936 sed
730 1881 878 1938 vastabant
919 1881 1084 1938 'Bavaricam
1110 1901 1143 1938 cx
1158 1883 1342 1940 schedeliann
1362 1883 1487 1950 transiit,
1507 1881 1591 1937 toties
1605 1898 1623 1936 a
1637 1879 1717 1936 nobis

87 1965 280 2036 pontificatum,
306 1973 336 2022 et
359 1967 481 2039 qualiter
507 1967 647 2026 Hearicus
672 1987 731 2037 rex,
757 1969 878 2026 Conradi
923 1973 1496 2045 memorata-Antiquissisdomininullum
1506 1971 1546 2027 ibi
1556 1970 1717 2042 vestigium,

87 2053 161 2120 filins,
175 2055 333 2110 &menam
348 2056 499 2112 Ecclesiam
514 2074 531 2112 a
545 2057 648 2114 talibus
668 2059 793 2131 pestibus
807 2059 878 2116 libe·
918 2061 947 2117 in
964 2061 1072 2134 postico
1084 2077 1179 2117 assera
1202 2061 1231 2117 in
1255 2062 1389 2117 schedula
1408 2060 1594 2134 agglutinata,
1616 2059 1718 2114 chara-

87 2143 159 2206 rarit,
172 2160 279 2214 gnarus
297 2161 359 2200 esse
377 2145 506 2209 voluerit,
522 2147 599 2219 legat
611 2146 714 2203 librum
733 2165 817 2220 quem
832 2149 878 2204 di·
917 2154 993 2204 ctera
1007 2166 1090 2222 quem
1104 2155 1205 2206 vocant
1214 2151 1369 2206 monastico
1383 2149 1504 2221 legitur:
1520 2151 1638 2205 libellus
1648 2147 1718 2202 Boni

88 2233 161 2298 atavi,
173 2233 218 2305 qui
233 2233 402 2290 inscribitur
423 2234 468 2292 Ad
480 2237 611 2290 Amicam
620 2255 628 2300 ;
648 2236 737 2296 stibi
754 2237 877 2293 inveniet
926 2239 1036 2306 Tironis,
1056 2243 1081 2293 el
1103 2243 1141 2294 csl
1157 2238 1325 2294 Glironican
1341 2238 1523 2294 deminution
1550 2251 1645 2306 usquc,
1661 2239 1715 2290 etc.

90 2320 878 2395 hacordinabilitcressedigesta.Invenietautem,etibi
955 2328 987 2383 In
1011 2327 1104 2382 antico
1120 2343 1185 2382 vero
1209 2327 1387 2384 forinsecus:
1413 2327 1537 2382 Historia
1556 2324 1717 2381 Roiiitbonis

88 2427 151 2482 popa
166 2410 296 2467 Clemens
306 2412 593 2485 electusqualitcrsit,
607 2413 762 2488 qualiterve
776 2414 879 2472 ilenri-
923 2415 1063 2472 Sulricns.
1089 2418 1169 2486 episc.
1191 2417 1223 2470 de
1236 2418 1422 2486 persecutione
1440 2416 1573 2471 Ecclesia.
1596 2413 1715 2484 adjecto

93 2515 135 2553 cus
148 2517 193 2555 ms
207 2501 364 2572 imperator
388 2499 423 2556 ab
448 2502 547 2557 eodem
569 2493 785 2570 ordinatuasit,
801 2505 878 2560 etde
922 2511 990 2560 nota
1009 2503 1097 2560 veteri
1111 2503 1284 2560 bibliothece
1307 2505 1377 2562 scor.
1394 2505 1448 2570 Vll,
1466 2520 1545 2558 nulii.
1562 2516 1607 2559 niv
1619 2505 1653 2573 A,
1668 2501 1717 2574 qui

90 2587 199 2644 Damaso
212 2589 275 2661 ejus
289 2607 450 2646 successore
460 2597 529 2664 quot
535 2591 565 2647 in
572 2597 678 2664 papatu
688 2593 875 2658 duxeritdies,
921 2593 1000 2661 ordo,
1014 2592 1181 2649 bibliotheca
1193 2609 1226 2648 es
1240 2592 1520 2649 arte'l'auikimhensi
1535 2590 1717 2647 monachium

88 2683 111 2730 e
123 2677 155 2732 de
167 2680 300 2750 praeclaro
314 2680 416 2741 mone.
434 2681 502 2751 quid
516 2680 546 2736 in
562 2688 668 2754 papatu
690 2682 792 2754 egerit,
807 2699 878 2755 qua·
919 2681 954 2736 ab
978 2681 1094 2736 hibrvto
1111 2681 1258 2748 translata,
1274 2687 1370 2753 postea
1384 2679 1560 2744 immutatus,
1575 2677 1718 2734 codicibus

88 2766 174 2821 litcrre
188 2767 274 2822 sitam
289 2768 404 2834 finierit,
420 2774 449 2824 et
462 2769 497 2825 dc
515 2769 624 2826 Victore
636 2772 698 2843 ejus
713 2788 875 2828 successore
916 2770 1008 2826 adbuc
1033 2771 1120 2826 lnarct
1144 2770 1241 2826 illitus.
1267 2770 1358 2825 Hodie
1378 2768 1454 2824 inter
1481 2768 1543 2823 cod.
1572 2783 1625 2822 ms.
1652 2765 1716 2823 Lat.

89 2855 145 2926 quid
158 2857 257 2928 egerit,
277 2862 327 2912 aul
342 2858 410 2929 qnid
424 2860 487 2930 ejus
500 2859 675 2932 temporibus
695 2877 798 2917 novum
811 2877 875 2916 evc-
917 2875 997 2916 num.
1015 2873 1116 2914 ncsvnr
1130 2858 1258 2930 signatus
1271 2863 1324 2914 est.
1340 2858 1404 2930 lpse
1419 2858 1506 2912 codex
1524 2859 1717 2913 characterem

88 2945 163 3012 aevia
178 2952 207 3001 et
219 2946 257 3001 de
275 2947 418 3020 Stephano
434 2947 578 3004 Godelridi
593 2948 673 3004 ducis
687 2966 834 3022 germano,
849 2955 877 3006 et
885 2995 907 3057 (¹
918 2948 1013 3004 saculi
1032 2947 1192 3002 duodecimi
1219 2947 1260 3003 ita
1283 2947 1417 3019 graphice
1435 2947 1530 3008 refert,
1550 2953 1582 3002 ut
1604 2943 1718 3018 paradi·

89 3034 200 3103 qualiter
213 3037 275 3106 ejus
288 3035 462 3108 temporibus
471 3039 590 3092 Patarea
603 3038 676 3110 apud
687 3037 878 3094 Mediolanum
898 3031 908 3056 ¹
920 3037 1024 3110 gmatis
1038 3037 1099 3092 loco
1111 3037 1152 3092 rei
1167 3035 1354 3110 diplomaticae
1369 3035 1515 3109 tyronibus
1524 3051 1592 3112 ‚esse
1604 3032 1692 3106 possit
1709 3050 1715 3086 :

89 3128 172 3178 exona
182 3129 245 3188 est3
261 3128 290 3179 et
305 3123 341 3178 de
351 3125 467 3182 Nicolaa
482 3142 556 3199 papa
567 3131 596 3182 et
608 3125 643 3182 de
663 3127 712 3182 lite
728 3144 812 3200 qnam
827 3127 879 3183 lm·
919 3127 1020 3182 littera
1052 3127 1187 3198 capitales
1218 3125 1301 3181 hodie
1328 3125 1440 3186 aulient,
1476 3125 1526 3180 aed
1554 3123 1584 3178 in
1615 3121 1718 3196 quibus

89 3209 142 3266 buit
151 3229 214 3268 eum
229 3212 380 3269 Benedictc
395 3213 536 3276 invasore.
552 3215 661 3288 etquid
680 3217 770 3288 egerit
783 3217 812 3273 in
827 3233 878 3290 pa·
919 3215 1168 3287 vestigiaargenti,
1183 3232 1238 3287 quo
1249 3214 1368 3271 inductae
1381 3213 1503 3279 lucrant,
1522 3211 1616 3266 adhuc
1630 3209 1718 3266 mani·

89 3305 157 3369 patu,
171 3305 201 3355 et
213 3301 250 3356 de
263 3302 423 3357 Alexandro
438 3319 520 3374 papa,
533 3309 562 3359 at
576 3303 611 3358 de
626 3304 766 3376 litequam
778 3304 879 3360 habuit
918 3305 999 3362 festa.
1013 3305 1053 3362 lle
1066 3321 1151 3377 opere
1166 3304 1226 3376 ipso
1240 3303 1310 3358 nihii
1325 3308 1368 3358 est
1383 3302 1457 3374 quod
1473 3305 1539 3356 ante
1553 3299 1635 3355 dictis
1647 3297 1718 3370 adii·

88 3403 142 3444 cum
153 3390 257 3446 Cadoio
281 3389 434 3446 Parmense
449 3392 527 3447 etde
542 3393 742 3463 ejusvictoria,
768 3393 877 3466 etquid
919 3394 1000 3450 ciam.
1017 3395 1129 3450 Testem
1154 3399 1315 3466 temporum
1330 3391 1443 3448 illorum
1461 3405 1567 3446 novum
1582 3388 1716 3462 produco,

90 3478 169 3546 egerit
179 3479 208 3534 in
221 3485 327 3552 papatu
342 3480 414 3536 etde
426 3481 487 3552 ejus
500 3482 565 3549 sine,
581 3485 610 3536 at
624 3482 659 3538 da
673 3482 793 3555 septimo
809 3483 878 3538 Gra·
920 3498 955 3538 an
975 3489 1005 3538 et
1024 3483 1170 3538 veritatis?
1182 3483 1200 3538 ii
1214 3481 1390 3537 arbitrantur
1403 3480 1451 3553 qui
1473 3485 1598 3536 veterum
1614 3478 1716 3551 elegia,

90 3567 159 3634 gorio
169 3573 199 3624 et
211 3568 248 3623 de
257 3569 319 3638 eius
333 3568 478 3635 electione,
495 3576 525 3626 et
547 3571 582 3626 de
595 3570 652 3626 vita
663 3572 725 3642 ejus
749 3577 779 3628 et
792 3572 881 3627 mori·
920 3588 983 3628 cum
998 3578 1126 3628 recenter
1138 3571 1256 3644 repertis
1270 3571 1439 3626 testimoniis
1461 3569 1615 3625 conserent.
1631 3569 1721 3624 Notas

91 3652 323 3730 coaequaliter
341 3658 378 3713 ad
400 3659 489 3714 altare
505 3660 617 3716 Domini
639 3661 669 3716 in
690 3661 838 3716 nativitate
862 3679 880 3717 a
921 3678 977 3716 non
992 3661 1080 3733 adjeci
1092 3661 1312 3733 idqncconsulto
1323 3677 1357 3715 ne
1370 3660 1439 3714 mihi
1452 3675 1557 3731 coquos
1566 3657 1722 3730 iniquiores
1812 3663 1815 3670 '

90 3741 178 3800 Cautio
193 3747 252 3801 siro
266 3746 374 3802 erudeli
395 3753 494 3820 ceptus
508 3749 555 3816 sit,
568 3755 598 3804 et
611 3766 645 3804 eo
659 3749 705 3805 die
723 3749 773 3806 Dei
787 3751 881 3822 gratia
923 3749 1070 3806 redderem
1094 3767 1178 3822 quam
1196 3749 1334 3814 convivas,
1352 3754 1381 3804 et
1399 3766 1461 3820 quae
1485 3763 1596 3802 summa
1610 3745 1721 3803 consilii

90 3831 224 3900 liberatus,
245 3835 319 3890 atde
333 3836 435 3891 Warra
449 3853 534 3908 qnam
550 3837 686 3894 sustinuit
699 3838 736 3893 ab
759 3839 881 3895 ilenrico
921 3839 985 3905 luit,
1000 3845 1114 3911 propter
1135 3839 1288 3910 jusculum,
1304 3838 1408 3911 piscem
1423 3838 1540 3910 perdere
1562 3837 1657 3892 nolui:
1674 3853 1719 3892 re·

89 3919 260 3994 imperatore,
283 3929 313 3979 et
327 3925 362 3979 de
376 3925 575 3992 controversis,
601 3943 685 3999 quam
707 3927 882 3984 habuitcum
922 3933 1033 3983 centem
1061 3927 1176 3999 praebui,
1201 3927 1251 3983 alii
1272 3927 1414 3983 condiant.
1437 3927 1543 3982 ilerum
1572 3925 1720 3982 boicarum

89 4191 461 4255 nommducesitlibamtus,
477 4198 507 4248 et
516 4193 638 4264 qualiter
645 4193 728 4250 beato
738 4195 794 4250 linc
802 4194 883 4267 quio·
923 4210 971 4250 sus
981 4209 1051 4266 quos
1065 4193 1255 4249 maximorum
1270 4193 1392 4248 virorum
1404 4192 1491 4264 (quod
1505 4192 1619 4264 possim)
1630 4207 1722 4246 exem·

88 4277 163 4340 seat.
173 4280 319 4352 spissime
330 4280 483 4337 declarata.
497 4301 510 4334 s
523 4283 589 4338 liaec
602 4283 786 4356 Bonisaquae
798 4283 882 4340 verba
925 4284 972 4355 plo
986 4299 1032 4338 mo
1041 4287 1139 4351 tucai·;
1158 4281 1228 4338 mihi
1242 4287 1317 4338 certe
1331 4286 1439 4350 auctor,
1445 4280 1582 4336 hactenns
1595 4279 1722 4352 deplora-

90 4366 180 4423 esindc
204 4369 373 4441 deprompta
397 4377 494 4425 exacte
507 4372 610 4444 repetit
623 4372 775 4429 Beroniani
788 4373 881 4445 operis
924 4379 980 4440 tus,
996 4371 1044 4444 qni
1058 4388 1115 4427 non
1128 4371 1310 4428 Germanicas
1324 4371 1415 4427 solum
1430 4387 1487 4434 res,
1506 4385 1604 4426 verum
1621 4368 1722 4426 Boioas

16 4499 17 4502 ,
91 4453 201 4527 insignis
214 4455 422 4514 commentatoi
435 4459 549 4531 Pagina,
565 4465 594 4515 ct
609 4477 686 4516 more
702 4477 753 4517 sno
768 4459 883 4518 insertis
924 4477 1035 4533 quoque
1051 4460 1180 4533 plurimis
1203 4461 1233 4516 in
1255 4459 1324 4515 locis
1337 4459 1502 4526 illustraret,
1518 4459 1542 4514 si
1556 4459 1612 4514 alia
1626 4457 1723 4514 omnia

91 4545 160 4600 notis
173 4546 298 4602 illustrat
312 4551 371 4608 (loc.
380 4550 451 4618 cit),
464 4548 499 4606 ad
510 4565 580 4621 quas
589 4549 724 4606 lectorem
738 4551 883 4607 remitteve
924 4549 1020 4606 desint
1034 4551 1103 4621 (qno
1123 4548 1235 4604 abunde
1249 4555 1344 4605 tamen
1359 4549 1518 4622 supersunt)
1538 4546 1723 4620 dignissimus

90 4633 194 4703 placen
210 4641 349 4708 quantum
364 4642 460 4693 autem
473 4638 596 4710 pretium
611 4639 745 4695 statuerit
757 4639 805 4695 ille
822 4639 882 4712 ipse
924 4639 1062 4698 visusest.
1078 4638 1125 4711 qui
1141 4638 1353 4712 primaqunqnc
1363 4655 1419 4693 non
1429 4639 1496 4694 data
1506 4642 1723 4694 tantumverum

16 4757 17 4800 3
90 4731 332 4781 monumentorum
346 4726 472 4784 historiae
486 4728 680 4784 ecclesiasticae
694 4727 798 4802 probus
807 4729 884 4785 asti·
925 4729 1010 4784 etiam
1024 4733 1139 4802 arrepta
1153 4728 1298 4784 occasione
1313 4728 1463 4796 ederetur3
1483 4727 1559 4800 quod
1582 4743 1617 4782 ea
1635 4725 1724 4782 conti·

16 4817 17 4854 i
90 4818 187 4881 mator,
212 4830 247 4869 ex
273 4813 363 4870 verbis
389 4815 492 4888 quibus
514 4817 657 4887 jacturam
671 4818 732 4889 ejus
755 4818 885 4890 deplorat
925 4823 1000 4884 neat,
1020 4837 1031 4870 ι
1049 4833 1111 4889 quaa
1131 4817 1179 4889 qni
1193 4818 1278 4888 legat,
1294 4833 1350 4871 non
1364 4817 1484 4872 multum
1498 4814 1640 4872 desideret
1659 4832 1724 4872 con·

90 4899 167 4956 facile
176 4902 348 4976 colligimus.
365 4905 529 4970 «Prdieclo,
544 4907 682 4962 exclamat
693 4906 751 4976 illc,
768 4905 885 4979 periisse
925 4911 1029 4962 textam
1038 4904 1188 4960 historiam
1202 4903 1314 4960 illorum
1328 4909 1505 4978 temporum
1521 4903 1561 4960 sic
1576 4903 1651 4960 enim
1665 4921 1724 4960 om·

90 4991 247 5063 opus,quod
257 4993 409 5048 annalibus
420 4994 614 5051 ecclesiasticis
629 4995 781 5052 maximam
794 4996 886 5052 lucem
926 4994 974 5051 nia
988 4994 1023 5049 de
1037 4992 1138 5050 studiis
1155 4993 1325 5066 principum,
1339 4993 1413 5049 vitiis
1427 4993 1543 5057 ducum,
1560 4992 1724 5049 mutationi-

90 5079 232 5135 clludisset
245 5097 425 5154 summopere
443 5083 605 5140 dolendum.
621 5085 686 5140 Hac
699 5089 793 5141 tamm
808 5085 885 5140 sulli-
923 5083 976 5140 bns
995 5082 1154 5156 reipublice
1176 5083 1332 5156 perscripta
1346 5088 1421 5150 sunt,
1438 5088 1470 5138 nt
1484 5082 1554 5138 nihil
1573 5082 1603 5136 in
1619 5080 1723 5161 iisnon

90 5166 166 5223 aunt
190 5168 226 5224 ad
251 5169 453 5227 declarandum
475 5178 612 5246 quantum
634 5173 659 5229 is
677 5172 811 5230 derebus
830 5174 883 5230 hoc
924 5177 1059 5248 appareat
1071 5173 1170 5246 (Nepos
1184 5173 1218 5228 lla
1231 5175 1311 5244 epist.
1328 5173 1467 5230 &aaronis
1478 5173 1515 5226 orl
1528 5171 1674 5240 Atticum).

89 5259 214 5329 tempore
226 5258 322 5316 Roma
334 5259 421 5334 gestis
431 5261 547 5321 edoctus
560 5261 682 5322 luerit.»
1494 5273 1495 5276 ’

729 5475 1082 5504 Ἣ
