3970 6172
129 361 203 426 titt
465 377 470 384 “
737 370 942 430 DISCIPLINA
959 370 1168 428 ressensis.
1701 373 1769 432 rtet

128 494 233 548 cunae
247 488 340 564 signe.
354 496 417 550 turn
433 511 554 568 vesperae
569 499 744 554 mortuorum
761 516 767 552 :
784 495 886 552 dehInc
900 495 935 551 nd
947 496 1103 555 iterantibus
1124 497 1232 554 cunctis
1254 499 1343 570 signis
1365 513 1455 570 usque
1476 500 1543 554 dum
1557 499 1596 554 ait
1610 499 1640 556 in
1659 501 1779 559 ecclesio

128 583 338 654 processionem
366 591 433 638 enrrt
450 601 514 639 curn
538 602 653 657 vespera
675 585 800 641 samnium
825 593 936 640 sancto·
976 587 1133 658 depositum
1156 589 1302 649 feretrum,
1329 595 1436 659 septem
1459 588 1629 644 candelabra
1654 596 1712 645 tam
1741 593 1778 648 ad

128 687 206 725 rum.
223 673 255 728 In
270 672 392 727 crastino
407 680 471 744 post
483 675 648 730 nocturnale
663 675 828 746 obsequium
842 675 934 729 denuo
975 685 1060 747 caput
1082 694 1165 748 quam
1189 676 1223 730 nd
1247 679 1332 748 pedes
1354 684 1503 748 ponantur.
1519 677 1599 733 ‘Iunc
1616 678 1779 737 incensetur

128 761 372 834 pulsentursigna
382 763 540 818 etaim-ium
553 772 727 819 mortuorum
738 764 933 836 peragantrld
976 764 1032 819 alia
1048 765 1105 819 ricc
1118 784 1123 820 :
1136 765 1238 821 deinde
1248 764 1406 821 celebretur
1419 782 1469 836 pro
1479 781 1512 821 eo
1524 767 1609 822 misse
1618 784 1680 823 cum
1695 769 1778 840 pleno

128 851 247 906 missam
259 850 355 905 eadem
371 851 484 907 faciant.
498 854 551 908 I‘ro
562 853 647 908 nullis
661 853 724 908 aliis
736 861 867 908 cantatur
879 859 935 906 tra·
975 854 1077 919 olllcio,
1089 855 1271 909 offerentibus
1285 853 1425 918 omnihus.
1440 853 1553 926 Expleta
1564 855 1648 911 minsa
1659 865 1778 915 sonetur

127 944 193 994 dus
212 940 287 1012 apud
303 957 363 1005 nos,
382 941 438 996 nisi
458 957 508 1014 pro
524 942 623 997 borum
640 942 810 1006 nominibus,
826 959 888 1014 que
905 941 933 998 ln
974 942 1085 1014 signam
1101 959 1188 998 unum
1206 943 1279 1016 quod
1301 944 1393 1011 maius
1407 951 1450 997 est
1464 949 1523 998 tres
1537 943 1619 1012 vices,
1631 951 1660 1001 et
1672 945 1777 1002 dentur

127 1028 263 1101 prasenti
281 1029 469 1100 patescimus;
488 1047 540 1102 pro
562 1030 663 1086 abbate
689 1031 777 1103 ipsius
800 1031 862 1097 loci,
883 1047 933 1102 pro
954 1081 957 1090 ,
973 1031 1047 1086 cerei
1063 1049 1114 1105 per
1125 1048 1241 1094 omnes:
1257 1032 1394 1104 inpriant
1408 1033 1463 1087 duo
1478 1033 1580 1089 iratres
1591 1052 1597 1088 :
1610 1034 1695 1105 Kyrie
1709 1037 1776 1090 elei-

127 1134 199 1189 rege
225 1124 312 1190 atque
340 1119 447 1190 regina,
474 1120 605 1192 episcopo
633 1121 694 1192 ipso
728 1119 773 1175 die
805 1137 822 1176 e
849 1135 933 1175 carne
973 1136 1032 1175 son.
1045 1119 1235 1176 Domhbbas
1249 1119 1334 1184 dicat,
1348 1121 1471 1176 oremus.
1484 1121 1545 1176 Noa
1558 1126 1656 1191 inires.
1667 1122 1776 1180 Deinde

128 1207 236 1273 evulso,
260 1211 288 1262 et
308 1207 361 1262 loci
389 1207 478 1280 ipsius
503 1211 618 1270 lactare,
642 1216 670 1264 et
697 1215 820 1282 quatuor
841 1208 933 1264 oiircIa
972 1209 1098 1264 incenset
1115 1211 1204 1265 altare
1215 1209 1307 1264 tribus
1320 1209 1437 1271 vicibus,
1449 1225 1550 1282 corpus
1559 1211 1684 1266 defuncti
1695 1213 1775 1267 simi-

126 1295 213 1368 plena
235 1312 298 1368 que
319 1298 488 1368 presignato
510 1298 571 1368 jam
599 1296 745 1353 habemus.
772 1297 808 1353 Es
823 1313 932 1353 nuncu·
972 1299 1045 1354 liter.
1063 1297 1124 1354 Hoc
1146 1305 1258 1371 peracto
1282 1309 1419 1354 sonentur
1442 1299 1538 1354 omnia
1558 1299 1649 1371 signa.
1665 1301 1774 1358 Deinde

127 1391 197 1456 pato
214 1386 275 1456 jam
300 1385 400 1441 abbate
415 1383 601 1458 qualicunque
617 1386 686 1442 seria
707 1387 832 1442 evenerit
844 1405 932 1459 gene·
972 1389 1179 1459 antiphona,ln
1188 1387 1775 1460 paradisumllebetesseomnisprocessio

127 1473 218 1528 ralem
239 1480 268 1529 et
291 1474 454 1547 pietantiam
476 1475 598 1530 babeant
611 1475 641 1530 in
656 1476 802 1531 refectorio
816 1477 928 1544 iratres,
972 1477 1046 1532 sicut
1062 1493 1157 1549 supra,
1179 1482 1294 1550 excepto
1309 1478 1439 1548 phanone
1456 1496 1462 1530 :
1478 1475 1587 1548 reliqua
1602 1478 1698 1534 omnia
1713 1495 1775 1550 quae

127 1563 214 1617 etiam
239 1569 268 1617 et
291 1563 432 1633 potionem
456 1579 519 1618 cum
549 1564 642 1619 sonitu
666 1565 775 1637 squillae
797 1585 802 1620 :
828 1565 929 1622 tabulae
971 1567 1128 1621 faciendum
1143 1565 1421 1626 sunt.iacianlsiout
1435 1566 1773 1624 mosestaddeiunctum

126 1666 184 1706 non
198 1651 405 1722 cooperiantur.
421 1654 444 1706 Α
460 1652 674 1725 Septuagesima
686 1671 775 1724 usque
789 1654 930 1710 Kalendas
972 1657 1141 1711 monachum
1159 1655 1327 1712 iaciendum.

126 1739 305 1800 Novembris.
328 1741 351 1795 si
377 1741 428 1795 hoc
449 1744 574 1797 evenerit
600 1759 654 1797 noo
672 1744 819 1814 pulsentur
838 1745 928 1815 signa,
1255 1745 1373 1801 CAPUT
1392 1743 1492 1800 LXIII.

125 1829 180 1883 nIsi
193 1835 303 1884 tantum
318 1829 352 1884 ad
368 1829 490 1885 oliiciurn
503 1837 677 1887 morinorum
701 1827 774 1903 quod
787 1833 819 1888 lit
829 1834 856 1887 in
872 1811 961 1887 res·B
1089 1833 1124 1886 ne
1145 1835 1224 1886 luicis
1238 1834 1375 1900 minaciis
1397 1835 1519 1902 qualiter
1536 1839 1649 1901 apatur.

125 1933 204 1988 pere.
217 1924 247 1972 et
260 1918 296 1972 ad
312 1919 426 1974 missam
442 1919 471 1972 in
483 1920 615 1973 crastino.
633 1922 663 1975 ln
678 1920 870 1976 anniversario
882 1921 930 1976 de·
1005 1919 1123 1984 Quando
1138 1920 1242 1992 aliquis
1258 1921 1344 1976 laicus
1358 1922 1459 1976 obierit
1474 1929 1501 1976 et
1516 1921 1550 1976 ad
1568 1924 1772 1980 monasterium

125 2006 216 2062 functi
231 2019 287 2062 rron
303 2007 379 2074 prius
392 2014 435 2062 est
456 2008 639 2064 celebrandra
655 2008 750 2066 missa.
766 2027 850 2080 quam
866 2011 928 2064 olli·
969 2009 1103 2068 delertur,
1118 2026 1216 2064 omnes
1230 2011 1332 2066 lratres
1344 2011 1370 2064 in
1387 2010 1503 2065 ecclesia
1517 2010 1639 2075 obvient,
1658 2017 1687 2067 et
1697 2013 1771 2067 acci-

125 2093 927 2170 cium.sistudearrrushuncmodumilliinrpertirequem
971 2097 1049 2167 piant
1063 2099 1187 2152 conversi
1203 2098 1382 2162 candelabra,
1400 2116 1501 2169 aquarn
1527 2109 1663 2165 sanctam,
1679 2101 1774 2158 incen-

124 2183 187 2236 rult
202 2183 330 2254 adipisci,
350 2184 507 2240 videliceta
530 2185 608 2240 lestis
622 2185 746 2240 onmium
764 2197 927 2242 sanctorum
968 2203 1041 2242 snm.
1056 2191 1085 2241 el
1097 2202 1207 2241 crucem
1227 2205 1234 2240 ε
1252 2187 1363 2241 lnchoet
1378 2188 1455 2258 prior
1469 2187 1497 2242 in
1514 2188 1599 2242 choro
1617 2191 1769 2260 psalmum,

124 2287 217 2342 nsque
242 2272 484 2344 septuagesimam
508 2274 620 2345 quando
635 2274 730 2345 vigilia
751 2283 926 2332 mortuorum
969 2277 1096 2330 Miserere
1115 2278 1178 2336 inei,
1197 2278 1273 2339 Deae,
1294 2283 1322 2332 et
1335 2277 1417 2340 alios,
1433 2284 1462 2330 et
1476 2282 1543 2332 eant
1563 2286 1661 2332 contra
1674 2278 1772 2336 delun-

124 2360 255 2415 noctibus
266 2361 370 2432 agitur,
389 2368 481 2433 potest
495 2380 519 2416 r.
538 2379 567 2434 g.
586 2363 610 2417 ei
625 2364 708 2418 horlir
723 2364 869 2420 duodecim
886 2367 927 2420 le·
968 2371 1043 2418 ctum
1061 2365 1090 2420 in
1106 2363 1228 2422 obviam.
1254 2365 1336 2420 Dicat
1351 2365 1427 2436 prior
1442 2369 1522 2421 Pater
1540 2372 1640 2428 noster,
1657 2373 1723 2436 etc,
1740 2373 1772 2424 ut

123 2449 233 2506 mones
244 2452 324 2514 liunt,
337 2451 366 2506 in
377 2451 500 2507 crastino
512 2459 574 2523 post
585 2453 749 2508 nocturnale
759 2453 925 2526 obsequium
967 2469 1064 2525 supra.
1075 2453 1154 2507 Tunc
1166 2460 1302 2508 sonentur
1311 2453 1391 2524 signa
1402 2459 1430 2509 et
1440 2453 1637 2525 ingrediuntur
1646 2455 1675 2510 in
1686 2457 1771 2512 eccle-

122 2537 170 2608 agi
185 2547 362 2594 mortuorum
379 2539 482 2610 vigilia.
494 2539 621 2612 Denique
636 2548 664 2595 et
679 2541 793 2596 missam
809 2559 841 2596 ex
855 2543 927 2616 ipso-
967 2542 1037 2596 siam
1053 2559 1060 2597 :
1075 2541 1207 2596 sacerdos
1216 2541 1254 2596 sit
1265 2542 1293 2596 in
1304 2540 1368 2595 alba
1382 2543 1531 2597 revestitus
1540 2560 1604 2598 cum
1615 2543 1697 2599 stola.
1708 2545 1770 2601 Duo

122 2643 188 2682 rurn
199 2629 391 2684 anniversario
403 2628 546 2686 celebrant
556 2630 761 2685 matutinalem.
771 2631 843 2685 Nam
859 2632 926 2702 Sep·
966 2630 1067 2685 inatres
1089 2630 1231 2693 inchoent,
1246 2631 1329 2699 Kyrie
1343 2632 1452 2684 eleison.
1464 2631 1600 2686 Sacerdos
1610 2630 1686 2686 dicat
1695 2639 1766 2690 orat.

118 2717 287 2788 tnagesimee
296 2727 422 2789 tempore
437 2734 528 2790 usque
542 2726 703 2773 sanctorum
718 2719 843 2774 omniurn
854 2719 925 2775 festa
965 2720 1043 2775 Tunc
1056 2719 1181 2774 incenset
1195 2719 1285 2772 altare
1298 2723 1401 2773 sanetae
1412 2719 1509 2774 Crucis
1519 2727 1548 2774 et
1559 2736 1661 2792 corpus
1670 2720 1768 2778 delun-

117 2821 177 2877 quo
199 2807 231 2860 lit
245 2807 341 2878 vigilia
364 2813 427 2880 post
452 2807 580 2880 synantica
605 2808 824 2880 vespertinanrr
848 2824 869 2879 g
894 2809 924 2865 Si
964 2808 1002 2864 cti
1020 2806 1111 2862 tribus
1125 2805 1231 2861 vicibus
1250 2825 1257 2860 ι
1273 2807 1325 2860 hoc
1342 2814 1455 2878 peracto
1472 2807 1588 2879 incipiat
1603 2807 1711 2880 antiph.
1732 2811 1768 2866 In

117 2893 206 2950 hodic
228 2895 377 2951 duodecim
399 2907 524 2968 aguntur
539 2896 681 2956 lectiones.
704 2897 733 2952 in
753 2896 876 2951 crastino
890 2913 922 2952 ea
961 2897 1187 2966 paradisorum
1208 2900 1275 2950 eant
1296 2895 1331 2948 ad
1351 2895 1544 2950 coemeterium
1563 2896 1604 2951 sle
1625 2913 1676 2969 per
1688 2897 1766 2952 ordi-

114 2983 182 3056 ipso
192 2985 385 3040 anniversario
396 2985 509 3050 missam
518 2984 660 3040 celebrare
670 2985 823 3041 secundum
836 2986 921 3042 ritum
963 2998 1046 3040 nem:
1063 2999 1137 3054 aqua
1153 2997 1253 3038 sancta
1268 2994 1361 3049 antea,
1374 2984 1475 3038 deinde
1487 3001 1564 3046 crux,
1576 2986 1766 3058 subsequatur

117 3087 176 3126 non
189 3089 339 3143 possumus
360 3074 413 3129 nisi
428 3074 650 3130 advenientedie
659 3073 805 3146 sequenti:
822 3091 855 3128 err
870 3073 922 3128 hoc
963 3074 1107 3129 incensum
1134 3089 1198 3126 cum
1227 3071 1337 3127 duobus
1364 3072 1558 3139 candelabris;
1589 3074 1712 3130 infantes
1736 3081 1766 3130 et

116 3177 181 3232 quae
196 3163 335 3234 capimus.
352 3163 448 3218 omnia
459 3164 582 3218 valemus
594 3163 715 3220 etiloere.
728 3163 920 3234 Similiterque
960 3149 1086 3220 conversi
1098 3181 1104 3216 :
1117 3162 1208 3217 caeteri
1221 3161 1353 3216 incedant
1361 3161 1434 3217 sicut
1446 3167 1511 3217 sunt
1523 3163 1631 3234 priores
1643 3183 1649 3216 :
1661 3163 1764 3220 deiude

115 3257 296 3306 mortuoram
313 3252 457 3308 matutinae
467 3251 525 3306 sire
539 3251 679 3314 dicantur,
696 3252 787 3310 sire...
802 3258 830 3306 et
840 3253 879 3307 sic
888 3252 918 3306 in
961 3253 1095 3307 teretrum
1108 3257 1166 3322 post
1180 3267 1286 3306 omnes.
1299 3250 1419 3305 Psalmis
1429 3251 1547 3323 expletis
1556 3258 1586 3308 et
1595 3252 1760 3324 antiphona,

115 3338 172 3394 alio
186 3340 233 3394 die
249 3357 299 3411 pro
311 3340 351 3396 eis
364 3341 499 3397 celebrari
513 3357 576 3396 curn
592 3340 754 3412 antiphonis
769 3347 861 3412 potest
961 3359 1023 3413 quae
1043 3348 1086 3396 est
1113 3340 1141 3394 ln
1166 3339 1328 3410 Evangelio,
1352 3340 1472 3394 Absolve.
1494 3340 1574 3395 'Iunc
1599 3342 1763 3414 pronuntiet

151 3429 254 3484 Solent
273 3446 338 3484 vero
358 3429 485 3486 nonnulli
508 3429 683 3502 interrogare
705 3429 727 3485 si
747 3430 830 3484 liceat
852 3446 919 3501 quo·
959 3429 1099 3488 sacerdos,
1121 3431 1202 3482 Pater
1220 3431 1321 3482 noster.
1336 3428 1369 3482 le't
1382 3443 1415 3482 ne
1432 3444 1490 3483 aas.
1505 3429 1605 3500 Capri
1621 3435 1702 3499 porta
1713 3432 1762 3486 in-

113 3517 186 3573 tidie
201 3535 294 3582 orare,
305 3519 531 3574 autsacrilicium
544 3519 600 3574 lieo
610 3518 709 3573 ollerre
720 3534 770 3589 pro
780 3517 918 3572 mortuis?
958 3521 1023 3588 seri,
1049 3523 1101 3572 etc.
1127 3516 1341 3571 Revertentibus
1364 3517 1471 3572 cunctis
1494 3525 1626 3573 cantatur
1651 3525 1759 3590 septem

114 3605 224 3672 Quibus
253 3607 438 3678 repondetur
456 3623 462 3657 :
484 3607 551 3678 quia
566 3607 691 3678 plerique
716 3605 745 3659 in
764 3605 917 3662 Ilominicis
958 3605 1068 3677 pealrdI,
1081 3606 1247 3676 usquedum
1262 3605 1319 3660 sint
1333 3605 1362 3660 in
1375 3605 1501 3668 ecclesia,
1517 3611 1545 3660 et
1558 3614 1657 3678 perget
1671 3624 1761 3663 unus·

112 3694 214 3750 diebus
227 3696 396 3751 eacmlchum
408 3713 458 3768 pro
469 3695 587 3750 mortula
598 3711 652 3749 non
667 3695 789 3749 ollerunt
802 3704 918 3765 propter
958 3695 1077 3766 quisque
1086 3695 1120 3749 ad
1132 3695 1222 3748 ollicia
1238 3711 1299 3749 sua.
1313 3695 1371 3748 Nec
1383 3692 1486 3750 debent
1497 3693 1573 3765 loqui
1584 3695 1613 3750 in
1623 3697 1759 3763 claustro,

112 3784 288 3855 singularem
310 3787 494 3840 reverentiora
511 3784 661 3839 [lominicis
685 3783 913 3851 resurrectionis;
958 3785 1126 3856 usquedum
1142 3783 1385 3848 exeantinlantes,
1403 3790 1430 3838 et
1444 3783 1547 3838 dicant.
1563 3784 1761 3846 lleoerlicite,si

79 3870 81 3874 ’
111 3873 244 3928 videlicet
263 3874 390 3945 quiaille
414 3873 490 3928 solus
511 3875 584 3928 inter
604 3879 731 3927 mortuos
749 3872 821 3926 liber
837 3871 912 3926 suit:
956 3879 1067 3945 tempus
1088 3873 1173 3928 luerit
1197 3872 1340 3944 loquendi.
1368 3873 1396 3927 Si
1412 3873 1585 3943 quisautem
1602 3873 1758 3928 exmedio-

111 3960 176 4016 ideo
193 3962 274 4018 valde
288 3963 431 4026 condecet,
448 3968 481 4018 ut
502 3963 563 4033 ejus
577 3961 729 4032 singularis
748 3961 915 4016 resurrectio
956 3963 1050 4017 oribus
1064 3961 1247 4032 exspiraverit
1260 3967 1335 4022 eant,
1358 3956 1456 4031 quanti
1477 3961 1554 4032 prior
1565 3961 1691 4031 jusserit.
1708 3959 1758 4014 In·

110 4049 312 4106 venerabiliter
336 4051 371 4106 ab
391 4052 523 4106 omnibus
546 4057 573 4106 et
598 4052 660 4107 sine
680 4051 799 4122 alleujus
821 4051 913 4106 aduri-
954 4052 1045 4106 lantes
1065 4051 1135 4106 nihil
1160 4049 1349 4121 peragentia
1371 4049 1423 4102 hac
1447 4048 1524 4103 hora.
1552 4048 1593 4102 De
1616 4048 1758 4104 conversis

111 4137 203 4195 stione
216 4139 342 4196 defuncti
356 4141 522 4196 celebretur.
953 4145 1073 4212 pergant
1095 4138 1192 4210 quanti
1217 4154 1331 4192 necesse
1351 4142 1428 4202 sunt,
1454 4142 1486 4192 ut
1511 4141 1624 4208 portent
1647 4137 1754 4204 omnis,

404 4247 521 4304 cqpprp
539 4245 626 4302 ΜΠ,
954 4246 1016 4302 quae
1041 4228 1086 4284 hle
1111 4243 1236 4299 congrua
1258 4232 1346 4282 sunt:
1367 4225 1403 4281 de
1423 4225 1532 4298 reliquo
1558 4223 1663 4279 iaciant
1681 4225 1756 4280 sicut

164 4337 202 4391 lie
215 4339 346 4405 ιριὶςσορὺ
360 4337 497 4406 &nanctis
509 4338 630 4402 qualiter
643 4338 820 4406 accipiuntur
831 4338 864 4390 in
952 4335 1046 4391 ⁵¹¹P1'8·

453 4407 582 4464 cambio.
918 4441 944 4502 D
1236 4403 1353 4462 CAPUT
1371 4401 1471 4460 LXIV.

145 4494 267 4560 0Μῦἆο
280 4495 383 4568 ³¹ii⁰i⁸
403 4497 550 4570 episcopus
566 4495 738 4568 'nissffllilib
754 4501 783 4550 ⁰²
799 4495 835 4550 ad
851 4511 911 4550 ¹¹¹⁰·
952 4516 988 4570 De
1001 4513 1102 4585 officiis
1119 4513 1283 4582 plenisque
1300 4515 1363 4580 lteri
1382 4511 1477 4565 debent
1494 4514 1607 4580 propter
1624 4515 1753 4579 parentes

106 4585 268 4640 casterium
289 4584 374 4640 luerit
393 4585 556 4658 portandas,
573 4601 671 4640 omnes
686 4584 787 4640 tratres
808 4583 912 4640 debent
988 4585 1198 4646 monachorum,
1209 4587 1265 4638 sive
1277 4599 1329 4653 pro
1342 4581 1536 4652 familiaribus
1547 4585 1649 4637 nostris
1664 4584 1752 4638 teria

103 4687 170 4728 eme
184 4675 214 4728 ia
230 4674 327 4746 cappis
343 4675 477 4736 revestiti,
498 4673 619 4729 intentes
644 4673 674 4727 in
688 4672 760 4727 albis
776 4685 782 4720 t
798 4673 911 4728 inchoet
987 4673 1072 4713 “iliw-

103 4762 197 4833 prior,
209 4763 338 4818 Miserere
351 4765 414 4824 mei,
429 4765 507 4826 Deus,
519 4769 584 4822 etc..
594 4767 624 4818 et
633 4770 699 4816 eant
710 4767 789 4816 extra
799 4768 909 4832 portam
986 4759 1021 4816 in
1036 4760 1127 4832 cupite
1141 4757 1369 4830 Quadragesimre
1382 4758 1440 4813 sire
1461 4758 1551 4831 pridie
1566 4759 1662 4815 Nonas
1672 4758 1750 4830 tuni,

102 4866 171 4906 curn
190 4850 379 4924 phanonibus,
390 4850 502 4906 lamulis
518 4849 704 4923 portantibus,
720 4849 830 4905 duabus
845 4866 910 4905 cru·
950 4867 1001 4906 seu
1011 4850 1095 4906 tertio
1108 4849 1153 4904 dle
1165 4855 1228 4920 post
1240 4848 1419 4903 festivitatem
1433 4847 1624 4919 apostolorum
1636 4848 1712 4905 Petri
1723 4855 1753 4905 et

101 4937 198 5006 cibus,
222 4945 345 5011 quatuor
364 4939 549 5003 candelabris,
568 4939 719 4995 thuribulis
738 4938 857 5002 duobus,
882 4945 912 4995 et
951 4940 1041 5002 Pauli,
1054 4938 1095 4994 rel
1110 4937 1276 4992 Sanctorum
1287 4937 1421 4992 Omnium
1436 4938 1521 4993 tertio
1532 4937 1587 5004 die,
1599 4938 1652 4992 boc
1666 4938 1750 4994 modo

11 5063 12 5096 ,
101 5044 181 5100 eque
196 5033 302 5083 sancta.
326 5030 395 5084 Cum
411 5029 539 5086 venerint
564 5028 612 5084 ubi
627 5029 811 5086 constitutum
826 5029 912 5086 luerit
951 5028 1110 5084 scribantur
1121 5027 1149 5082 in
1166 5026 1366 5098 llartyrologio
1383 5027 1412 5082 ia
1423 5026 1514 5082 fronte
1525 5029 1643 5100 pagine.
1655 5029 1684 5082 Il
1694 5027 1750 5084 No-

11 5111 13 5182 }
99 5123 185 5172 stent
200 5116 391 5188 perordinem
406 5117 480 5172 sicut
502 5117 537 5172 nd
561 5119 779 5190 processionem,
796 5124 825 5172 et
842 5134 909 5173 can·
950 5119 1097 5174 curiatii
1123 5117 1246 5184 officium
1268 5117 1383 5184 plenam
1402 5117 1560 5184 firrtdiebus
1581 5120 1681 5183 septem
1697 5127 1750 5182 pro

11 5185 13 5237 l
99 5205 909 5278 teutboapsalmos,,ldllamiaumc·mlril›ularer.usque
949 5205 1263 5274 carretissamitioribus
1278 5208 1389 5268 nostris,
1405 5205 1490 5258 sicuti
1504 5205 1567 5271 fieri
1578 5206 1683 5254 mascel
1695 5216 1749 5269 pro

99 5295 136 5350 ed
162 5295 286 5350 mudule
303 5296 501 5350 Dominamrte
521 5299 602 5356 cetis.
617 5297 640 5350 si
655 5303 765 5351 tantum
782 5297 909 5366 perstite-
948 5295 1086 5363 [ratribus
1111 5295 1217 5348 aaatrer
1241 5293 1445 5372 defunctis;et
1464 5291 1651 5358 orrujustitiu
1667 5289 1750 5342 detur

99 5385 175 5440 rint
198 5383 252 5438 Sed
274 5399 336 5437 mox
350 5388 381 5438 ut
396 5384 502 5439 venerit
515 5402 617 5457 corpus
629 5386 720 5442 delum
731 5386 751 5440 ti
765 5385 909 5440 dimittant
950 5385 1068 5450 tripr'rrtu
1081 5382 1184 5436 diebus.

99 5475 242 5546 psalnros,
254 5481 283 5527 et
300 5472 377 5528 dicat
389 5473 529 5532 sacerdos.
542 5477 623 5530 Pater
637 5482 737 5530 noster.
754 5476 786 5530 nt
801 5491 835 5528 rre
849 5491 906 5530 reos.
985 5473 1039 5526 l‘ro
1055 5471 1234 5543 imperatore.
1253 5469 1302 5541 qui
1313 5469 1414 5539 dignus
1428 5466 1522 5534 suerit,
1534 5465 1575 5520 ita
1585 5464 1725 5520 scribatur
1741 5484 1749 5522 z

99 5563 176 5634 Cap.
193 5563 256 5616 Non
269 5565 356 5616 intres
370 5566 401 5616 in
410 5565 564 5632 judiciam,
580 5569 645 5622 etc..
663 5571 691 5619 et
706 5563 832 5636 deposito
846 5579 908 5618 cor·
953 5562 1041 5616 Tertio
1055 5563 1118 5616 letus
1132 5562 1205 5615 iulii
1218 5561 1348 5626 depositio
1362 5559 1459 5610 domari
1469 5558 1582 5610 ilenrirr'
1599 5558 1749 5623 imperoto-

102 5667 181 5724 νοτε
193 5649 355 5709 hamur
365 5667 400 5708 ac
412 5650 561 5710 inchoetur
578 5669 652 5726 resp.
668 5652 825 5712 Subvenite.
839 5651 909 5708 Pul·
948 5654 990 5707 rts
999 5653 1071 5720 Aua.
1081 5655 1181 5706 nostra
1189 5649 1325 5705 societatis
1339 5650 1364 5702 et
1377 5647 1567 5715 fraternitatis
1577 5645 1752 5720 charissimi,
1769 5639 1771 5646 ⁴
