3912 6166
123 268 167 329 aas
652 271 760 330 mann
778 271 826 329 nu
848 271 1001 332 ameum.
1023 299 1055 320 -
1075 271 1143 329 nra.
1163 269 1211 330 m.
1698 253 1754 318 ⁸2⁶

121 395 280 454 seminavere
294 396 323 450 in
339 397 451 469 populo.
468 395 655 453 ambrosiana
673 397 795 454 Ecclesia
809 399 837 456 in
853 397 1083 461 squlortantes
1106 397 1216 470 plebem
1237 398 1321 454 serbo
1342 392 1547 470 predicationis
1566 385 1763 448 insistebant..

120 493 186 542 stetu
203 492 365 558 permaneat
387 486 519 542 salsitatis
543 493 693 558 arguentes
714 487 906 549 Ambrosium,
948 486 1002 542 His
1011 486 1051 542 ita
1061 486 1158 558 gestis,
1169 488 1227 544 Deo
1238 487 1366 544 amabilis
1377 483 1585 544 Hildebrandus
1593 479 1629 536 ad
1639 475 1751 548 Lugdu-

121 575 260 647 sepissime
273 574 302 628 in
323 574 382 632 suis
394 575 506 647 scriptis
520 577 578 630 hac
593 576 779 641 intonantem,
796 576 908 632 baereti-
948 592 1064 632 mensem
1075 575 1194 630 Galliam
1210 593 1298 648 usque
1310 575 1447 648 pervenit,
1461 574 1556 645 ibique
1566 584 1667 641 magno
1681 565 1752 621 ceie-

120 682 175 720 cmn
187 680 253 728 esse,
271 664 320 735 qui
333 681 363 719 se
375 681 393 719 a
407 665 540 720 Romame
551 666 679 720 Ecclesiae
693 665 722 720 in
735 666 830 737 aliquo
840 665 907 721 sub·
948 663 1029 719 braio
1043 665 1159 720 concilio
1170 664 1359 720 Simoniacam
1375 663 1503 720 baeresim
1515 668 1542 717 ei
1555 655 1750 714 detestabilem

121 753 225 808 traxerit
237 752 352 816 ditione,
367 753 474 825 praeliati
484 770 549 808 vero
561 753 679 809 Romani
690 754 829 826 pontificis
839 761 909 809 tem·
949 753 1113 808 clericorum
1123 753 1336 809 fornicationem
1348 752 1480 825 usquead
1491 752 1631 824 &raneos
1641 748 1750 799 montes

121 858 179 913 pore
191 841 278 896 Guido
300 841 538 897 Mediolanensem
562 841 689 898 uastabat
704 841 852 897 Ecclesiam
868 841 911 896 vir
950 847 979 896 ct
992 843 1028 896 ad
1042 843 1232 898 Britannicum
1247 835 1609 914 marepersecutusest.1n
1623 845 1751 906 quocon-

122 931 256 985 illiteratus
266 929 505 986 etconcubinatus
515 935 544 986 et
558 930 663 1003 absque
673 931 730 986 ulla
743 930 910 986 verecundia
950 931 1014 986 cilio
1028 930 1096 988 satis
1108 948 1240 1004 magam
1252 933 1420 988 miraculum
1430 937 1459 986 ct
1470 929 1583 985 evidens
1595 940 1646 997 per
1654 919 1752 995 pransa·

123 1018 291 1074 simoniacus.
307 1020 394 1090 liujus
407 1019 544 1075 Gnidonis
558 1027 685 1092 tempore
699 1021 778 1075 fuere
788 1020 844 1075 duo
855 1019 908 1075 cle·
949 1027 1008 1075 tum
1025 1021 1252 1078 arellidiaconum
1268 1021 1342 1076 Deus
1362 1019 1493 1076 ostendit.
1510 1019 1593 1074 Forte
1609 1011 1751 1070 incedam

122 1107 163 1162 rici
174 1107 200 1162 in
212 1107 330 1180 praefata
343 1109 466 1168 civitate.
483 1125 602 1182 quorum
618 1110 691 1165 alter
704 1110 819 1165 nomine
833 1108 909 1164 Lan-
950 1107 1612 1181 synodoaderatHebroniensisarchiepiscopus,
1621 1102 1663 1156 vir
1672 1098 1751 1154 valde

123 1195 247 1251 duliasex
270 1199 409 1268 majorum
430 1198 560 1270 prosapia
582 1204 661 1254 ortus
676 1199 719 1253 vir
738 1199 863 1254 urbanus
882 1204 911 1253 et
951 1199 1206 1270 eloquentissimus.
1216 1199 1267 1254 llic
1276 1217 1339 1255 cum
1350 1199 1385 1254 ab
1396 1197 1536 1270 aliquibus
1548 1194 1583 1248 de
1593 1189 1753 1247 Simoniaca

122 1284 341 1354 imundissimus3
367 1287 441 1342 alter
462 1303 528 1342 vero
550 1287 703 1342 vocabatur
728 1287 859 1342 Arialdus
877 1303 909 1341 ex
950 1287 1051 1342 haeresi
1063 1293 1137 1344 esset
1146 1293 1292 1345 accusatus
1303 1287 1432 1360 sequenti
1443 1291 1524 1342 nocte
1534 1297 1632 1338 omnes
1641 1291 1752 1334 accusa·

123 1375 230 1446 equestri
241 1377 375 1448 progenie
385 1378 618 1444 transmeantem,
635 1377 677 1432 uir
686 1377 910 1432 liberalibusstu·
952 1381 1026 1431 iores
1038 1377 1155 1449 pecnnia
1165 1378 1231 1433 lecit
1241 1378 1356 1442 amicos,
1366 1391 1503 1447 maneque
1513 1374 1588 1428 facto
1598 1364 1753 1426 insultabat

122 1463 294 1535 diisadprime
304 1466 441 1532 eruditus,
449 1465 496 1537 qui
507 1471 604 1538 postea
614 1467 750 1538 martyrio
759 1471 909 1521 emronalus
947 1465 1035 1535 judici
1050 1466 1164 1520 dicens:
1180 1466 1232 1521 tibi
1248 1471 1324 1528 sunt,
1340 1465 1387 1537 qui
1409 1481 1454 1518 me
1467 1459 1645 1523 accusabant.
1662 1456 1752 1510 Nemo

122 1557 166 1608 est.
180 1552 212 1606 Hi
224 1568 289 1608 cum
303 1553 456 1625 saepissime
470 1555 556 1610 sacris
574 1554 769 1610 incumberent
783 1555 862 1609 libris
879 1562 909 1609 et
949 1567 994 1604 me
1008 1553 1214 1610 condemnarit.
1231 1555 1310 1620 Quod
1325 1553 1442 1608 audiens
1454 1549 1668 1605 archidiaconus
1679 1558 1752 1615 prm·

122 1641 244 1712 precipue
256 1639 333 1698 beati
343 1641 483 1700 Ambrosii
498 1643 638 1710 invenere,
651 1651 786 1715 quantum
800 1644 906 1699 crimen
947 1634 1021 1694 satus
1033 1642 1073 1696 nit
1084 1643 1118 1697 ad
1128 1643 1290 1716 episcopum
1301 1661 1306 1696 :
1319 1641 1425 1704 Credis,
1437 1657 1453 1696 o
1463 1639 1602 1710 episcope,
1614 1634 1750 1707 Spiritum

122 1729 443 1788 sittalentumcreditum
457 1732 637 1789 abscondere.
656 1734 745 1804 liujus
760 1733 800 1788 rei
814 1723 1074 1804 gratiaBsanctum
1091 1735 1175 1788 unius
1188 1748 1251 1788 cum
1268 1737 1348 1804 patre
1363 1735 1391 1786 et
1413 1730 1482 1785 Filio
1503 1744 1565 1783 esse
1588 1719 1752 1780 substantie

121 1834 146 1872 se
158 1818 208 1872 Deo
222 1825 253 1873 et
265 1819 348 1876 beato
363 1822 553 1893 apostolorum
566 1821 684 1893 principi
700 1821 908 1876 committentes
949 1829 978 1879 et
987 1821 1162 1878 divinitatis?
1172 1822 1232 1885 Quo
1243 1820 1430 1892 respondente
1441 1837 1449 1872 ι
1461 1817 1551 1873 Credo
1563 1833 1568 1870 :
1582 1813 1636 1879 dic,
1649 1807 1751 1880 inquit.

122 1906 227 1976 quadam
241 1907 288 1963 die
303 1909 396 1964 divina
408 1911 524 1982 Juvante
538 1911 632 1982 gratia
649 1911 763 1965 verbum
776 1910 908 1982 praedica·
949 1912 1046 1968 Gloria
1058 1911 1134 1965 Patri
1145 1916 1173 1966 et
1183 1910 1253 1965 Filio
1264 1917 1292 1966 at
1301 1907 1419 1981 Spiritui
1429 1913 1536 1970 sancto,
1547 1917 1667 1973 cumque
1678 1900 1753 1954 bunc

121 1995 347 2052 tionislaciuntad
359 1999 503 2072 populum.
512 1999 545 2054 ln
556 2016 611 2070 qua
620 1998 733 2054 fraudes
742 1999 908 2054 sinnonlaca
950 2001 1116 2056 uersiculum
1129 1999 1297 2054 fiducialiter
1305 1998 1443 2070 coepisset,
1452 1991 1632 2051 GloriaPatri
1644 1995 1671 2044 et
1680 1985 1753 2042 Filio

120 2085 265 2140 venalitatis
272 2088 375 2159 populo
384 2087 574 2159 propalavere,
583 2095 702 2158 etqnam
713 2088 908 2160 turpissimum
950 2090 1061 2145 dicebat
1077 2087 1125 2144 sed
1135 2089 1270 2160 Spiritum
1281 2095 1408 2143 sanctum
1416 2076 1750 2143 nominarenonvalebat,

121 2181 183 2228 esset
194 2175 353 2231 sacerdotes
362 2177 797 2234 etLeritasconcubinatossacra
808 2184 911 2250 myste·
951 2196 1035 2252 quem
1043 2195 1106 2237 cum
1116 2194 1189 2249 saepe
1195 2177 1325 2250 caepisset
1335 2182 1364 2232 et
1372 2176 1442 2235 nibil
1453 2173 1625 2247 profecisset,
1636 2167 1754 2242 pedibus

120 2263 156 2317 n'a
167 2264 305 2320 celebrare
326 2265 388 2321 luca
408 2266 512 2322 clarius
526 2267 761 2332 demonstravere,
778 2271 807 2322 et
824 2284 909 2338 qnam
951 2271 1013 2340 ejus
1027 2267 1176 2323 obvolutus
1190 2266 1380 2322 simoniacum
1401 2282 1432 2321 se
1455 2281 1516 2318 esse
1534 2264 1677 2335 prolessus
1700 2259 1752 2312 est.

120 2353 267 2409 bernacum
276 2362 351 2410 esset
359 2357 491 2412 Romana
497 2357 626 2412 Ecclesiae
636 2374 692 2412 non
703 2358 817 2413 obedire
828 2357 909 2413 beato
951 2357 1005 2422 Qui
1016 2373 1079 2412 nnox
1093 2361 1125 2410 ut
1139 2355 1174 2410 ab
1186 2355 1348 2428 episcopatu
1357 2353 1502 2426 depositus
1512 2349 1669 2420 est‚Gionia
1677 2345 1754 2402 Patri

118 2443 254 2498 Ambrosio
274 2450 347 2500 teste
369 2445 555 2502 declaravere.
581 2446 661 2510 Quod
683 2447 840 2513 audientes,
861 2446 909 2519 qui
951 2452 979 2502 et
993 2446 1062 2501 Filio
1077 2451 1106 2500 et
1121 2445 1239 2516 Spiritui
1258 2449 1355 2499 sancto
1373 2443 1449 2498 clara
1463 2457 1529 2496 uoce
1543 2438 1687 2496 consessus
1700 2439 1752 2491 est.

120 2532 297 2600 predestinati
308 2539 390 2588 erant
399 2533 434 2588 ad
446 2535 529 2589 vitam
540 2535 660 2590 libenter
671 2553 801 2608 accepere
811 2543 840 2591 ei
851 2552 909 2590 ma·
949 2535 1029 2602 Quod
1043 2535 1148 2589 sactum
1162 2550 1296 2605 magnum
1311 2539 1449 2588 terrorem
1465 2529 1561 2586 intulit
1575 2523 1752 2590 simoniacis,

119 2619 182 2676 nime
196 2638 344 2694 pauperes,
357 2639 427 2694 qnos
435 2623 520 2694 elegit
528 2624 612 2690 Deus,
624 2629 656 2678 ut
669 2623 910 2680 confundatsurtia
951 2625 981 2679 in
994 2629 1105 2679 tantum
1120 2629 1152 2677 ut
1165 2623 1303 2677 incudem
1317 2622 1362 2676 die
1372 2621 1468 2676 decem
1480 2625 1510 2675 et
1521 2623 1582 2674 octo
1593 2613 1754 2689 episcopias

118 2707 142 2776 (l
152 2710 208 2765 Cor.
231 2725 251 2776 1,
267 2708 326 2780 27).
347 2711 500 2767 Multitudo
523 2729 587 2768 vero
608 2712 783 2780 clericorum,
802 2731 863 2786 qnae
881 2714 911 2770 in
953 2711 1069 2785 professi
1081 2712 1139 2766 sint
1153 2711 1325 2766 simoniacos
1339 2727 1410 2776 esse,
1426 2709 1594 2779 sedibusque
1609 2704 1754 2777 episcopa-

119 2797 205 2852 eedem
228 2799 353 2854 Ecclesia
368 2805 413 2855 est
433 2800 647 2856 innumerabilis
667 2807 699 2856 ut
712 2818 799 2857 arena
813 2803 909 2870 maris,
951 2801 1026 2857 libus
1045 2799 1286 2856 renuntiaverunt.
1302 2797 1451 2854 celebrata
1468 2798 1556 2868 igitur
1574 2801 1633 2850 tam
1657 2796 1755 2848 sancta

119 2887 318 2944 mediaverunt
327 2889 489 2960 capitaneos
501 2897 527 2945 et
538 2905 715 2945 uanuassores
725 2891 910 2948 Ecclesiarum
952 2891 1059 2964 synodo
1079 2889 1274 2944 ecclesiasticis
1292 2886 1376 2944 rebus
1400 2887 1454 2942 rite
1466 2883 1638 2958 compositis,
1658 2881 1754 2937 Romoe

117 2975 264 3032 venditores
284 2983 314 3032 et
337 2978 558 3051 consanguineos
574 2989 602 3033 et
615 2977 833 3034 concubinarum
849 2996 912 3035 sua·
952 2981 987 3036 ad
998 2996 1139 3035 summurn
1152 2978 1310 3050 pontificem
1321 2976 1455 3031 citissime
1469 2970 1755 3030 consenseramus

117 3079 171 3118 rum
194 3067 367 3138 propinquos
388 3073 417 3122 et
439 3068 577 3122 seditione
596 3073 692 3122 exorta
711 3067 855 3122 silentium
870 3067 911 3121 eis
924 3045 1755 3139 CverobernusStephanuspapaspiritumdiciturbabuisse

117 3148 250 3222 imponere
260 3153 437 3224 satagebant,
446 3155 494 3210 sed
505 3171 554 3226 spe
562 3171 613 3210 sna
621 3155 749 3211 trustrati
755 3161 831 3210 sunt.
839 3155 911 3210 Nam
952 3157 1117 3230 prophetica.
1132 3157 1205 3211 Nam
1221 3155 1315 3225 plaucis
1325 3153 1424 3209 diebus
1437 3151 1588 3208 transactis
1601 3157 1754 3221 antequam

117 3243 912 3314 cumcmscentequotidiennmerobdelium,mirificiDei
953 3246 1051 3313 obiret,
1074 3262 1174 3300 vocans
1196 3245 1341 3316 episeopus
1364 3251 1393 3298 et
1416 3241 1573 3298 cardinales
1593 3245 1622 3294 et
1643 3239 1753 3306 levitas,

118 3329 218 3388 athletae
231 3333 326 3388 acrias
350 3333 435 3388 verbo
467 3333 627 3388 nsudabant
646 3333 862 3406 praedicationis,
883 3338 913 3387 ei
953 3336 997 3390 his
1012 3335 1104 3391 verbis
1116 3352 1164 3390 eos
1178 3335 1315 3390 allocutus
1330 3339 1390 3388 est:
1405 3333 1478 3395 Scio,
1494 3331 1605 3394 iratres,
1617 3329 1757 3401 quiapost

118 3420 912 3494 propalataeorumnequitia,quotidiclleiinimiciimpin·
953 3431 1072 3480 mortem
1082 3441 1173 3478 meam
1185 3430 1338 3494 exsurgent
1352 3422 1403 3477 viri
1423 3438 1456 3476 ex
1471 3419 1547 3475 nobis
1568 3423 1696 3476 amantes
1710 3433 1755 3472 se-

117 3508 247 3574 gabantur
259 3517 288 3564 et
301 3509 511 3578 minuebantur,
523 3511 552 3566 in
565 3517 678 3567 tantum
691 3517 724 3566 ut
737 3511 829 3583 ipsum
842 3512 914 3580 ejus·
953 3513 1098 3586 metipsos.
1114 3513 1161 3585 qui
1185 3529 1240 3568 non
1255 3529 1306 3584 par
1319 3512 1431 3566 decreta
1446 3516 1605 3566 cancamum
1627 3507 1755 3574 Petrum,

117 3595 173 3650 dem
187 3597 317 3654 Ecclesia
327 3599 434 3655 dicium
448 3601 609 3672 pontificem
620 3600 656 3656 ab
665 3601 781 3656 ecclesia
792 3600 913 3672 quadam
954 3603 1003 3658 sed
1023 3619 1074 3675 per
1087 3603 1173 3657 laicas
1186 3617 1321 3674 personas
1336 3602 1408 3656 brino
1422 3600 1516 3654 sedem
1532 3597 1678 3669 arripient.
1695 3595 1756 3662 Quo

118 3683 156 3736 die
176 3687 357 3758 expellerent.
380 3689 460 3754 Qtrod
485 3690 612 3744 ridentes
626 3689 776 3744 Simonlaci
791 3705 848 3743 non
865 3705 913 3744 vn·
955 3692 1419 3763 auditoomnespariternegauere
1430 3692 1641 3744 eisacramento
1652 3683 1757 3740 datoin

116 3771 196 3830 lentes
208 3781 306 3830 tamen
321 3777 433 3832 veritati
447 3783 476 3832 et
489 3783 575 3840 tantae
595 3777 768 3833 multitudini
782 3779 913 3833 resistere
955 3797 1041 3836 mana
1054 3797 1133 3852 papae
1146 3797 1207 3835 sese
1219 3785 1318 3835 mutuo
1334 3779 1467 3850 ligavere,
1477 3791 1621 3847 nunquam
1631 3791 1661 3829 se
1676 3773 1758 3829 aliter

117 3862 360 3931 confundebantur,
373 3866 470 3938 eisque
483 3873 678 3939 paupertatem
690 3867 912 3938 improperantes
955 3886 1040 3942 quom
1053 3869 1166 3924 decreta
1177 3873 1340 3923 sanctorum
1356 3867 1472 3922 Petrum
1482 3865 1607 3935 exigunt,
1617 3863 1653 3917 ad
1667 3861 1758 3934 ponti-

115 3948 265 4019 Paterinos,
277 3954 306 4009 id
321 3960 365 4010 est
377 3971 517 4027 pannosos
531 3956 687 4024 vocabant;
703 3963 732 4010 et
744 3955 784 4009 illi
799 3955 913 4028 quidem
954 3957 1063 4012 llcalem
1079 3957 1230 4012 ascendere
1244 3956 1339 4011 sedem
1355 3961 1384 4010 ei
1404 3953 1620 4010 ascendentibus
1638 3967 1757 4006 consen·-

117 4038 231 4096 dicentes
246 4041 329 4097 fratri
341 4044 427 4098 mehe
437 4044 478 4098 rei
490 4049 571 4100 erant
580 4044 686 4116 judicio
697 4045 804 4112 (lloltla
816 4058 844 4108 v,
856 4043 911 4112 Ἡ).
953 4046 1017 4101 tine.

118 4126 218 4185 dachus
232 4131 309 4186 enim
322 4131 430 4198 Graece,
444 4133 543 4199 Latine
552 4149 664 4202 pannus
676 4133 788 4188 dicitur.
802 4133 836 4188 ili
849 4150 913 4188 vero
989 4134 1057 4190 Post
1071 4150 1174 4206 paucos
1188 4149 1253 4188 vero
1267 4133 1327 4188 dies
1341 4133 1370 4186 in
1380 4129 1622 4204 partibusTusciae
1631 4128 1757 4199 ueniens,
1797 4122 1802 4131 '

119 4215 194 4285 beati,
210 4221 261 4291 qni
277 4237 327 4292 pro
341 4221 455 4276 nomine
467 4223 533 4278 Jesu
548 4221 626 4294 digni
638 4228 720 4277 erant
729 4222 914 4278 contumelias
954 4224 1090 4294 languore
1114 4229 1260 4294 correptus
1285 4221 1416 4293 spiritum
1444 4221 1513 4275 coelo
1537 4217 1670 4281 reddidit,
1694 4223 1757 4288 post

118 4305 283 4376 pantaeni,
295 4309 429 4379 alluuie
442 4311 542 4382 plura:
562 4310 703 4366 crescebat
717 4311 843 4383 quotidie
854 4312 1034 4406 glo-Dcujus
1048 4311 1156 4368 obitum
1172 4313 1267 4367 Romae
1277 4309 1416 4382 capitanei
1429 4316 1458 4364 et
1473 4307 1592 4362 maxime
1602 4305 1757 4376 Gregorius

116 4393 215 4452 ciosum
225 4399 913 4468 genusPater-intonueruintaniumutdestinarent
953 4402 1138 4458 Tusculanus.
1159 4402 1206 4472 qui
1228 4400 1385 4472 paritialem
1401 4399 1454 4454 sibi
1479 4398 1591 4452 inanem
1616 4395 1758 4468 quondam

116 4484 223 4542 mittere
238 4487 593 4554 honestosrirosliomam,
610 4486 783 4560 quibeatum
797 4489 914 4560 Stepba·
954 4491 1143 4546 vindicaverat
1165 4490 1343 4561 dignitatem,
1376 4491 1552 4543 assumentes
1577 4485 1757 4558 tyrannidem

115 4587 179 4627 num
197 4592 302 4647 papam
317 4583 460 4646 rogarent,
475 4583 509 4632 nt
521 4595 616 4632 secum
632 4577 757 4632 mitteret
769 4578 913 4650 religiosos
955 4579 1105 4653 quemdam
1115 4578 1319 4634 Velitercnsem
1333 4577 1495 4650 episcopum
1507 4576 1679 4632 cardinalem
1693 4590 1759 4630 con·

115 4663 268 4735 episcopos,
281 4665 331 4736 qui
344 4665 457 4720 illorum
475 4667 620 4721 ecclesiam
635 4683 653 4720 a
668 4665 858 4722 fundamentis
871 4684 916 4721 re·
958 4673 1002 4723 tra
1016 4668 1079 4732 hoc,
1095 4668 1169 4738 quod
1186 4681 1263 4738 papae
1278 4666 1383 4722 dudum
1399 4665 1428 4720 in
1447 4683 1531 4742 manu
1551 4665 1671 4737 ipsemet
1681 4664 1760 4734 jura·

114 4750 293 4806 edificarent.
304 4755 511 4810 lntantaenim
524 4761 552 4811 ei
563 4754 760 4810 innumerabili
770 4754 917 4811 turbacle·
957 4763 1044 4815 verat.
1060 4756 1096 4811 ad
1111 4757 1238 4828 papalem
1254 4758 1375 4811 evehunt
1389 4755 1565 4826 dignitatem,
1581 4771 1666 4826 quem
1681 4769 1759 4808 verso
1815 4776 1820 4786 .

115 4837 235 4896 nieorum
247 4841 291 4896 nix
308 4859 341 4898 ex
355 4843 432 4899 mille
448 4846 571 4916 quinque
585 4849 716 4917 poterant
728 4844 856 4906 inveniri,
867 4844 915 4916 qui
957 4844 1069 4900 nomine
1087 4846 1265 4900 benedictum
1280 4861 1422 4900 eocarere.

114 4942 167 4982 non
182 4929 350 4986 Simoniacae
364 4931 502 4988 hereseos
522 4934 638 4988 maculis
659 4950 714 4988 non
729 4935 779 5002 lite
790 4935 857 4998 cod„
872 4935 917 4987 sed
992 4933 1137 4990 Dominae
1152 4934 1192 4988 ita
1200 4939 1375 5005 gererentur,
1388 4931 1760 5006 ilenriclimperamriscon-

115 5019 251 5080 cacumen}
265 5025 359 5076 essent
368 5021 480 5076 irretiti.
492 5022 571 5087 Quod
583 5030 616 5077 ut
626 5023 742 5086 audivit,
758 5039 830 5093 papa
838 5021 916 5094 gari·
954 5025 1004 5094 J‘ux
1026 5039 1090 5078 cum
1109 5023 1167 5078 silio
1192 5023 1318 5095 parvulo,
1343 5027 1376 5078 ut
1396 5039 1482 5096 supra
1499 5022 1657 5086 retulimus,
1679 5017 1760 5090 regni

114 5121 160 5160 sus
173 5113 228 5172 est,
245 5115 273 5162 et
285 5109 431 5164 coelestim
444 5111 521 5166 misit
536 5127 553 5166 a
569 5111 656 5166 latere
670 5127 721 5166 suo
731 5111 875 5182 episcopos
887 5115 916 5166 et
958 5111 1074 5168 tenebat
1087 5112 1287 5184 gubernacula,
1297 5129 1359 5184 quae
1371 5112 1461 5168 multa
1471 5111 1625 5181 contraius
1638 5107 1760 5164 leminea

114 5209 175 5248 carn
183 5195 225 5250 eis
232 5197 290 5252 Deo
296 5198 445 5254 amabilem
454 5199 674 5255 Hildebrandum
681 5199 915 5256 archidiaconem.
959 5201 1080 5257 iaciebat
1093 5201 1219 5256 audacia.
1235 5202 1299 5256 llaec
1310 5201 1340 5255 in
1354 5201 1508 5272 primordio
1518 5198 1597 5269 regni
1607 5197 1650 5252 sui
1662 5211 1759 5251 omnes

115 5281 166 5347 Qui
179 5285 324 5342 venientes
338 5289 536 5352 Mediolanum,
552 5289 792 5362 archiepiscopum
810 5289 847 5343 ibi
862 5305 918 5344 non
960 5291 1085 5361 ejusdem
1100 5289 1190 5346 ltalici
1207 5291 1286 5362 regni
1303 5307 1384 5346 curas
1398 5288 1510 5344 cuidam
1525 5286 1660 5342 Guiberto
1681 5301 1759 5340 conn-

114 5369 291 5431 invenerunt.
308 5376 431 5448 Fugerat
442 5377 517 5432 enim
532 5377 701 5432 conscientia
712 5385 861 5433 accusante
874 5395 919 5434 eo·
960 5379 1046 5435 misit.
1062 5380 1208 5436 Parmensi
1224 5379 1312 5435 nobili
1326 5385 1387 5434 orto
1400 5393 1504 5448 genere
1519 5391 1640 5446 eumque
1655 5374 1762 5429 cancel·

114 5466 920 5538 rumpraesentiam;sedapopulobonurillcentissime,ut
959 5462 1761 5542 lariumappellavit.intereaDeoamabilisllildebrandus

113 5548 218 5618 decuit,
234 5555 356 5630 suscepti
367 5561 447 5618 unat.
466 5555 522 5633 Qui
539 5572 591 5642 por
604 5555 763 5640 aliquantos
776 5555 837 5613 dies
850 5573 919 5612 con·
959 5574 1023 5620 cum
1034 5557 1223 5618 cardinalibus
1237 5556 1373 5634 episcopis
1384 5560 1414 5613 et
1427 5554 1518 5615 levitis
1532 5559 1561 5609 et
1572 5550 1763 5610 moardotibua
