3882 6172
213 298 268 358 639
690 303 739 360 Al)
759 299 879 358 OPERA
897 301 930 359 B.
950 299 1159 360 LANFRANOI
1176 301 1371 362 nreuuulx.
1796 293 1852 356 640

212 424 256 480 sio
268 431 297 482 et
305 425 474 484 inevitabilis
485 428 606 495 eveniat,
622 428 704 484 facile
723 433 866 500 mmpant.
884 427 1009 484 Tertium
1019 428 1177 500 Ajucunda
1190 429 1222 483 lit
1235 426 1371 497 laudatio,
1378 427 1403 484 ai
1414 425 1490 500 quod
1500 443 1548 482 ore
1555 425 1850 496 canimua,operenon

214 521 266 581 est,
278 521 310 570 ut
326 517 433 572 nullam
442 519 643 590 proprietatem
654 517 787 583 habeant,
801 534 852 573 nec
863 517 948 572 etiam
958 533 1009 588 per
1048 516 1331 589 impugnamus.Cum
1343 517 1481 589 psalmum
1489 516 1568 582 diois,
1578 512 1852 586 cujusverbaloque·

212 603 354 660 licentiam
369 608 432 678 plus
448 607 643 679 haberequam
657 607 809 662 necessitas
820 607 952 678 postulat,
963 622 1008 660 ex·
1048 605 1088 660 ris
1102 621 1231 677 agnosca,
1248 610 1276 660 et
1290 606 1318 660 in
1331 605 1545 678 compunctione
1561 604 1651 676 magis
1660 601 1747 657 animi
1762 616 1850 672 quam

211 697 320 764 petam.
336 695 474 759 Quartum
499 700 553 766 est,
568 703 599 751 ut
616 696 740 768 praelatis
759 695 818 750 suis
831 695 861 750 in
878 692 1008 750 omuibus
1048 693 1079 750 in
1107 694 1234 748 tremula
1251 694 1326 748 vocis
1351 694 1501 749 dulcedine
1519 694 1682 748 delectare:
1707 691 1850 760 lacrymas

212 780 354 848 obediant,
372 784 426 839 nisi
439 785 511 840 forte
520 785 607 856 (quod
622 784 696 840 absit
706 785 728 854 l)
742 784 777 838 iis
792 783 898 856 aliquid
912 788 1010 838 contra
1049 781 1123 836 enim
1131 782 1276 852 psallentis
1287 783 1362 838 Deus
1375 783 1464 854 magis
1473 799 1557 854 quarn
1572 779 1710 852 garritum
1717 793 1851 848 compro-

212 870 386 928 voluntatem
399 872 451 928 Dei
466 874 645 946 precipiant3
660 879 728 928 tunc
740 873 816 927 enirn
834 873 912 928 nullo
926 871 1009 926 modo
1049 868 1107 925 bat.
1122 871 1183 926 Non
1197 877 1276 926 vacet
1290 889 1369 928 mens
1380 877 1431 926 tua
1444 871 1474 926 in
1487 871 1571 926 variis
1576 866 1848 942 perturbationibua;

213 958 297 1014 eisin
311 961 365 1016 bac
384 978 415 1017 re
438 961 624 1018 obediendum
639 967 700 1028 est;
724 961 799 1033 quia,
816 961 889 1016 sicut
912 960 1010 1015 beatus
1051 959 1158 1031 quodsi
1175 960 1280 1031 pectori
1288 967 1336 1016 tuo
1347 960 1511 1027 insederint,
1521 957 1744 1014 dominabuntur
1752 954 1807 1022 tui,
1818 959 1847 1008 et

211 1047 365 1120 Gregorius
375 1051 423 1118 ait,
431 1052 536 1106 malum
544 1057 660 1123 propter
668 1050 855 1106 obedientiam
866 1066 1009 1122 nunquam
1050 1049 1189 1103 deducent
1200 1054 1233 1110 te¹
1245 1049 1281 1104 ad
1295 1049 1427 1105 delictum
1440 1049 1605 1109 maximum.
1652 1107 1653 1112 .

213 1139 274 1196 lieri
284 1139 381 1207 debet;
397 1138 502 1195 bonurn
513 1156 578 1195 vero
592 1139 897 1212 aliquandointermitti
906 1145 1007 1211 potest.
1087 1137 1220 1204 Dixit....,
1240 1154 1337 1194 verum
1353 1137 1457 1194 Christi
1469 1138 1607 1212 templum
1621 1140 1665 1191 est
1679 1134 1776 1188 anima
1790 1147 1851 1186 cre·

213 1227 349 1292 Quintum
363 1232 415 1294 est,
436 1233 469 1283 ut
483 1245 533 1300 pro
549 1229 627 1283 nulla
641 1239 734 1293 causa,
751 1228 861 1283 etiarnsi
876 1229 916 1282 eis
932 1229 1010 1300 justa
1051 1225 1153 1281 dentis
1170 1226 1260 1281 Etiam
1270 1227 1301 1282 in
1312 1226 1436 1281 minimis
1451 1231 1533 1281 caute
1544 1242 1615 1296 age:
1635 1221 1779 1279 nonenim
1795 1221 1851 1274 rni-

212 1315 351 1382 videatur,
372 1332 549 1372 murmurare
562 1319 605 1372 vel
622 1317 826 1372 detractionem
849 1317 940 1372 lacere
963 1335 1011 1372 au·
1052 1317 1162 1371 nimum
1185 1316 1215 1371 in
1235 1316 1290 1372 vita
1314 1316 1422 1371 homini
1440 1317 1582 1388 negligere
1597 1314 1723 1369 minima.
1744 1311 1851 1367 Otiosae

146 1396 150 1408 '
213 1403 356 1469 deantes
371 1421 455 1460 omne
466 1405 581 1468 bonum,
591 1406 614 1460 si
626 1405 700 1476 quod
709 1406 799 1460 facere
815 1407 1010 1478 videntur,per
1052 1405 1139 1460 virenti
1153 1405 1267 1476 maligui
1275 1405 1391 1477 spiritus
1400 1421 1500 1478 pravas
1509 1403 1691 1475 cogitationes
1705 1401 1848 1466 inserunt,

212 1492 288 1546 hanc
309 1494 465 1564 nequitiam
490 1495 619 1566 perdant.
643 1495 757 1550 Sextum
774 1501 825 1560 est,
846 1500 878 1550 ut
891 1495 1009 1550 invicem
1050 1500 1083 1550 ut
1100 1494 1124 1548 si
1144 1493 1269 1566 quiescat
1286 1494 1322 1549 ab
1340 1511 1435 1566 opere,
1451 1511 1507 1548 non
1527 1493 1654 1565 quiescat
1671 1507 1689 1545 a
1707 1489 1852 1544 malorum

213 1582 368 1636 secuudum
383 1583 472 1639 Deum
487 1599 517 1638 se
532 1583 660 1654 diligant,
678 1589 799 1638 etonrne
813 1584 919 1639 bonum
934 1585 1009 1656 quod
1050 1600 1167 1655 operum
1181 1583 1375 1638 delectatione.
1389 1583 1490 1638 Omnia
1500 1599 1562 1655 quae
1576 1580 1778 1643 blandimento,
1789 1593 1853 1648 quae

213 1669 318 1741 singuli
335 1669 387 1724 sibi
402 1671 439 1725 ab
462 1671 526 1726 aliis
542 1671 666 1744 impendi
681 1673 852 1740 desiderant,
876 1673 929 1745 ipsi
946 1674 1009 1728 aliis
1050 1673 1160 1726 occulta
1178 1672 1322 1727 voluntate
1333 1671 1460 1727 animum
1471 1669 1700 1740 trahunt,rejicc.
1713 1667 1855 1722 Edecitrn

211 1757 342 1814 hilariter
353 1765 382 1814 et
395 1777 459 1816 cum
477 1761 581 1832 gauffio
596 1761 769 1833 impendant.
786 1763 941 1834 Septimum
956 1767 1008 1830 est,
1019 1745 1041 1799 Β
1051 1762 1239 1827 saturitatem,
1250 1760 1313 1816 bibe
1327 1760 1584 1826 citraebrietatem3
1597 1774 1649 1812 nec
1663 1753 1854 1828 praesentibus

213 1851 245 1900 ut
255 1847 589 1904 coristitutumservitium
601 1850 755 1904 secuudum
767 1867 874 1905 morem
883 1850 1011 1906 Ecclesiae
1051 1849 1160 1905 deliciis
1174 1848 1333 1914 inhaerebis,
1343 1865 1395 1904 nec
1410 1848 1539 1903 absentes
1558 1845 1739 1902 desiderabis.
1752 1844 1854 1899 Victus

213 1950 281 2002 suae,
300 1937 324 1990 si
338 1939 447 2007 possint
462 1938 587 2002 reddere,
600 1955 656 1993 non
672 1939 832 2010 negligant3
856 1945 885 1994 et
904 1940 934 1993 in
959 1940 1011 1994 hoc
1051 1938 1103 1994 tibi
1116 1955 1149 1993 ex
1165 1938 1239 1994 lacili
1254 1939 1301 2002 sit,
1318 1955 1369 1993 nec
1382 1938 1419 1992 ad
1437 1937 1621 2007 voluptatem,
1638 1933 1687 1988 sed
1705 1932 1742 1988 ad
1755 1931 1855 1987 cibum

212 2024 323 2095 agendo
342 2025 444 2080 intenti
461 2032 490 2081 et
508 2043 565 2081 non
579 2028 641 2099 vagi
663 2029 814 2096 assistant;
831 2043 867 2083 ne
885 2027 1010 2100 vagando
1054 2027 1164 2096 accede;
1177 2027 1318 2083 desideria
1326 2033 1377 2082 tua
1389 2024 1668 2099 parvoredime,quia
1675 2024 1851 2078 hoctantum

213 2112 308 2168 oculos
331 2113 431 2169 divinae
446 2116 612 2186 majestatie,
639 2120 704 2172 ante
728 2117 809 2187 cujus
831 2123 1009 2189 conspectum
1051 2134 1149 2173 curare
1160 2117 1245 2172 debes
1257 2120 1289 2170 ut
1298 2115 1440 2170 desinant.
1453 2111 1721 2185 Gravioroppetitus
1733 2126 1769 2165 ex
1780 2109 1855 2164 indi·

212 2201 492 2269 videuturassistere,
502 2205 653 2260 ostendant.
662 2205 796 2260 Octavum
812 2211 863 2271 est,
871 2212 904 2260 ut
910 2222 1009 2278 puram
1052 2207 1187 2277 gnatione
1201 2205 1290 2259 nimia
1303 2204 1437 2269 nascitur,
1455 2219 1538 2274 quem
1551 2206 1671 2272 acceptae
1680 2201 1853 2272 plerumque

213 2289 414 2366 contessionem
424 2291 459 2346 de
469 2291 598 2347 omnibus
606 2293 901 2364 peccatissuisfaciant
910 2307 916 2341 τ
926 2309 1010 2364 quarn
1051 2295 1179 2350 accendit
1190 2293 1300 2366 injuria
1311 2293 1400 2348 dolor.
1409 2293 1486 2348 Nulli
1496 2296 1540 2346 est
1546 2290 1724 2363 aliquatenus
1734 2287 1855 2358 abigen-

212 2383 309 2434 tamen
325 2378 527 2434 contessionem
543 2397 600 2434 non
615 2381 718 2452 passim
728 2380 859 2436 omuibus
868 2389 952 2454 prout
965 2382 1010 2437 cui
1051 2384 1118 2438 dum
1134 2397 1364 2454 unumquemque
1379 2381 1503 2436 fidelium
1525 2379 1648 2452 corporis
1663 2383 1693 2432 et
1702 2375 1854 2448 sanguinis

212 2465 338 2534 libuerit,
353 2468 407 2522 nisi
418 2469 615 2523 tantummodo
630 2469 689 2523 suis
706 2470 838 2540 praelatis,
852 2470 894 2524 vel
910 2469 1011 2542 quibua
1051 2471 1189 2528 Dominici
1203 2478 1272 2526 tunc
1287 2487 1348 2526 esse
1364 2470 1540 2542 participem,
1557 2484 1620 2523 cunr
1640 2467 1670 2522 in
1681 2466 1856 2538 baptismate

214 2555 299 2610 lidern
309 2557 417 2627 praelati
429 2563 596 2628 potestatem
611 2558 749 2624 tribuunt,
758 2558 871 2614 saciant.
883 2559 1010 2629 Regnum
1052 2561 1211 2616 membrum
1225 2559 1346 2614 efficitur
1359 2559 1483 2631 corporis
1498 2556 1613 2624 Christi,
1624 2573 1675 2612 nee
1689 2553 1854 2609 alienariab

215 2643 270 2698 Dei
284 2649 314 2699 et
324 2645 463 2715 Justitiam
476 2646 536 2716 ejus
554 2663 690 2718 quaerere,
712 2653 755 2702 cst
769 2648 889 2703 coelestis
912 2647 1009 2719 patriae
1052 2650 1129 2705 illius
1141 2649 1223 2722 panis
1244 2647 1393 2720 calicisque
1418 2646 1568 2710 consortio,
1595 2643 1677 2708 etsi,
1697 2648 1856 2713 antequam

109 2792 120 2806 .
215 2731 291 2788 bona
306 2733 477 2801 desiderare,
495 2738 524 2788 ct
538 2733 638 2805 quibus
649 2734 767 2806 justitiae
781 2735 888 2790 meritis
907 2735 1011 2791 adhoc
1054 2754 1155 2810 panem
1179 2737 1261 2792 illum
1280 2735 1409 2792 comedat
1435 2735 1608 2806 calicemque
1626 2731 1714 2798 bibat,
1738 2731 1774 2786 de
1799 2732 1858 2787 hoc

214 2821 353 2895 perveniri
367 2821 469 2877 debeat
482 2821 675 2878 indesinenter
690 2823 842 2896 inquirere.
865 2824 970 2879 Docere
985 2830 1014 2879 et
1054 2827 1155 2882 saeculo
1170 2826 1340 2898 migraverit,
1358 2825 1387 2879 in
1401 2825 1511 2880 unitate
1525 2821 1649 2894 corporis
1664 2820 1769 2876 Christi
1783 2836 1855 2875 con-

215 2927 272 2967 non
288 2912 437 2969 conviciari
449 2915 611 2986 ignorantes
626 2914 769 2982 debemus,
780 2916 1012 2972 sicutcaecosnon
1054 2914 1166 2983 stitut03
1192 2913 1360 2969 sacramenti
1377 2928 1489 2985 quoque
1499 2911 1576 2966 illius
1587 2908 1804 2982 participatione
1822 2925 1858 2963 ac

216 3001 417 3070 conviciamur,
431 3003 481 3057 sed
499 3020 585 3059 manu
599 3003 737 3062 ducimus.
758 3006 869 3070 Quanto
890 3005 1012 3075 graviori
1053 3003 1188 3059 beneficio
1204 3019 1260 3059 non
1273 3003 1409 3076 privatur,
1430 3001 1540 3056 cumin
1560 3015 1590 3054 se
1613 2999 1666 3053 hoc
1682 2998 1757 3070 quod
1781 2998 1855 3054 illud

220 3091 345 3146 tumultu
359 3092 560 3162 cogitationum
577 3093 732 3148 carnalium
749 3094 915 3165 premimur,
932 3099 1012 3150 tanto
1053 3096 1260 3148 sacramentum
1275 3091 1424 3164 significat,
1441 3089 1583 3145 invenitur
1597 3085 1711 3143 habere.
1781 3097 1789 3110 ³

216 3181 338 3235 orationi
359 3181 504 3237 ardentius
525 3181 657 3236 insistere
675 3181 818 3238 debemus.
840 3184 899 3239 Deo
917 3175 1044 3238 nostroG

699 3462 1366 3650 APPENDIX

432 3730 509 3826 Ab
541 3731 940 3828 llius'runuun
982 3731 1033 3826 B.
1068 3732 1398 3828 Lnuvuuuct
1433 3733 1640 3826 OPERA.

615 4025 889 4122 ufluouluou
920 4025 1177 4122 eletensis
1208 4025 1455 4143 Anulum,

365 4183 416 4246 Ab
430 4187 495 4268 apso
507 4185 685 4268 fundatione
698 4183 739 4248 od
752 4205 802 4248 on.
821 4191 910 4264 lltl'l,
928 4205 966 4247 ea
981 4186 1075 4247 ueteri
1086 4185 1288 4266 manuscripto
1302 4181 1400 4244 codice
1416 4179 1549 4262 ejusdem
1564 4173 1698 4240 roeaobr'r'.

257 4457 276 4520 Ι
297 4452 379 4506 Anno
388 4451 424 4506 ab
434 4452 629 4508 lucarnatione
641 4451 753 4508 Domini
764 4451 843 4519 l03l,
853 4451 1016 4507 ilenricire-
1024 4453 1047 4513 D
1055 4449 1192 4521 originem
1204 4448 1285 4504 duxit
1296 4453 1377 4519 pater
1386 4447 1446 4517 ejus
1458 4450 1568 4510 :mater
1575 4449 1671 4526 autern
1681 4443 1743 4514 ejus
1760 4442 1859 4514 proxi·

216 4539 260 4611 gis
271 4539 444 4595 Francorum
458 4556 532 4595 auno
548 4547 659 4612 quarto,
673 4541 805 4606 Roberto,
825 4541 882 4596 lilio
896 4541 1012 4596 secundi
1053 4556 1130 4594 mam
1158 4539 1261 4594 ducum
1283 4535 1420 4592 Flandrire
1441 4533 1714 4606 consanguinitatem
1746 4532 1857 4603 attigit.

216 4627 359 4695 Richardi,
380 4633 409 4684 et
432 4629 519 4684 fratre
542 4630 619 4684 tertii
638 4630 772 4684 Richardi
794 4630 918 4685 habenas
940 4631 1014 4685 Nor·
1053 4629 1195 4700 Anagotus
1213 4627 1271 4693 ille,
1287 4626 1342 4680 ista
1362 4625 1472 4696 llelloys
1487 4640 1589 4678 nomen
1611 4620 1741 4677 habebat.
1764 4621 1860 4686 Quem

214 4715 370 4772 thmanniae
382 4716 567 4788 gubernante,
577 4719 904 4774 Herluinusvenerandve
913 4719 1015 4774 sancti·
1055 4721 1217 4775 Guilbertus
1233 4717 1395 4774 Brionensls
1409 4733 1512 4782 comes,
1529 4715 1614 4787 primi
1626 4714 1760 4770 Richardi
1780 4715 1860 4769 Nor-

215 4806 284 4863 tatls
298 4805 385 4861 abbas
408 4807 554 4861 Bacuensis
569 4807 697 4863 Ecclesiae
720 4807 839 4879 primus,
860 4807 1014 4879 inspirante
1055 4805 1546 4879 tbmannorumducisneposerlilio
1560 4804 1675 4860 consule
1690 4803 1858 4871 Godelrido,

213 4894 336 4951 Domino
350 4900 447 4951 nostro
462 4897 528 4951 lesu
544 4896 655 4952 Christo
671 4897 798 4952 omnium
813 4896 950 4952 bonorum
966 4913 1014 4951 au·
1054 4897 1136 4954 illurn
1152 4897 1306 4952 enutritum
1330 4911 1415 4968 penes
1430 4911 1460 4950 se
1474 4895 1549 4949 inter
1569 4909 1666 4948 omnes
1691 4892 1777 4947 curiae
1796 4908 1859 4948 suae

214 4990 309 5052 ctore,
318 4984 474 5057 postposito
487 4983 633 5040 nobilitate
647 4991 769 5050 terrena,
779 5001 834 5057 qua
847 4985 915 5040 satis
930 4985 1013 5056 polle·
1054 4986 1190 5057 primates
1200 4984 1299 5040 habuit
1311 4983 1514 5055 acceptissime.
1529 4981 1638 5038 flabilis
1656 4981 1703 5036 ille
1723 4981 1758 5035 ad
1773 4997 1860 5036 arma

217 5075 273 5142 bat,
289 5072 397 5146 abjecta
414 5074 508 5128 saeculi
528 5089 640 5146 pompa,
663 5091 719 5146 qua
743 5080 809 5128 ante
836 5090 892 5128 uon
912 5090 1013 5146 parum
1054 5075 1205 5147 plurimum
1218 5078 1348 5138 arataeo
1362 5071 1703 5127 minoroeaanimositate
1711 5067 1857 5140 gestabat.

129 5199 138 5208 -
211 5164 290 5234 justa
304 5163 418 5218 modurn
433 5178 517 5217 suurn
535 5163 951 5235 lloruemt,iastuqueterreno
967 5180 1012 5218 ra·
1054 5165 1157 5219 Omnes
1180 5163 1306 5218 omnium
1322 5162 1409 5217 totius
1429 5161 1643 5216 Northmanniae
1667 5159 1809 5229 majorum
1826 5158 1858 5214 iu

213 5251 291 5319 licto,
306 5251 358 5306 hoc
373 5267 448 5307 anno
466 5251 578 5322 cingulo
598 5251 704 5306 militia
719 5251 855 5322 deposito,
865 5251 901 5306 ad
907 5251 1011 5306 Christi
1052 5253 1148 5307 electis
1161 5251 1240 5307 illum
1256 5250 1406 5306 habebant.
1416 5251 1448 5305 ln
1461 5249 1548 5304 araris
1562 5248 1708 5320 omnisque
1722 5247 1764 5302 rei
1777 5247 1859 5302 mili-

215 5344 412 5413 paupertatem
423 5345 483 5394 tota
501 5340 648 5394 devotione
671 5356 702 5394 se
725 5339 852 5405 contulit,
866 5345 903 5406 et,
919 5345 949 5394 ut
962 5340 1014 5394 soli
1054 5341 1124 5397 teris
1137 5357 1189 5396 usu
1204 5346 1234 5396 et
1246 5341 1324 5396 cultu
1337 5339 1462 5411 corporis
1477 5339 1521 5392 sui
1538 5336 1714 5392 attollebant.
1726 5335 1809 5391 Domi
1825 5341 1858 5388 et

215 5430 275 5487 Deo
288 5430 405 5486 liberius
423 5434 544 5496 vacaret,
561 5431 621 5484 sola
645 5429 695 5485 Dei
715 5429 865 5484 dilectione
884 5427 1013 5484 habitum
1055 5431 1162 5486 militiae
1170 5431 1393 5486 commilitonum
1404 5444 1518 5484 suorum
1526 5425 1854 5499 praestantissimusemt.

215 5518 411 5576 monachalem
426 5534 489 5574 curn
498 5518 602 5589 gaudio
615 5519 746 5590 suscepit.
1055 5519 1162 5585 Quibus
1176 5519 1317 5584 derebus,
1333 5535 1389 5574 non
1400 5517 1492 5573 solum
1508 5513 1797 5587 singularemdomiui
1807 5512 1854 5568 sui

251 5606 387 5674 Alianis,
404 5607 451 5680 qui
470 5607 554 5678 primi
568 5607 805 5666 Northmauniem
820 5607 1012 5675 obtinuerunt,
1056 5608 1217 5664 obtinuerat
1239 5608 1373 5674 levorem,
1401 5621 1501 5662 verum
1528 5611 1557 5660 et
1584 5604 1658 5678 apud
1682 5603 1852 5667 Roberturn,
