3856 6176
110 221 156 280 ³⁸5
454 223 494 278 IN
514 221 548 278 D.
568 220 678 280 raum
697 220 817 282 calar.
839 222 1025 283 COMMENT.
1045 248 1078 262 -
1097 219 1205 278 EPIST.
1229 219 1278 278 AD
1296 221 1405 280 HEBR.
1691 214 1746 276 386

108 345 215 418 ingredi
228 345 349 402 inillam
362 345 501 418 requiem,
514 351 547 403 ut
560 363 596 402 ne
608 347 654 403 rt.
666 347 696 404 in
706 348 829 422 idipsum
837 351 901 422 quis
912 349 1019 406 incidat
1032 346 1238 404 incredulitatis
1249 347 1293 406 ta.
1305 345 1474 422 exemplum.
1486 345 1528 413 ts,
1542 341 1585 404 ld.
1601 343 1687 399 Vivus
1701 346 1745 398 est

108 437 179 490 enim
194 452 290 491 sermo
302 435 363 498 Dei,
377 440 407 491 et
420 435 527 499 atticas,
543 441 573 491 et
587 438 789 508 penetrabilior
802 440 880 494 omni
894 438 988 510 gladio
1003 435 1135 508 ancipiti;
1152 441 1181 492 et
1194 437 1356 508 pertingens
1371 445 1460 509 usque
1470 433 1678 490 addivisionem
1699 431 1742 508 15,

111 522 146 581 le.
162 524 270 579 animae
280 541 312 579 ac
322 524 448 596 spiritus,
465 525 510 592 tl,
520 541 687 597 compagum
706 543 818 598 quoque
837 543 871 582 ac
888 525 1086 590 medullarum,
1098 530 1126 580 et
1140 525 1278 581 discretor
1294 525 1496 597 cogitationum
1512 528 1540 578 et
1552 521 1743 578 intentionum

107 613 207 668 cordis.
221 613 256 668 Et
268 629 324 668 non
332 619 375 669 est
381 614 440 669 ulla
449 619 578 668 creatura
587 613 735 670 invisibilis
745 617 775 671 in
784 621 935 688 conspectu
946 615 1019 686 ejus;
1029 613 1124 669 omniu
1138 619 1233 669 autem
1249 615 1325 669 nuda
1338 620 1367 668 et
1380 618 1479 686 aperta
1492 615 1558 667 sunt
1572 610 1660 666 ocrrlis
1670 609 1742 680 ejus,

106 701 145 759 18.
166 703 206 757 ad
221 719 306 774 quem
321 703 402 757 nobis
418 719 521 758 sermo.
539 702 682 759 Habentes
697 721 763 776 ergo
778 706 939 777 pontificem
954 721 1098 776 magnum,
1116 704 1163 776 qui
1178 706 1440 777 penetravitcoelos,
1451 706 1549 760 iesum
1562 702 1664 758 Filium
1679 698 1739 766 Dei,

104 797 253 847 teneamus
266 792 479 848 contessionem.
494 793 559 848 Non
577 793 653 848 enim
674 793 810 850 habemus
831 795 992 866 pontificem
1007 793 1055 865 qui
1070 809 1126 848 nou
1140 794 1231 866 possit
1249 794 1371 866 compati
1393 792 1604 848 infirmitatibus
1626 788 1740 854 nostris,

104 885 244 936 tentatum
260 887 355 936 autem
370 897 422 953 per
435 881 531 936 omnia
545 879 588 950 19,
603 881 649 938 td.
665 899 716 954 pro
728 883 914 939 similitudine
929 882 1034 954 absque
1048 888 1175 954 peccato.
1194 883 1337 940 Adeamus
1352 899 1419 953 ergo
1431 897 1493 936 cum
1507 878 1652 936 fiduciaad
1661 878 1740 933 thro-

104 987 167 1026 num
182 972 295 1043 gmtiae,
310 976 345 1027 ut
357 970 580 1027 misericordiam
595 988 812 1045 consequamur,
825 979 855 1029 et
866 973 987 1045 gratiam
1002 971 1179 1027 inveniamus
1191 971 1236 1030 21.
1253 973 1283 1027 in
1298 971 1401 1027 auxilio
1416 975 1586 1043 opportuno.

734 1094 941 1157 oeltmm
960 1088 1077 1144 CAPUT
1091 1087 1125 1144 V.

134 1214 160 1268 l.
176 1213 209 1272 2.
228 1213 329 1270 Omnis
343 1229 465 1286 namque
480 1214 615 1286 pontifex,
629 1231 663 1270 ex
675 1214 837 1270 hominibus
844 1217 1017 1286 assumptus,
1028 1229 1079 1284 pro
1092 1211 1254 1268 hominibus
1268 1211 1450 1268 constituitur
1462 1211 1492 1266 in
1504 1210 1538 1265 iis
1553 1225 1615 1281 quae
1628 1208 1740 1263 suntad

102 1303 203 1370 Deum,
220 1309 253 1358 ut
263 1304 363 1358 otlerat
377 1303 452 1358 dona
465 1309 494 1359 et
507 1303 644 1359 sacrificia
653 1321 703 1377 pro
716 1305 854 1376 peccatis;
867 1304 915 1375 qui
923 1303 1070 1358 condolere
1082 1303 1170 1374 possit
1179 1301 1214 1357 iis
1224 1301 1272 1373 qui
1283 1302 1413 1373 ignorant
1422 1305 1450 1356 et
1460 1304 1565 1366 errant,
1573 1298 1742 1370 quoniamst

102 1393 158 1464 ipse
171 1392 366 1448 circumdatus
372 1393 601 1462 estiniirmitate;
614 1398 643 1448 et
653 1392 902 1466 proptereadebet,
910 1391 1146 1464 quemadmodum
1158 1407 1208 1462 pro
1218 1392 1332 1463 populo,
1344 1391 1383 1445 ita
1394 1390 1479 1445 etiam
1493 1393 1522 1444 et
1531 1404 1582 1461 pro
1591 1387 1741 1458 semetipso

107 1484 208 1537 offerre
219 1499 271 1554 pro
284 1482 418 1554 peccatis.
437 1483 495 1537 Nec
509 1482 659 1554 quisquam
679 1483 767 1538 sumit
789 1481 841 1537 sibi
863 1481 1010 1547 honorem,
1027 1480 1076 1535 sed
1091 1480 1140 1552 qui
1155 1486 1270 1535 vocatur
1285 1481 1370 1534 alico
1384 1485 1520 1550 tanquam
1535 1479 1637 1532 Aaron.
1655 1475 1699 1530 Sic
1714 1479 1742 1528 et

103 1572 233 1627 Christus
248 1588 306 1626 non
321 1573 504 1644 semetipsum
515 1571 679 1626 clarificavit
687 1577 720 1627 ut
730 1571 854 1644 pontitex
862 1571 957 1638 steret;
973 1570 1021 1624 sed
1034 1569 1200 1640 quilocutus
1210 1570 1298 1624 estad
1314 1585 1377 1622 euru
1388 1585 1394 1624 :
1407 1567 1495 1622 Filius
1509 1581 1589 1620 meus
1599 1581 1628 1619 es
1638 1569 1678 1629 tu,
1690 1579 1741 1634 ego

100 1662 181 1716 hodie
195 1661 284 1732 genui
297 1665 335 1714 te.
346 1660 587 1724 Quemadmodum
600 1666 628 1715 et
638 1661 667 1715 io
684 1661 738 1716 ulio
757 1661 818 1716 loco
831 1659 900 1715 dicit
911 1679 917 1714 :
929 1658 956 1714 3.
968 1660 1011 1714 Tu
1022 1675 1052 1713 es
1062 1659 1191 1714 sacerdos
1205 1658 1234 1712 in
1251 1664 1389 1714 aeternum
1404 1655 1557 1711 secundum
1572 1652 1698 1708 ordinem
1713 1649 1739 1707 ll.

99 1749 317 1806 Melchisedech.
334 1749 388 1815 Qui
402 1749 432 1805 iu
446 1749 551 1805 diebm
558 1751 651 1805 carnis
666 1767 724 1805 suae
738 1765 846 1822 preces,
861 1749 889 1807 5.
906 1749 1180 1822 supplicationesque
1195 1749 1229 1804 ad
1243 1765 1307 1804 cum
1323 1747 1371 1820 qui
1393 1745 1482 1818 possit
1494 1747 1520 1802 d.
1535 1743 1616 1798 illum
1631 1741 1740 1796 salvum

772 1873 1069 1930 COMMENTARIUS.

99 1983 156 2032 tum
171 1979 227 2034 Dei
249 1979 411 2052 quicunque
429 1981 527 2047 intrat,
544 1980 685 2053 requierit
706 1984 843 2053 perpetuo
864 1978 899 2034 ab
911 1981 1010 2040 Astris
1023 1979 1053 2034 in
1067 1979 1112 2035 die
1122 1979 1230 2052 judicii.

101 2068 232 2138 operibus
246 2071 317 2138 suis,
332 2070 407 2125 sicut
419 2071 495 2126 Deus
509 2070 604 2126 esuis.
978 2069 1023 2124 19.
1038 2065 1162 2125 hunnos.
1180 2071 1234 2124 Pro
1248 2068 1446 2124 stauilitudine.
1460 2061 1682 2122 similitudinem
1690 2058 1742 2114 ita·

131 2153 160 2214 tl.
175 2158 351 2214 Festtaanus
367 2161 488 2228 ingredi.
514 2157 653 2224 Quoniam
672 2174 730 2213 non
750 2157 855 2214 sufficit
868 2157 902 2212 u·
944 2173 997 2229 que
1011 2159 1118 2230 peccati
1132 2157 1240 2226 habuit,
1263 2173 1325 2229 quse
1339 2161 1436 2212 tamen
1454 2169 1518 2210 caro
1542 2151 1617 2208 illius
1635 2147 1741 2220 absque

99 2243 154 2311 des,
170 2247 223 2302 sed
238 2248 326 2303 debet
347 2248 414 2303 addi
436 2248 502 2304 srdei
516 2247 602 2320 digna
617 2247 684 2314 uita,
703 2248 728 2302 si
750 2247 825 2302 enim
841 2263 902 2302 me·
943 2247 1020 2302 omni
1034 2251 1148 2320 peccato
1160 2246 1223 2302 fuit.

98 2341 219 2390 ruerunt
232 2341 350 2405 terram,
359 2337 582 2410 quimurmurati
597 2341 673 2404 sunt,
685 2337 826 2408 quomodo
840 2352 901 2391 me·
978 2334 1022 2394 20.
1036 2336 1140 2392 Laura.
1148 2339 1202 2392 Pro
1213 2336 1400 2390 similitudine
1411 2336 1525 2402 peccati.
1539 2332 1594 2387 Pro
1607 2331 1741 2389 similitu·

96 2422 336 2482 rebimurcoelum
350 2427 544 2482 indifferenter
557 2426 683 2482 virentes
697 2433 730 2481 ut
742 2431 865 2497 gentes?
942 2425 1017 2493 diue,
1034 2425 1127 2492 idest,
1144 2425 1298 2480 secuudum
1313 2422 1540 2487 similitudinem,
1551 2421 1681 2477 uidelicet
1694 2437 1740 2476 se-

131 2513 176 2568 lo.
194 2515 305 2573 Lmen,
325 2517 494 2571 Festinamus
508 2532 570 2584 erpo
585 2517 706 2584 ingredi,
721 2514 750 2569 id
766 2520 818 2580 est,
835 2513 901 2585 quia
941 2515 1063 2570 cundum
1089 2531 1213 2581 carnem,
1239 2513 1305 2584 quia
1326 2513 1356 2566 in
1381 2510 1567 2567 similitudine
1593 2511 1740 2566 hominum

96 2604 210 2673 requies
223 2603 274 2659 illa
288 2611 394 2660 aeterna
405 2611 527 2676 cst,ergo
538 2603 702 2660 festinemus
711 2604 767 2658 fide
776 2603 896 2674 ingredi.
940 2603 1030 2659 tactus
1046 2609 1098 2659 est.
1110 2603 1219 2675 Velpro
1233 2601 1427 2666 similitudine,
1444 2600 1472 2654 id
1485 2605 1537 2666 est,
1549 2616 1600 2671 pro
1612 2600 1739 2670 exemplo

95 2691 154 2758 Vei,
174 2709 246 2764 ergo
261 2694 327 2765 quia
345 2694 387 2748 illi
402 2711 452 2766 per
465 2693 691 2749 incredulitatem
706 2709 763 2747 non
777 2691 898 2763 ingressi
939 2693 1031 2748 dando
1046 2692 1185 2754 fidelihus,
1202 2697 1235 2747 ut
1248 2698 1277 2746 et
1290 2689 1344 2762 ipsi
1356 2688 1462 2760 absque
1481 2705 1618 2744 consensu
1634 2687 1741 2760 peccati

94 2789 170 2850 sunt
189 2799 260 2853 ergo
273 2799 325 2838 uos
339 2799 390 2855 per
399 2783 483 2838 fidem
497 2782 690 2854 ingrediemur
699 2781 729 2836 in
742 2781 830 2836 illam.
939 2785 1102 2849 tententur;
1125 2779 1305 2835 observantes
1319 2795 1355 2832 ne
1369 2777 1541 2832 inducantur
1558 2776 1587 2830 in
1606 2775 1740 2830 tentatio-

130 2870 176 2928 ll.
193 2872 320 2929 hunnos
335 2875 370 2927 In
384 2875 477 2942 ipsum
488 2873 704 2937 incredulitatis,
716 2871 745 2925 id
757 2875 808 2936 est,
824 2886 860 2924 ne
869 2868 900 2924 iu
940 2886 1015 2925 nem.
1031 2870 1082 2925 Vel
1096 2870 1145 2936 ita,
1157 2886 1207 2942 pro
1219 2867 1414 2933 similitudine,
1426 2866 1516 2932 idest,
1534 2868 1649 2936 propter
1664 2864 1741 2919 simi-

95 2961 206 3015 similia
216 2960 385 3030 incidamus,
393 2978 428 3018 ne
438 2962 536 3018 eadem
546 2960 690 3033 patiamur
697 2975 760 3032 quae
772 2958 813 3014 illi
823 2957 898 3030 passi
940 2959 1099 3028 titudinem,
1114 2963 1230 3030 propter
1247 2973 1361 3012 carnem
1375 2954 1481 3010 scilicet
1500 2971 1584 3025 quam
1596 2952 1713 3024 gerebat
1731 2971 1737 3008 :

93 3056 170 3106 sunt.
939 3047 994 3104 uisi
1008 3047 1083 3102 enim
1098 3047 1161 3102 aliis
1174 3045 1336 3100 hominibus
1346 3042 1445 3098 similis
1455 3046 1537 3110 esset,
1553 3046 1663 3097 tentare
1674 3057 1739 3096 eum

126 3139 177 3196 12.
195 3139 301 3195 Lmen.
317 3142 490 3210 Exemplum.
513 3138 677 3211 Exemplum
694 3137 899 3193 incredulitatis
941 3134 1068 3190 diabolus
1082 3151 1139 3190 non
1153 3134 1280 3190 auderet.
1306 3131 1383 3189 Ordo
1398 3150 1406 3186 ι
1422 3135 1563 3186 tentatum
1578 3147 1628 3201 per
1643 3129 1739 3185 omnia

93 3234 178 3284 secat
192 3229 347 3284 uindictam
363 3230 421 3296 liei,
438 3246 500 3302 quae
511 3233 592 3284 tanta
602 3227 682 3282 illata
695 3233 749 3294 est,
760 3231 794 3282 ut
807 3242 900 3282 exem·
940 3223 1045 3296 absque
1059 3229 1183 3297 peccato.

93 3318 139 3388 pio
153 3317 226 3372 aliis
240 3335 302 3373 esse
317 3318 417 3386 valeat,
432 3334 468 3373 ne
479 3316 616 3374 increduli
640 3333 701 3372 esse
713 3320 927 3396 praesumantss
976 3313 1021 3369 21.
1036 3317 1071 3370 ln
1084 3316 1203 3369 casilia.
1219 3311 1361 3366 Auxilium
1376 3309 1426 3366 Dei
1441 3325 1553 3380 semper
1573 3312 1617 3364 est
1635 3323 1739 3380 oppor-

130 3404 176 3464 1³.
197 3409 321 3464 Asianos.
349 3408 428 3462 Vicus
451 3413 490 3463 est
510 3411 596 3464 caim.
621 3405 752 3462 Ostendit
777 3404 823 3460 hic
847 3421 899 3460 tros
941 3403 1059 3468 tunum3
1075 3399 1142 3470 quia
1165 3397 1195 3452 in
1222 3394 1436 3452 necessitatibus
1450 3393 1598 3461 subvenit;
1615 3391 1688 3448 sicut
1709 3392 1741 3448 iu

94 3496 232 3552 eumdem
247 3495 351 3552 habore
359 3497 484 3567 judicem
498 3496 546 3568 qui
559 3496 623 3552 illos
637 3500 752 3568 propter
768 3493 900 3550 incredu-
940 3488 1048 3562 psalmo
1062 3489 1199 3558 :adjutor
1211 3489 1244 3541 in
1257 3485 1521 3556 opportunitatibus,
1532 3485 1565 3538 in
1578 3483 1740 3538 tribulatio-

94 3584 211 3640 litatem
226 3601 324 3640 eorum
341 3585 495 3643 damnavit.
940 3594 975 3633 ns
991 3580 1072 3640 lPsct.
1088 3584 1139 3647 rx).

127 3676 175 3730 tt.
192 3675 303 3731 Laura.
325 3677 449 3730 Viousest
463 3677 548 3740 enim,
563 3674 593 3729 id
606 3671 901 3742 est,vivax,vivaciter
977 3685 1057 3740 οΑΡ,
1072 3683 1106 3738 v,
1126 3711 1152 3722 -
1173 3681 1197 3739 1,
1218 3677 1319 3737 Lippa.
1339 3681 1436 3737 (anni,
1459 3695 1581 3750 namqu,
1599 3678 1736 3748 pontifex,

95 3771 199 3820 ‘stum
215 3764 314 3835 '58⁰¹‘
336 3780 433 3836 agens·
457 3763 538 3836 (limi
563 3762 716 3818 incredlflis
738 3761 899 3833 ΓΕΒΡῡῐῑάθῐ·
941 3774 1028 3839 Quasi
1043 3773 1168 3828 diecret:
1184 3772 1247 3826 Nou
1263 3775 1308 3826 est
1321 3769 1507 3825 diffidendum
1521 3767 1589 3840 quin
1603 3784 1654 3839 per
1664 3767 1741 3823 hunc

93 3857 136 3909 ΛΒ
151 3853 235 3910 mlii
249 3853 325 3908 Deus
339 3853 364 3907 Si
377 3854 470 3921 cred0s
493 3853 537 3908 iel
558 3869 615 3908 ¹¹⁰ss
634 3851 899 3916 0r0d⁰?Vilt180⁸ts
941 3863 1102 3936 pontiticem
1118 3859 1338 3916 misericordiam
1350 3863 1379 3914 et
1392 3857 1512 3929 gratiam
1521 3872 1741 3928 consequamur,

92 3945 200 4016 iflqfli‘.
223 3943 279 3998 ¹3⁰1
305 3957 397 3998 ⁸0fm0
423 3943 453 3998 id
480 3947 532 4010 ³⁸b
555 3940 680 3997 Verbum
699 3940 793 3996 Patris
815 3941 900 3996 h0m⁰
942 3953 1009 4025 quia
1023 3951 1071 4007 alii
1086 3951 1172 4006 etiam
1187 3948 1342 4021 pontifices,
1359 3947 1408 4019 qui
1427 3946 1491 4019 puri
1512 3944 1641 4000 homines
1663 3947 1740 4012 sunt,

94 4034 243 4099 Christus,
261 4037 315 4086 θῐθ·
942 4042 978 4098 ad
993 4042 1052 4096 haec
1065 4039 1244 4112 impetranda
1255 4035 1416 4092 hominibus
1433 4033 1579 4090 constituti
1595 4037 1671 4088 sunt.

127 4111 749 4190 15·ΜῦῃοὶΜΜΜὼΡΜιω·Λ“ἰω8
771 4119 898 4186 Vivimffl’
977 4147 1005 4204 2.
1019 4149 1142 4203 hunnos.
1168 4145 1264 4200 Ouinia
1287 4157 1406 4211 nomque
1429 4141 1564 4210 pontisec.
1586 4137 1671 4194 Ponit
1694 4137 1741 4193 hic

91 4211 200 4312 Spiritu
211 4208 415 4310 inanimum
432 4213 461 4264 εἰ
471 4215 530 4309 Ψ
545 4207 901 4310 θίῇῗψεῐ,ὓθῆ“ᾶὶῦὶ“ω
942 4236 1093 4310 Apostolus
1102 4235 1231 4308 quaedam
1241 4229 1521 4287 communiatlhristo
1534 4244 1598 4282 cum
1610 4226 1741 4282 sacerdo-

91 4307 124 4355 ιη
136 4301 288 4355 dmm
300 4303 375 4354 mter
388 4299 512 4354 mmm
527 4303 556 4354 Εἴ
569 4299 739 4398 ΒΡΗΉΠἿΜ·
837 4387 843 4398 ,
858 4386 864 4398 ,
942 4326 1037 4395 tibus,
1054 4324 1183 4397 quaedam
1201 4336 1267 4376 vero
1290 4319 1391 4374 altiora
1408 4337 1414 4372 :
1432 4319 1491 4373 Hoc
1510 4332 1659 4372 commune
1674 4321 1717 4371 est
1731 4331 1738 4370 ε

130 4389 178 4447 ω’
194 4390 305 4444 mm
320 4389 428 4442 ‘inim
447 4403 479 4443 ⁰⁶
501 4390 630 4456 mirum·
655 4387 795 4443 D¹⁸⁰⁰mit
813 4387 901 4442 ΝΜ
942 4432 994 4489 pro
1006 4413 1135 4470 omnibus
1149 4409 1339 4474 constituitur,
1347 4413 1381 4464 ut
1394 4407 1495 4464 olierat
1508 4423 1559 4479 pro
1572 4405 1704 4479 peccatis.

93 4479 173 4534 inter
187 4477 316 4532 animam
323 4481 352 4531 ct
358 4477 499 4549 spiritum,
508 4476 575 4548 quia
584 4477 644 4548 ipse
654 4476 731 4531 novit
740 4475 807 4548 quid
816 4476 901 4531 homo

93 4569 207 4640 agitet
226 4571 279 4622 aut
298 4566 383 4621 Mat
410 4571 527 4639 μορίω,
553 4569 667 4621 terrena
685 4565 843 4633 ‘mummia'
874 4570 929 4676 etC
942 4610 1029 4665 semel
1043 4625 1073 4664 se
1085 4607 1187 4663 obtulit
1201 4604 1415 4670 immolandum,
1431 4602 1503 4658 sicut
1518 4601 1606 4656 semel
1620 4600 1655 4657 de
1670 4600 1742 4656 Mel-

92 4663 219 4802 prm
232 4655 366 4710 mmm·
404 4743 443 4800 co
749 4744 755 4756 .
813 4741 835 4798 fi
946 4697 1095 4754 chisedech
1106 4696 1137 4751 in
1152 4700 1250 4750 sancta
1268 4692 1373 4764 legitur
1388 4691 1544 4763 Scriptura.

171 4760 379 4814 'mmm‘
445 4759 562 4816 mpages
585 4749 667 4800 vocat
694 4759 812 4815 comune
836 4757 904 4798 ones
981 4804 1007 4862 i.
1024 4805 1133 4860 Laura.
1151 4801 1353 4858 Melchisedech.
1369 4796 1572 4854 Melchisedech
1587 4813 1689 4869 panem
1715 4801 1745 4853 et

93 4835 316 4909 cogitationum,
331 4833 470 4889 medullas
484 4833 655 4890 intentiones
670 4849 778 4899 eorum,
788 4838 819 4888 et
828 4830 903 4887 idem

93 4927 229 5002 ,perflas
256 4924 360 4996 repetit
377 4923 580 4995 cogitationum
604 4927 632 4978 et
653 4921 852 4978 intentionum·
868 4919 903 4974 Et
944 4895 1041 4950 vinum
1056 4892 1212 4990 sacrificare
1227 4890 1285 4945 Deo
1299 4887 1464 4988 constituit,
1481 4903 1565 4987 quem
1589 4886 1675 4987 ritum
1690 4885 1744 4941 Do·

93 5025 138 5074 &t
152 5015 228 5074 ordo
246 5033 253 5068 :
270 5013 408 5068 discretor
420 5028 600 5084 compagum,
615 5015 669 5066 etc·
687 5010 717 5066 Si
731 5009 807 5065 enim
828 5008 902 5080 cogi,
943 4985 1037 5039 minus
1050 4983 1131 5038 lesus
1146 4981 1274 5036 Christus
1288 4977 1454 5043 observant,
1471 4981 1544 5031 et1n
1559 4975 1681 5031 Ecclesia
1692 4991 1744 5030 sua

94 5108 169 5162 tatio
182 5103 350 5175 cogitationi
365 5101 555 5173 conjungitur,
571 5099 631 5172 ipse
642 5099 722 5155 novit
735 5115 797 5170 quae
811 5097 849 5152 sit
857 5113 902 5152 sc·
943 5071 1087 5128 ⁰b⁵⁰lla¹¹i
1097 5069 1237 5144 Pfaeoel’st·

1 5189 2 5218 l
94 5195 228 5252 cundum
247 5193 348 5258 Deum,
363 5191 407 5246 vel
418 5189 573 5245 secundum
586 5188 720 5244 seculum
736 5207 743 5243 :
760 5187 901 5259 ipsequo-
979 5181 1004 5236 5.
1019 5181 1144 5235 hunnos.
1159 5177 1388 5246 supplicationes.
1409 5171 1484 5228 Dicit
1506 5187 1602 5245 preces
1627 5185 1691 5225 eum
1715 5175 1744 5225 et

95 5303 152 5356 que
170 5299 233 5356 qua
246 5285 343 5352 vergat
353 5278 472 5334 intentio
481 5277 641 5350 cogitantis,
652 5276 710 5332 sive
720 5275 834 5343 bonum,
844 5275 902 5330 sive
942 5267 1161 5343 supplicationes
1187 5265 1305 5321 fundere
1333 5279 1391 5318 non
1418 5261 1536 5322 timore,
1565 5259 1614 5314 sed
1641 5262 1743 5314 nostrae

95 5375 213 5430 malum
224 5370 355 5426 uideatur
368 5383 430 5424 esse
445 5367 519 5439 quod
533 5366 602 5438 agit.
943 5375 1029 5415 causa
1045 5355 1153 5412 salutis.
1169 5355 1238 5410 Inde
1250 5356 1279 5408 et
1291 5353 1322 5407 in
1333 5351 1389 5408 alio
1411 5350 1471 5404 loco
1490 5347 1557 5403 dicit
1577 5346 1743 5418 sanguinem

133 5462 183 5519 l8.
198 5460 244 5518 ,id
259 5475 338 5530 quem
353 5459 430 5514 nohis
442 5473 540 5511 senno.
552 5455 595 5511 Ad
608 5451 903 5511 Christumeritnobis
945 5447 1048 5505 Christi
1063 5445 1164 5502 melius
1178 5444 1313 5499 clamasse
1324 5437 1465 5513 pronobis
1475 5453 1561 5509 quam
1574 5435 1743 5508 sanguinem

95 5567 209 5620 emmo,
226 5548 294 5622 quia
307 5548 361 5604 sihi
375 5545 526 5603 reddemus
540 5545 678 5602 rationem
692 5543 728 5602 de
741 5541 904 5599 actibusno-
944 5536 1031 5606 Abcl;
1048 5537 1097 5610 qui
1108 5532 1339 5592 adaccusandum
1352 5529 1472 5584 deterre
1482 5526 1638 5584 huternum
1652 5526 1744 5584 scelus

979 4519 1005 4579 3.
1024 4520 1063 4574 Tu
1075 4536 1101 4574 es
1113 4512 1246 4573 sacerdos.
1261 4515 1397 4571 Sacerdos
1413 4513 1518 4568 dicitur
1536 4511 1676 4579 Christus,
1693 4511 1742 4584 qui
