3934 6174
222 273 275 332 279
712 269 745 326 B.
766 271 974 331 LANTRANOI
992 269 1171 330 centone.
1190 269 1359 327 nectitur.
1785 271 1833 330 teo

229 397 337 456 sionem
355 414 361 452 :
377 411 439 470 que
446 395 576 466 predicto
588 395 667 450 niodo
681 399 748 451 sunt
760 413 811 469 per
819 397 982 471 allegoriam
989 394 1149 462 dictaoaid
1154 394 1210 449 446
1217 395 1254 447 cd
1259 397 1358 461 tepent?
1368 392 1433 448 4446
1443 391 1518 448 enim
1529 397 1594 448 sunt
1601 394 1656 448 duo
1665 398 1831 466 testamenta,

229 486 500 548 nomotiuddicont,
511 483 624 538 etatiod
632 485 746 552 sionent
754 501 765 552 ;
778 487 952 554 quiodr'cunt
966 487 1047 552 filios,
1060 485 1206 552 4444666444
1215 484 1269 536 duo
1279 486 1451 534 testamento.
1464 478 1508 535 37.
1523 481 1614 536 Unum
1630 483 1736 553 quidem
1748 486 1834 539 delum

229 575 364 631 inmonte
376 573 451 636 Sina,
468 571 498 626 in
513 571 677 627 servitutem
690 589 840 642 generans,
854 573 899 629 38.
917 578 1031 645 quaeest
1044 573 1129 642 Agar,
1146 572 1306 638 quesr'ynot
1322 570 1411 638 lym,-
1424 570 1712 638 (percutiendum
1726 569 1766 628 39.
1777 573 1837 627 Sina

230 663 316 730 enim,
337 663 455 732 (exponit
468 661 539 729 quid
547 659 629 723 Sinai
644 677 725 716 mons
739 663 820 718 estin
836 661 950 726 Arabia,
967 659 1010 718 40.
1026 661 1074 732 qui
1089 660 1255 728 conjunctus
1270 663 1313 712 est
1325 657 1350 711 ei
1361 674 1423 728 quae
1434 675 1508 712 nunc
1518 662 1561 712 eat
1573 659 1750 724 Hierusalem,
1762 659 1835 726 4444,

230 750 317 807 servit
327 765 391 804 cum
406 747 481 813 filiis,
491 750 599 814 ineolis,
611 747 678 803 suis.
693 747 800 807 424414
812 756 917 816 autem,
935 767 996 822 quae
1010 765 1121 804 sursum
1139 753 1182 802 est
1193 746 1381 811 Hierusalem,
1393 745 1436 802 44.
1458 745 1546 801 libera
1558 751 1610 814 est,
1625 764 1684 818 quse
1702 753 1742 802 est
1753 753 1834 802 mater

230 843 336 895 nostra.
353 838 398 892 44.
413 837 554 910 Scriptum
570 841 613 891 est
623 837 697 890 anim
713 855 719 889 :
739 835 904 902 linLaatare,
917 838 1039 893 sterilis!
1051 853 1112 908 quae
1126 851 1182 890 uon
1196 835 1291 906 paris;
1307 851 1423 906 erumpe
1431 840 1459 888 et
1473 834 1637 906 clamaque
1649 852 1702 890 non
1716 836 1838 907 parturis,

230 926 296 999 quia
310 925 355 982 46.
372 927 455 981 multi
467 925 516 979 filii
526 925 644 979 desertae
656 925 778 978 Ecclesia
788 928 825 979 cd
840 933 955 994 tempus,
970 929 1037 980 444464
1051 927 1107 993 fuit
1122 927 1165 978 lec
1178 923 1268 994 magis
1277 940 1360 995 quam
1374 923 1443 992 ejus,
1460 923 1618 994 senonem,
1635 922 1676 980 47.
1691 941 1748 995 quae
1762 923 1837 979 habet

232 1015 443 1071 virutulliccret
456 1017 533 1084 quis:
545 1014 618 1080 Quid
630 1014 667 1066 od
677 1029 789 1081 nosque
799 1015 984 1068 mododicisti
994 1020 1006 1067 t
1018 1015 1076 1068 Nos
1089 1018 1195 1079 autem,
1208 1012 1320 1078 iratres,
1334 1013 1489 1067 secundum
1506 1013 1584 1066 Isaac
1599 1011 1784 1084 promissionis
1795 1013 1840 1068 lilii

231 1120 339 1161 sumus.
356 1105 428 1170 Erpa
441 1105 533 1157 liberi.
550 1103 656 1156 Diceret
666 1105 728 1171 quis
743 1104 817 1156 :Nos
827 1105 896 1156 dicis
908 1105 1015 1170 liberor,
1028 1105 1077 1172 qui
1088 1104 1208 1172 quotidie
1220 1102 1390 1171 osjtipirnur,
1408 1101 1463 1155 Sed
1477 1101 1617 1172 quomodo
1629 1106 1695 1157 tunc
1708 1101 1732 1154 is
1746 1101 1790 1172 qui
1802 1117 1842 1155 se·

231 1193 355 1248 cundum
370 1190 502 1262 spiritum
515 1187 618 1262 (Isaac),
635 1189 675 1244 444
686 1195 716 1244 44
727 1206 811 1245 nunc.
821 1191 884 1245 'Sed
899 1190 966 1261 quid
982 1190 1051 1245 dicit
1065 1189 1225 1260 Scriptura?
1239 1189 1313 1258 Ejice
1329 1189 1470 1254 ancillam,
1484 1195 1513 1244 ct
1524 1190 1612 1244 lilium
1628 1190 1702 1259 ejus,
1714 1189 1843 1244 nonenim

232 1282 322 1337 haeres
337 1279 391 1334 4444
404 1279 479 1332 illius
497 1277 683 1334 ancillarum
697 1278 754 1332 tilio
769 1277 871 1333 liberes.
889 1278 997 1348 ltaque,
1014 1277 1125 1344 fratres,
1141 1295 1197 1332 non
1212 1295 1310 1333 sumus
1327 1278 1440 1340 ¹ancille
1461 1279 1521 1343 silli,
1542 1278 1591 1334 sed
1611 1279 1721 1346 libere,
1737 1281 1787 1348 ipsi
1802 1282 1845 1348 eji-

209 1401 217 1416 ·
233 1372 353 1434 cientur,
369 1371 521 1422 notantem
533 1366 835 1435 hereditabimur,quic
846 1381 902 1420 non
912 1382 1008 1420 sumus
1018 1369 1100 1431 servi,
1114 1369 1160 1422 sed
1175 1365 1302 1434 liberi,48
1316 1383 1372 1438 qua
1378 1367 1509 1423 libertate
1521 1369 1648 1424 Christus
1657 1383 1707 1422 nos
1716 1366 1842 1421 liberarit.

917 1529 1008 1590 184
1028 1526 1145 1581 CAPUT
1164 1524 1194 1580 V.

268 1670 341 1737 Erro
355 1669 422 1737 quia
431 1666 513 1722 liberi
524 1665 613 1732 State,
624 1669 653 1722 et
666 1663 719 1732 43.
727 1664 815 1722 nolite
829 1665 932 1720 iterum
942 1667 1011 1736 jugo
1024 1667 1403 1734 servitutis‚cireorncidendo
1414 1667 1618 1734 oes,contineri,
1630 1667 1792 1736 supradictis
1800 1672 1848 1720 ter·
1940 1703 1942 1720 .

233 1759 303 1824 4644,
319 1773 396 1810 nurse
401 1770 485 1825 perse
494 1756 640 1820 dissuadet,
654 1771 686 1808 ne
698 1756 1022 1838 circumcidantur.Ecce
1032 1772 1085 1826 ego
1097 1756 1211 1823 Paulus,
1220 1758 1321 1825 quisui
1331 1759 1524 1818 circumcisus,
1536 1756 1597 1811 dico
1608 1755 1685 1810 vobis
1693 1755 1848 1826 quoniamsi

232 1843 482 1912 circumcidamini,
494 1841 622 1900 Christus
636 1858 710 1898 mors
727 1843 918 1912 Christi,vobis
932 1844 970 1902 nil
986 1843 1121 1922 proderit,
1127 1841 1197 1918 quin
1203 1847 1264 1898 sitis
1273 1847 1354 1900 semi.
1365 1846 1437 1918 (6446
1445 1846 1603 1914 dissuasio.)
1613 1843 1757 1904 Testitlcor
1763 1848 1849 1898 autem

888 2015 1181 2075 COMMENTARIUS.

228 2169 335 2238 dinem,
350 2169 417 2241 quia
427 2168 539 2241 juvenis
553 2169 655 2225 mulier
677 2184 711 2224 ex
733 2183 800 2223 sene
817 2167 930 2222 homine
953 2165 1155 2230 soletAmater
1169 2175 1266 2225 nostra
1277 2171 1432 2226 secundum
1446 2175 1565 2243 partem,
1589 2168 1619 2223 id
1636 2171 1689 2231 est,
1708 2163 1852 2220 secundum

228 2259 383 2330 concipere.
1065 2258 1136 2314 hanc
1150 2265 1317 2330 praesentem
1339 2261 1501 2324 Ecclesiam,
1515 2275 1576 2331 quae
1590 2260 1709 2329 generat
1723 2253 1799 2308 nobis
1809 2253 1853 2308 Dei

265 2346 433 2406 3444464444.
439 2348 480 2418 (in
488 2349 572 2417 Epist.
584 2350 621 2402 644
630 2347 703 2416 dot.)
714 2349 803 2402 Unum
815 2347 935 2416 66444444.
948 2347 1024 2416 Agar
1064 2346 1145 2401 lilios.
1164 2348 1197 2402 Et
1207 2347 1308 2418 probat
1318 2349 1385 2419 quia
1398 2349 1485 2403 libera
1497 2354 1549 2406 est.
1564 2363 1631 2402 nam
1646 2346 1766 2410 laetatum
1782 2341 1854 2409 (elte-

228 2437 364 2509 populum
379 2437 487 2491 Veteris
505 2437 678 2492 Testamenti
696 2441 811 2508 propter
819 2437 918 2507 jugum
927 2434 1023 2489 obser·
1064 2440 1119 2502 tus)
1136 2437 1236 2508 probat
1248 2437 1314 2507 quia
1329 2443 1420 2492 mater
1434 2443 1485 2505 est,
1497 2453 1562 2492 nam
1573 2435 1649 2508 parit
1661 2433 1732 2490 illios
1750 2449 1755 2486 :
1771 2429 1856 2498 Scrip-

170 2523 173 2532 '
228 2526 373 2581 vationum
384 2523 465 2579 Isaac
478 2529 562 2580 natus
571 2525 606 2579 de
620 2523 709 2578 libere
716 2540 765 2596 per
778 2523 1023 2594 repromissionem
1066 2530 1126 2578 4664
1140 2529 1179 2578 444
1192 2529 1277 2592 enirn,
1294 2531 1347 2581 etc.

227 2613 773 2686 populumNoviTestamentisiguitieat.
781 2613 915 2667 Senectus
929 2617 1023 2667 autem
1099 2613 1144 2671 43.
1162 2617 1256 2669 Libero
1271 2622 1317 2670 est.
1329 2615 1429 2671 Libere
1440 2621 1484 2671 est
1497 2617 1564 2688 quia
1573 2615 1670 2671 liberae
1683 2612 1757 2674 ntia,
1771 2611 1798 2666 id
1808 2615 1855 2671 est,

229 2691 379 2773 paredtum
395 2701 474 2756 Isaac
495 2701 530 2756 ad
550 2701 677 2756 eamdem
691 2699 924 2770 significationem
942 2700 1023 2766 velet,
1064 2704 1162 2774 gratiae
1180 2705 1251 2758 Novi
1272 2705 1454 2768 Testamenti,
1474 2712 1499 2760 el
1521 2704 1727 2777 predicationis
1749 2699 1856 2765 Christi,
1941 2759 1942 2762 Ἴ

228 2790 363 2862 quoniam
377 2791 497 2862 populus
509 2789 580 2845 Novi
591 2790 773 2854 Testamenti,
790 2788 916 2860 quamvis
930 2787 967 2842 sit
977 2804 1026 2842 no·
1066 2809 1127 2862 quae
1150 2797 1193 2847 est
1215 2779 1305 2848 mate'r
1326 2799 1433 2861 nostra,
1448 2795 1514 2864 quia
1528 2794 1729 2866 predicatores
1739 2791 1777 2846 ibi
1787 2794 1857 2854 sunt,

226 2893 288 2946 4444,
304 2877 511 2951 praedestinatio
531 2883 627 2934 4444446
641 2879 704 2949 ejus
717 2876 792 2950 apud
807 2878 905 2943 Deum,
922 2881 951 2930 et
965 2876 1026 2948 ipsa
1066 2881 1114 2952 qui
1129 2897 1180 2935 nos
1190 2899 1241 2953 per
1255 2881 1434 2954 Evangelium
1453 2869 1622 2955 genuerunt.

227 2967 384 3023 Jerusalem
395 2967 515 3022 coelestis
530 2967 647 3038 antiqua
660 2971 713 3021 est.
1101 2967 1146 3026 44.
1163 2971 1304 3040 Scriptum
1319 2978 1357 3026 444
1375 2975 1459 3026 enim.
1477 2975 1533 3028 lloc
1548 2970 1650 3043 probat
1665 2970 1733 3042 quia
1756 2967 1859 3033 libera;

263 3054 307 3113 38.
318 3057 446 3111 Auunos.
460 3057 523 3124 0444
536 3062 574 3110 est
587 3059 676 3124 Aper.
695 3057 771 3126 Agar
784 3054 896 3122 ancilla,
911 3055 1024 3125 pariens
1065 3058 1216 3114 liberorum
1231 3059 1305 3114 enim
1319 3065 1363 3116 est
1376 3060 1473 3126 laetari,
1491 3076 1637 3115 serrorum
1651 3075 1717 3114 vero
1731 3058 1838 3113 timere.

227 3146 381 3203 secundum
397 3160 480 3200 usum
495 3150 613 3210 naturae,
628 3144 970 3216 significatlegem,quem
984 3150 1024 3199 44-
1100 3149 1143 3202 45.
1160 3151 1280 3204 Aucusr.
1295 3151 1366 3219 (ibid
1379 3151 1391 3220 )
1402 3151 1513 3214 letare,
1524 3151 1640 3203 sterilis.
1656 3148 1804 3203 Cratestem
1818 3145 1862 3199 44·

228 3250 297 3290 nere
311 3233 416 3290 habent
428 3234 476 3305 qui
486 3233 515 3288 in
524 3233 577 3287 4446
588 3232 646 3286 vita
655 3239 810 3287 nascuntur
819 3232 972 3287 secundum
984 3249 1025 3287 se·
1065 3237 1187 3290 rusalem
1201 3237 1327 3292 sterilem
1346 3243 1427 3293 46644
1441 3238 1594 3308 Scriptura,
1609 3237 1738 3308 quandiu
1753 3234 1823 3289 lilios
1836 3233 1863 3286 in

229 3323 373 3396 quentiam
388 3327 506 3388 naturae,
521 3322 569 3392 qui
579 3321 662 3375 etiam
673 3321 793 3392 sublege
803 3320 987 3376 versabantur
995 3322 1025 3377 in
1066 3330 1207 3380 terranon
1222 3327 1329 3397 genuit,
1346 3344 1408 3398 quae
1422 3328 1533 3382 deserta
1548 3326 1635 3381 etiem
1650 3326 1729 3380 dicte
1748 3329 1798 3389 esi,
1811 3337 1862 3376 644-

231 3411 329 3468 ordine
343 3426 502 3478 servorum,
519 3411 589 3464 Sara
603 3415 710 3479 autem,
721 3426 839 3482 quaeper
850 3411 971 3481 gratiam
980 3427 1027 3482 pe·
1067 3403 1164 3467 lestem
1185 3415 1324 3484 justitiam
1350 3415 1544 3470 deserentibus
1558 3414 1735 3481 hominibus,
1757 3417 1865 3467 terrena

229 3497 313 3570 perit,
324 3499 387 3553 illos
403 3497 451 3568 qui
466 3497 495 3552 in
507 3496 618 3552 Christo
637 3497 823 3553 resurrexisse
834 3497 964 3551 videntur
978 3513 1027 3568 per
1037 3497 1249 3557 Bsectantlbus.

227 3587 359 3658 84844444,
377 3585 425 3658 (4υἱ
440 3586 641 3657 9448414444494434
659 3601 737 3656 Spem
751 3590 859 3640 444441Υὲ
874 3585 1025 3640 secundam
1102 3589 1146 3647 lo.
1162 3593 1288 3648 Anonos.
1301 3595 1385 3648 Multi
1398 3593 1462 3660 filii.
1479 3593 1537 3647 Hoc
1552 3592 1586 3646 de
1601 3591 1811 3646 resurrectione
1825 3588 1866 3642 di-

228 3681 391 3747 exspectant
405 3675 590 3738 nativitatem,
608 3672 709 3744 quibus
722 3675 783 3744 jam
797 3674 982 3740 circumcisio,
998 3679 1027 3728 et
1067 3683 1142 3733 ctum
1157 3685 1208 3734 est.
1224 3679 1414 3736 Nosestenim
1424 3681 1472 3752 qui
1482 3680 1719 3736 resurrectionem
1737 3675 1864 3742 assecuti,

229 3764 333 3822 oblatio
344 3765 545 3822 sacrificiorum
560 3780 734 3837 supervacua
744 3770 797 3820 est.
1067 3769 1192 3823 exomni
1214 3777 1299 3840 gente
1313 3785 1420 3836 sumus,
1442 3768 1483 3824 illi
1497 3785 1563 3823 vero
1577 3769 1626 3840 qui
1642 3768 1697 3824 sub
1713 3753 1775 3840 lege
1794 3769 1866 3829 sunt,

267 3852 311 3911 39.
326 3856 398 3912 Sino
412 3859 487 3909 enirn
501 3871 579 3909 mons
594 3860 641 3908 est.
666 3853 767 3910 Arabia
782 3853 905 3926 antiquis
919 3859 1025 3926 tempo·
1067 3871 1201 3928 unagens
1216 3862 1268 3913 est.

226 3943 316 4010 ribus,
326 3961 382 3999 non
394 3943 443 3999 illa
457 3960 520 4016 quae
533 3959 608 3999 nunc
622 3943 792 4008 nominatur,
809 3944 870 3998 sola
884 3951 962 4012 erat3
976 3945 1025 3999 sed
1101 3947 1145 4001 47.
1161 3948 1283 4002 Auocsr.
1301 3948 1389 4014 (ibid.)
1406 3949 1468 4016 066
1482 3948 1561 4001 habet
1574 3947 1683 4013 airum,
1702 3945 1731 4000 id
1745 3947 1799 4009 est,
1813 3947 1868 3996 ter·

228 4038 258 4089 44
272 4033 394 4091 solitudo
415 4039 444 4089 et
463 4050 529 4106 pars
554 4049 611 4088 non
630 4033 740 4087 modica
764 4033 890 4105 AEgypti,
915 4032 963 4087 ubi
983 4039 1025 4088 est
1066 4051 1136 4090 rena
1149 4036 1303 4091 Jerusalem
1316 4053 1377 4108 quae
1391 4037 1482 4108 legem
1495 4038 1658 4106 acceperat3
1683 4038 1714 4088 et
1735 4032 1800 4088 ideo
1819 4045 1870 4084 664

228 4139 310 4180 mons
334 4123 410 4190 Sina,
440 4123 469 4179 in
497 4139 552 4196 quo
573 4123 639 4178 data
655 4123 755 4178 estlex
781 4123 862 4178 Unde
882 4129 911 4177 et
934 4123 1028 4178 iuerat
1067 4125 1165 4178 lestem
1180 4125 1335 4180 Jerusalem
1355 4125 1425 4179 Sara
1445 4124 1593 4195 significat,
1610 4139 1674 4194 quae
1690 4123 1741 4177 diu
1760 4121 1871 4176 deserta

227 4213 314 4284 Agar,
323 4229 384 4285 que
399 4212 539 4284 significat
548 4213 863 4277 VetusTestamentum,
873 4227 1027 4283 quagene-
1067 4219 1111 4267 est
1124 4230 1141 4267 a
1153 4212 1302 4268 concubitu
1314 4213 1377 4279 riri,
1390 4219 1505 4285 propter
1517 4212 1663 4284 cognitam
1679 4210 1868 4266 sterilitatem.

227 4307 275 4357 rat
285 4301 315 4356 in
329 4302 503 4368 servitutem,
514 4315 577 4373 quae
591 4301 676 4356 etiam
686 4300 866 4370 conjungitur
880 4316 930 4371 per
943 4301 1027 4371 signi·
1102 4301 1146 4357 48.
1162 4302 1267 4356 44444444.
1285 4302 1344 4369 Oua
1363 4304 1488 4357 libertate
1507 4302 1633 4357 04444464
1658 4317 1711 4356 nos
1733 4299 1869 4354 liberauit.

228 4389 388 4446 ficationem
409 4390 434 4444 ei
446 4391 602 4445 Jerusalem
622 4405 684 4461 que
702 4390 789 4443 estin
804 4389 856 4444 hoc
870 4390 980 4455 saeculo,
997 4390 1024 4444 in
1066 4391 1108 4445 Ne
1121 4396 1283 4462 putaremus
1291 4407 1342 4444 nos
1354 4391 1522 4446 naturaliter
1535 4389 1638 4446 liberos
1648 4405 1725 4456 esse,
1742 4387 1873 4444 determi-

229 4495 284 4551 quo
299 4479 461 4534 testamenti
474 4478 599 4548 legitima
609 4478 753 4548 impletur.
1066 4483 1116 4534 nat
1127 4479 1217 4550 ipsam
1231 4479 1391 4534 libertatem
1412 4498 1418 4533 :
1433 4496 1488 4550 quo
1503 4481 1637 4548 libertate,
1655 4486 1712 4536 etc.

264 4565 309 4624 lo.
319 4566 422 4622 Lnnrn.
440 4567 494 4634 Oui
505 4567 669 4636 conjunctus
683 4571 720 4620 ert
734 4569 768 4631 ei,
782 4566 810 4620 id
825 4571 876 4632 est,
893 4582 927 4620 en
942 4567 1027 4622 hono-
1103 4567 1182 4622 GAP.
1199 4567 1297 4624 v.-·l.
1314 4568 1414 4622 Lnnrn.
1430 4570 1519 4623 rl'olite
1530 4571 1633 4624 ilerum
1642 4573 1717 4640 jupe
1729 4567 1874 4626 servitutis

229 4669 261 4710 44
285 4656 345 4726 ejus
365 4660 417 4708 est.
437 4654 488 4709 Vel
504 4669 566 4725 quae
585 4655 663 4725 Agar
685 4655 834 4725 conjuncta
851 4659 903 4720 est,
919 4655 948 4709 id
971 4662 1023 4721 est,
1066 4659 1217 4713 contineri.
1236 4655 1308 4720 Quia
1321 4656 1541 4724 continebimini,
1559 4658 1582 4712 si
1606 4655 1872 4720 circumcidamini;

227 4743 315 4799 Vetus
341 4745 551 4799 Testamentum
578 4744 759 4814 conjungitur
780 4744 867 4810 Novo,
883 4749 911 4800 et
938 4745 1025 4799 servit
1066 4745 1170 4800 dictum
1186 4750 1230 4799 est
1243 4745 1328 4799 enim.
1346 4745 1417 4810 Quia
1431 4746 1521 4801 omnis
1535 4747 1584 4818 qui
1598 4746 1649 4802 sub
1665 4748 1732 4818 lege
1748 4752 1803 4809 est,
1819 4759 1876 4798 ser·

229 4832 334 4904 quiam
348 4833 400 4886 hac
410 4833 542 4904 praesenti
554 4829 610 4886 4444
629 4832 714 4887 servit
729 4832 915 4888 Ecclesiallel
927 4833 1021 4900 servit,
1034 4812 1055 4870 c
1066 4851 1129 4900 rus;
1146 4834 1194 4904 qui
1208 4840 1303 4888 autem
1316 4834 1563 4900 circumciduntur,
1575 4835 1627 4892 sub
1641 4837 1707 4908 lege
1722 4842 1801 4890 sunt.

229 4923 379 4993 coniuncta
393 4921 419 4976 ei
430 4937 490 4992 quae
505 4937 580 4976 nunc
600 4927 643 4976 est
656 4922 822 4985 Jerusalem,
842 4921 870 4975 id
887 4927 939 4984 est,
956 4923 1025 4993 legis
1099 4921 1127 4976 2.
1143 4925 1257 4977 Aucusr
1280 4926 1324 4990 lin
1336 4940 1385 4992 cap
1405 4925 1550 4993 reddat.)
1566 4925 1655 4980 Nolite
1666 4929 1790 4979 iterant.
1803 4923 1877 4987 Quo·

229 5011 353 5067 carnalia
364 5015 463 5066 tenens
478 5011 506 5067 in
530 5011 695 5065 Jerusalem.
721 5011 772 5065 Vel
794 5010 877 5064 modo
896 5016 939 5064 est
958 5027 1026 5065 con·
1066 5011 1149 5065 modo
1163 5012 1304 5082 accepturi
1318 5029 1416 5067 sumus
1430 5014 1504 5084 quod
1522 5013 1605 5080 dicit;
1621 5029 1656 5067 ne
1679 5013 1790 5068 iterum
1803 5013 1873 5081 jugo

225 5101 324 5172 juncta
339 5098 477 5166 Ecclesiae,
489 5103 518 5152 et
530 5099 608 5170 prius
622 5098 778 5154 serviitsub
792 5098 867 5169 lege.
1066 5099 1208 5153 servitutis
1223 5099 1410 5162 attineamini.
1423 5116 1485 5156 cum
1496 5101 1530 5155 ed
1540 5117 1586 5155 eos
1599 5100 1706 5155 scribat
1719 5100 1771 5171 qui
1782 5101 1797 5155 J
1800 5098 1876 5155 udaei

262 5188 402 5247 44344444
415 5205 478 5243 curn
493 5189 572 5257 litiis.
585 5189 695 5243 Servire
708 5187 777 5242 dicit
790 5195 931 5242 terrenam
947 5189 1026 5242 Jeru·
1065 5203 1210 5258 nunquam
1222 5189 1354 5243 fuerant?
1368 5190 1440 5253 Quid
1455 5190 1529 5244 aliud
1545 5189 1597 5244 hoc
1611 5190 1671 5243 loco
1688 5189 1770 5244 dicat
1783 5188 1877 5260 genti·

227 5277 324 5347 salem,
344 5277 388 5333 rel
403 5275 455 5335 rub
470 5277 576 5332 carnali
590 5277 661 5347 lege,
676 5293 738 5347 quae
751 5277 853 5332 timore
868 5275 967 5331 mortis
978 5293 1024 5331 co·
1066 5275 1117 5331 bus
1133 5293 1188 5330 non
1204 5276 1385 5343 invenio,nisi
1394 5283 1427 5332 ut
1440 5279 1529 5348 prosit
1540 5277 1605 5333 illis.
1617 5277 1693 5347 quod
1704 5293 1723 5331 a
1734 5277 1876 5333 seruitute

225 5367 309 5439 gebat
320 5367 363 5421 vel
372 5366 424 5422 sub
434 5367 503 5438 jugo
519 5365 637 5420 Romani
652 5365 773 5436 imperii.
845 5393 853 5406 ·
1064 5365 1272 5436 superstitionis
1286 5383 1353 5433 suaa,
1370 5383 1420 5438 per
1433 5367 1515 5422 tidem
1540 5366 1644 5422 Christi
1659 5365 1782 5421 liberati
1796 5370 1874 5427 sunt,

260 5455 305 5514 44.
330 5458 385 5511 lito
406 5461 511 5510 cirtem·
521 5472 580 5524 que
593 5470 706 5510 seersum
718 5459 755 5509 est
768 5455 921 5510 Jerrrsotenr
935 5455 1021 5508 litera
1062 5469 1098 5508 ne
1111 5454 1214 5510 iterum
1227 5453 1299 5509 servi
1313 5471 1373 5509 csse
1387 5454 1474 5510 velint
1488 5454 1540 5511 sub
1554 5454 1755 5512 observatione
1774 5469 1877 5510 carna-

225 5549 271 5612 est,
285 5545 313 5600 id
328 5552 381 5613 est,
396 5543 732 5615 SarasignatJerusulem
741 5544 892 5609 coelestem,
903 5557 965 5614 que
979 5547 1022 5599 est
1061 5541 1130 5597 lium
1146 5541 1382 5601 observationum.
