4046 6186
214 266 286 328 1507
722 262 884 319 adunent
903 260 1156 320 NOVIOMENSIS
1175 259 1340 319 artseoet
1785 256 1857 320 1508

217 399 244 450 et
257 410 316 466 prta
328 391 416 448 nimia
430 389 614 452 desolatione,
631 389 666 444 ad
689 388 909 444 internecionem
924 388 1130 459 usqueAquod
1141 386 1858 459 lamunanimiterpopulusexpetieratomniremo-

216 483 353 554 indigente
368 497 465 536 omnes
481 495 551 552 pene
566 478 857 533 devenerantliolens
872 476 1017 547 itaquerir
1058 482 1087 531 ta
1100 477 1277 532 excusatione
1294 476 1354 532 fieri
1369 465 1579 546 adjudicabant.

217 569 446 630 beatuscivitatis
466 569 542 623 illius
557 567 796 626 viromandensis,
814 583 897 637 quam
914 581 1014 634 regen·
1099 565 1137 622 19.
1153 566 1311 621 Recusabat
1335 566 1491 620 humillime
1514 565 1632 636 insignis
1664 565 1715 620 Dei
1742 563 1857 636 praesul,

217 659 460 731 damsuseeparat.
471 659 529 728 Jam
549 657 652 711 factam
667 656 880 714 desolationem,
897 654 1016 708 veritus·
1057 655 1129 726 quod
1147 656 1225 726 plebs
1242 662 1300 709 tarn
1315 655 1489 718 unanimiter
1511 654 1694 718 acclamabat,
1714 654 1859 707 obstinato

219 765 272 823 que
282 747 440 802 iterandam
458 747 490 810 {bt
506 760 679 818 paganorum
700 744 896 816 irruptionem,
911 743 1015 798 Novio·
1058 744 1099 798 eis
1113 745 1216 806 animo,
1231 747 1415 816 impotentem
1428 761 1458 800 se
1473 749 1502 798 et
1515 743 1661 814 indignum
1676 743 1857 809 sarcileranha

218 854 308 896 mum,
331 853 414 909 quem
444 835 622 889 munitiorem
644 833 919 905 praenominavimus,
949 847 1017 885 sano
1059 833 1451 904 magnanimiterresistebat.
1477 832 1632 888 Pontificali
1650 832 1777 896 demum,
1797 847 1861 885 ωο-

218 926 289 982 satis
308 925 425 981 consilio
453 924 547 978 sedern
575 922 721 978 constituit
748 921 945 993 episcopalem.
967 919 1018 974 Est
1058 922 1222 994 tropolituni
1246 923 1352 976 scilicet
1373 929 1402 976 et
1425 921 1701 992 comprovincialium
1729 935 1857 984 suorum,

219 1015 294 1070 enim
308 1014 385 1087 regio
400 1014 450 1068 illa
465 1011 565 1068 fertilis
591 1019 620 1066 et
633 1027 755 1076 amoena,
776 1010 863 1064 vineis
882 1016 910 1065 et
929 1009 1017 1063 hortis
1058 1012 1164 1068 evictus
1174 1011 1357 1078 auctoritate;
1374 1011 1504 1084 regisque
1520 1027 1553 1065 ac
1567 1027 1714 1082 procerum
1727 1025 1856 1067 assensu.

219 1105 376 1168 abundans,
402 1102 548 1174 multaque
573 1117 691 1156 annonae
721 1100 849 1163 cultura;
871 1099 1017 1152 bellicosos
1058 1101 1203 1174 plebisque
1231 1111 1344 1156 coactus
1375 1099 1534 1156 incessabili
1563 1099 1775 1162 acclamatione,
1814 1097 1859 1151 rix

218 1210 358 1266 generans
372 1193 510 1254 homines,
520 1197 548 1245 et
563 1191 591 1244 in
607 1188 800 1244 ecclesiasticis
809 1188 907 1242 officiis
917 1188 1019 1242 utrius-
1059 1190 1214 1257 concessit;
1229 1195 1258 1244 ot
1269 1189 1404 1246 unanimi.
1419 1189 1572 1261 pontificali
1584 1187 1711 1242 videlicet
1722 1204 1755 1242 ac
1769 1185 1858 1256 regali

221 1300 275 1356 que
289 1299 371 1338 sexus
386 1297 530 1352 personas,
548 1279 603 1334 ileo
622 1295 758 1348 gicaerose
784 1277 954 1331 set-vientes:
976 1280 1019 1330 est
1060 1279 1226 1334 auctoritate
1248 1279 1390 1335 duasillas
1397 1278 1549 1334 Ecclesiam
1561 1293 1646 1331 uuam
1658 1278 1734 1343 fecil;
1746 1283 1859 1330 utrum-

221 1379 250 1428 et
261 1369 675 1443 reginipsasilriscircumdata
697 1374 725 1422 et
743 1366 909 1438 paladibus;
926 1373 1020 1419 elsua
1060 1385 1114 1440 que
1129 1369 1200 1423 ovile
1224 1376 1320 1439 pastor
1346 1371 1486 1439 egregius,
1507 1367 1625 1422 ronsilio
1644 1373 1673 1421 et
1691 1364 1861 1421 auctoritate

220 1461 310 1534 ipsius
323 1459 574 1514 habilitateconlra
588 1457 702 1512 hostiles
717 1472 770 1510 non
787 1472 884 1526 parum
911 1454 1020 1508 munita
1060 1457 1335 1528 comprovincialium
1359 1457 1565 1528 episcoporum,
1590 1463 1718 1527 tempore
1733 1452 1770 1518 tit
1792 1454 1863 1506 ller-

222 1560 365 1605 exrursus.
378 1545 646 1619 lpsequoqueinttr
657 1545 784 1616 geminos
798 1544 901 1598 rirulos
915 1542 1019 1598 consti·
1062 1545 1159 1600 inisdte
1178 1563 1267 1618 papae,
1281 1545 1333 1600 sub
1357 1546 1535 1600 sanctissimo
1562 1545 1687 1614 Remigio
1707 1543 1863 1597 Remorum

220 1635 586 1696 tutusestNoriumus,ali
609 1633 717 1687 oriente
744 1631 876 1694 Gallicis,
894 1630 1017 1684 aberci-
1059 1634 1294 1706 archiepiscopo,
1332 1651 1449 1689 assensu
1478 1634 1553 1704 regis
1587 1640 1616 1687 rt
1634 1632 1802 1692 curialium.
1830 1647 1864 1686 ac

222 1727 306 1782 dente
317 1727 474 1795 Margareta
489 1723 703 1777 circumfluitur.
718 1738 787 1792 quos
799 1721 896 1774 ambus
918 1719 1018 1774 tertius
1029 1741 1051 1802 B
1063 1725 1210 1795 utriusque
1225 1723 1314 1796 plebis
1328 1724 1530 1778 acclamatione
1552 1722 1665 1776 laudern
1679 1721 1813 1791 suscepit,
1823 1726 1861 1786 et,

222 1815 336 1888 quidam
351 1811 533 1886 suscipit,qtti
543 1813 629 1866 Versa
642 1809 812 1874 notuinalur;
825 1809 902 1863 etsie
916 1807 1021 1879 paritet·
1062 1821 1094 1868 ut
1115 1813 1228 1884 utrique
1251 1812 1373 1868 ecelesiae
1384 1812 1553 1866 cathedralis
1569 1827 1680 1882 semper
1700 1811 1792 1864 honor
1802 1827 1863 1862 tna-

222 1903 396 1959 confluentes
411 1918 466 1957 non
482 1902 564 1972 lunge
580 1917 595 1954 e
611 1899 750 1953 moenibus
765 1898 820 1953 illis
848 1898 876 1952 in
902 1899 1018 1960 Isaram·
1062 1901 1437 1972 neretbenignecoucessit.
1449 1903 1523 1966 Quot
1538 1909 1566 1955 et
1582 1908 1688 1972 quanta
1702 1901 1731 1954 iu
1747 1899 1864 1970 regione

223 1993 428 2066 quimagniest
449 1990 581 2054 numinis,
605 1988 777 2042 dilabuntur.
797 1987 1022 2059 t'ircumquaque
1063 1993 1111 2047 illa
1124 1991 1285 2063 opprobria,
1297 1999 1366 2063 quot
1392 1999 1421 2045 et
1442 1997 1547 2062 quanta
1575 2005 1723 2062 perpessus
1738 1989 1777 2042 sit
1791 1987 1865 2058 inju.

221 2081 260 2137 ibi
276 2083 365 2135 virent
382 2079 517 2151 pomaria,
531 2085 613 2150 grata
630 2077 667 2131 ibi
685 2076 813 2146 planities
828 2083 880 2138 est,
895 2084 1021 2130 etamoe-
1063 2081 1137 2148 1·ias;
1159 2083 1270 2152 quoties
1295 2079 1560 2134 comminationibus
1593 2079 1745 2150 injuriatus
1777 2075 1866 2130 tuerit

223 2169 342 2226 nissima
354 2169 442 2241 pratis
452 2177 480 2222 et
490 2168 601 2238 pascuis
614 2164 778 2227 virentibus,
794 2165 852 2219 suis
867 2181 921 2220 non
936 2165 1023 2220 modi·
1062 2169 1411 2240 Tornaeansiumquoties
1427 2187 1476 2242 pro
1490 2167 1648 2223 incessabili
1665 2167 1866 2239 praedicatione

223 2275 285 2314 cum
302 2258 405 2313 arridet
418 2253 632 2310 habitatoribus.
651 2255 698 2308 Est
713 2255 797 2307 etiam
817 2255 893 2308 lucus
910 2255 968 2325 ipse
987 2254 1022 2309 ab
1064 2259 1241 2330 adjudicatus
1254 2258 1339 2312 luerit
1362 2259 1396 2313 ad
1428 2257 1605 2330 supplicium.
1622 2257 1688 2312 licet
1703 2256 1864 2318 noslattat,

223 2349 331 2403 oriente
347 2353 375 2402 et
388 2346 531 2400 occidente
541 2345 610 2398 adeo
621 2343 736 2414 rupibus
748 2343 867 2396 vallatus
876 2351 903 2397 et
914 2343 1021 2410 ritulis,
1064 2351 1122 2405 Deo
1132 2357 1225 2402 tamen
1235 2347 1286 2402 soli
1299 2344 1864 2414 ntattifestumessemulliestambiguum.

222 2435 531 2508 montibusquoqueet
548 2432 819 2490 ralliumcuniculis,
836 2433 907 2503 quud
924 2442 1023 2487 contra
1064 2439 1131 2493 Erat
1153 2438 1227 2491 enim
1253 2453 1323 2508 gens
1346 2435 1404 2506 ipsa
1427 2435 1485 2490 feta
1513 2440 1542 2489 et
1567 2434 1757 2492 indomabilis.
1786 2433 1866 2486 durae

223 2524 504 2600 plurimamltostium
521 2522 708 2578 incursionem
724 2522 844 2594 apaucis
856 2522 1022 2576 commodis-
1063 2527 1177 2581 cervicis
1191 2527 1310 2598 populus
1324 2533 1353 2578 et
1376 2524 1570 2595 implacabilis,
1600 2523 1690 2594 pratis
1709 2523 1866 2578 ednmdum

223 2616 294 2672 sitne
305 2614 392 2688 possit
402 2613 522 2668 defendi.
1064 2616 1192 2671 subditus
1202 2613 1500 2686 obsequiisidolorum,
1517 2619 1620 2668 etcum
1637 2613 1725 2667 uiulta
1739 2609 1867 2664 obstina-

258 2699 341 2760 'l-lbi
372 2721 449 2776 ergo,
479 2719 514 2757 ne
533 2701 652 2756 ulterius
674 2701 825 2772 direptioni
845 2700 1024 2773 subjacerent
1064 2691 1866 2771 tionesuorumdefendensrultuiamdeorumilisipse

222 2796 360 2868 gentium,
370 2793 777 2865 episcopalisedeconfirmata.
793 2801 907 2846 sanctus
922 2791 1023 2861 praesul
1064 2809 1094 2846 se
1108 2793 1227 2847 viriliter
1245 2793 1374 2864 injiciens
1391 2798 1505 2847 sanctus
1518 2807 1675 2862 episcopus.
1685 2790 1865 2859 evangelicas

223 2885 492 2950 Dominisuaeoves,
501 2881 703 2952 pastoralitatis
718 2880 1021 2952 multaprtcdicationis
1064 2891 1092 2935 et
1105 2881 1272 2953 apostolicas
1297 2880 1488 2934 institutiones
1517 2879 1706 2952 imperterrite
1729 2878 1866 2948 praedica·

223 2970 361 3031 instantia
376 2971 559 3027 confortabat.
578 2970 747 3024 Praedicabat
774 2970 913 3024 instanter
933 2970 1035 3040 pieni-t
1063 2971 1118 3035 bal,
1135 2970 1325 3024 fiilsiseorum
1355 2969 1560 3039 objectionibus
1579 2966 1801 3039 magnanimiter
1820 2983 1866 3020 re-

223 3063 350 3119 tentibus
359 3061 525 3134 promissam
541 3059 734 3114 remissionem
745 3065 932 3130 pcccatorum,
951 3075 1023 3130 prae-
1064 3059 1230 3132 spondebat,
1246 3067 1274 3114 et
1288 3058 1471 3130 inuiginarias
1498 3074 1594 3125 eurum
1626 3057 1773 3128 opiniones
1792 3055 1869 3110 reri-

223 3149 602 3222 dicubatomnibusregnum
617 3147 1023 3221 Deiapiropinquarecitoque
1066 3149 1127 3204 dica
1151 3148 1352 3219 prophetarum
1382 3146 1617 3220 pi·aenun¹iationo
1641 3145 1760 3199 viriliter
1778 3161 1869 3215 expu-

221 3241 359 3314 judicium
370 3241 419 3296 Dei
430 3241 558 3294 futurum
582 3239 632 3293 llis
644 3243 673 3292 et
687 3238 749 3292 aliis
760 3237 934 3292 multimodis
950 3253 1022 3308 prae·
1064 3236 1179 3307 guabat.
1205 3238 1309 3292 Aderat
1323 3237 1461 3309 siquidem
1476 3237 1502 3291 ei
1522 3237 1615 3291 «lirina
1630 3252 1744 3307 semper
1761 3236 1867 3307 gralia,

224 3330 463 3395 dicationibus,et
482 3328 716 3394 caruslleoerat,
734 3327 807 3381 etin
826 3327 1022 3398 pupuloama·
1064 3340 1126 3396 quae
1153 3324 1231 3379 illum
1256 3334 1285 3379 et
1312 3326 1347 3379 ab
1372 3325 1528 3380 infidelium
1558 3323 1723 3396 protegebat
1738 3325 1865 3384 incursu,

224 3418 289 3477 bilis
300 3419 451 3474 admodum
468 3417 632 3472 habebatur.
833 3446 840 3454 -
1064 3420 1205 3469 eteorum
1231 3431 1342 3487 quoque
1364 3413 1517 3468 infidelium
1542 3413 1575 3467 ad
1591 3413 1768 3468 dulcisonam
1784 3412 1868 3484 spiri·

264 3507 303 3566 18.
322 3509 391 3563 Cum
409 3523 475 3578 ergo
495 3506 740 3577 ecclesiamquam
755 3503 1024 3560 Noviomiconstru·
1063 3503 1519 3558 tualisdoctiinaeiustitutionem
1549 3503 1710 3557 emolliebat
1738 3503 1866 3556 auditus.

226 3595 472 3654 xeratfelicissime
481 3595 663 3664 guberrmrct,
675 3604 703 3649 et
712 3612 777 3648 suos
789 3611 925 3666 quosque.
943 3597 1023 3660 prout
1065 3593 1282 3660 Sirquefactutn
1305 3600 1349 3646 est
1373 3603 1403 3646 ut
1432 3609 1517 3664 parvo
1541 3593 1569 3646 in
1591 3599 1718 3664 tempore
1733 3591 1869 3646 innume-

226 3685 358 3744 dixinms,
375 3684 409 3737 ad
421 3691 553 3737 aeternam
569 3683 823 3736 remunerationem
839 3683 1022 3748 confortaret,
1065 3681 1161 3736 rabilis
1173 3699 1270 3736 eorum
1288 3681 1440 3736 multitudo
1455 3682 1489 3736 ad
1512 3681 1595 3736 fidem
1619 3681 1786 3735 catlmltram
1803 3698 1870 3736 con·

228 3771 262 3841 (a
281 3773 309 3828 S.
320 3770 705 3828 Eleutherium'l'ornacensis
716 3769 1024 3840 Ecclesiaupontilicem,
1066 3776 1240 3833 verteretur;
1271 3777 1300 3826 et
1323 3770 1381 3824 Deo
1406 3769 1686 3841 preordinanteper
1714 3770 1870 3824 inaestima-

227 3858 1024 3934 quctnipse,utpraelibaiimusininfantiasuafuturum
1065 3859 1150 3915 bilem
1183 3859 1273 3914 sancti
1297 3859 1383 3929 hujus
1410 3858 1550 3931 pontilicis
1578 3859 1756 3926 instantiam,
1775 3875 1870 3914 sacro·

227 3967 288 4006 esse
303 3948 468 4021 praedixerat
484 3947 654 4018 episcopum.
673 3947 812 4002 huminem
831 3948 948 4018 contigit
962 3963 1026 4002 exu·
1066 3949 1155 4004 sancti
1171 3947 1349 4021 baptismatis
1359 3948 1435 4003 unda
1457 3948 1580 4002 maxima
1605 3963 1637 4002 ex
1652 3955 1733 4019 parte
1744 3948 1871 4002 sanctifi·

226 4055 291 4101 ere;
308 4054 339 4091 ac
356 4043 419 4108 post
439 4035 547 4090 felicem
574 4035 709 4107 pontificii
735 4035 778 4090 sui
803 4035 1026 4090 administratio·
1066 4043 1188 4092 caretur.

226 4145 302 4184 nem.
314 4128 349 4182 de
361 4125 482 4180 terrenis
493 4125 529 4180 ad
551 4125 674 4180 celestia
689 4125 878 4180 coronandum
893 4124 1027 4180 transmi-
1102 4125 1145 4184 ill¹
1157 4125 1364 4198 comprobetur
1377 4125 1405 4180 in
1426 4125 1480 4180 hoc
1498 4131 1595 4180 sancto
1616 4132 1729 4197 pastore
1745 4125 1872 4181 veridica

225 4234 319 4290 grare.
352 4215 418 4272 Post
442 4215 524 4286 cujus
546 4213 679 4284 lugubres
705 4215 862 4286 exsequias,
895 4230 959 4269 curn
991 4215 1026 4269 de
1067 4214 1873 4287 summiPastorisseutentia.quamsanotaeterangeliea

231 4303 372 4380 pontificis
400 4303 538 4358 electione
565 4303 682 4358 invicem
712 4303 892 4356 dissererent.
914 4287 1119 4374 peractoDnas
1130 4305 1227 4359 edocet
1240 4304 1521 4374 historiaerigna.
1538 4303 1640 4374 iuquit,
1656 4321 1704 4358 eos
1718 4303 1807 4375 quiin
1825 4321 1872 4359 me

226 4395 359 4451 triduano
370 4390 489 4463 jejunio,
511 4399 537 4447 et
553 4392 724 4446 solemnibus
742 4392 896 4447 hostiarum
908 4390 1026 4446 victimis
1067 4395 1192 4454 credent.
1208 4395 1267 4448 haee
1277 4399 1448 4463 sequentur:
1465 4394 1493 4448 in
1509 4393 1624 4448 nornine
1650 4409 1713 4446 meo
1728 4393 1872 4448 daemonia

225 4485 284 4540 Deo
299 4480 398 4537 devote
411 4479 520 4542 oblatis.
549 4481 642 4536 subita
671 4481 760 4536 sancti
780 4481 902 4552 Spiritus
917 4481 1026 4536 inflam·
1068 4483 1190 4554 ejicient,
1204 4483 1306 4554 linguis
1321 4482 1473 4553 loquentur
1493 4481 1581 4544 novis,
1597 4489 1742 4552 serpentes
1755 4481 1870 4546 tollent,

227 4572 297 4628 mati
313 4569 506 4642 inspiratione,
523 4570 696 4624 unanimiter
720 4578 847 4624 sanctum
872 4570 946 4624 hunc
973 4572 1027 4625 lle·
1068 4573 1132 4628 etsi
1160 4572 1335 4627 mortiterum
1351 4570 1417 4642 quid
1446 4569 1578 4636 biberint,
1602 4585 1657 4624 nou
1677 4569 1719 4624 eis
1737 4571 1871 4638 nocebit,

228 4661 346 4716 dardum
363 4659 519 4730 elegerunt,
536 4659 597 4730 ejus
614 4676 644 4714 se
669 4658 842 4715 orationibus
855 4660 1026 4716 confidentes
1069 4678 1154 4732 super
1172 4678 1262 4734 agros
1291 4676 1390 4714 manus
1407 4658 1564 4729 imponent,
1585 4665 1613 4712 et
1636 4657 1706 4714 bene
1725 4659 1875 4714 habebunt

228 4758 326 4806 contra
354 4747 476 4818 impetus
504 4749 670 4804 muniendos
687 4766 748 4804 esso
769 4749 956 4818 malignorum
971 4749 1025 4821 spi·
1071 4751 1240 4820 (auraici).
1266 4747 1741 4818 2Daenmniaquidrmsauotusltei
1760 4747 1876 4802 athleta

228 4839 347 4895 rituum.
360 4835 391 4890 ld
403 4836 495 4890 clerus
521 4837 548 4891 id
565 4838 906 4908 populusacclaniabant;
927 4839 954 4892 in
974 4837 1027 4893 lioc
1072 4839 1162 4910 ejecit,
1179 4855 1242 4892 cum
1257 4837 1400 4893 Cruntoris
1414 4837 1566 4907 imaginem
1594 4836 1630 4889 ab
1652 4836 1789 4890 idolorum
1805 4837 1877 4892 cul·

229 4945 277 4986 rex
296 4926 356 4998 lpse
379 4937 563 4995 proceresque
579 4927 1026 4999 palatiipraecipuecomprovim
1067 4935 1142 4993 tura,
1163 4927 1356 4984 remissionem
1386 4933 1561 4998 pecatorum
1590 4925 1775 4995 predicando,
1796 4927 1877 4981 relo-

228 5018 313 5074 ciales
328 5013 460 5086 episcopi,
477 5015 698 5070 consentiebant.
720 5017 858 5086 legerant
876 5017 1025 5088 siquidem,
1068 5018 1153 5074 cauit.
1172 5017 1277 5088 Lingua
1291 5032 1354 5072 eum
1368 5031 1440 5070 nora
1455 5015 1576 5070 locutum
1601 5031 1663 5068 esse
1688 5029 1743 5068 non
1767 5013 1879 5070 diffidi-

227 5123 323 5164 rooem
350 5101 457 5178 populi,
481 5119 575 5159 rocem
601 5103 692 5176 ipsam
707 5120 767 5160 esse
790 5105 981 5174 flammicam
1001 5113 1030 5160 et
1070 5125 1144 5176 mus,
1158 5125 1222 5164 cum
1247 5108 1283 5162 ad
1306 5107 1369 5178 ejus
1388 5105 1730 5178 praedicationemquam
1749 5111 1877 5162 eatenus

235 5430 241 5443 ·
265 5359 559 5443 (blaoximepropter
574 5356 727 5442 domestica
741 5356 825 5424 bella,
842 5356 943 5432 quibus
956 5372 1030 5432 sape
1105 5357 1141 5422 til
1158 5357 1207 5414 aa
1220 5354 1322 5431 σφάλμα
1335 5357 1468 5420 auctoris,
1492 5355 1535 5411 rel
1558 5354 1777 5428 interpolatoris.
1794 5354 1878 5414 Nam

233 5431 466 5487 immiscebantur
480 5445 590 5511 pagam.
1071 5433 1090 5488 S
1115 5431 1281 5486 lloiauisdas
1309 5437 1436 5484 mortuus
1455 5435 1497 5486 est
1517 5443 1591 5483 annu
1616 5425 1712 5486 bitti
1732 5429 1873 5498 Augusti,

234 5501 557 5632 milbffllgpggeirffl
566 5501 937 5630 Aqqahqtffkpgssemqqefimeime
954 5515 1029 5560 anno
1069 5504 1249 5631 qiidqwqclitur.
1265 5501 1346 5568 Quod
1368 5500 1444 5556 idem
1464 5501 1500 5556 de
1515 5501 1543 5556 S.
1569 5500 1697 5571 Remigio
1714 5498 1876 5556 dicendum
