3856 6176
89 225 126 285 nt
471 223 578 280 LIBER
596 223 643 280 DE
661 223 829 282 CORPORE
847 225 892 282 m*
911 223 1097 284 SANGUINE
1115 222 1255 280 DOMINI.
1627 216 1680 276 tat

89 352 144 406 enim
160 350 200 422 qui
224 348 395 404 cunstianos
407 365 438 403 so
456 354 486 405 et
506 366 567 405 esse
581 353 609 404 et
630 349 684 405 dici
699 350 841 419 laetantur,
851 353 950 424 Apere
964 350 1130 406 moliuntur.
1151 348 1252 424 Itaque
1269 346 1361 402 dicitis
1382 363 1389 398 ε
1412 368 1424 396 ι
1440 345 1625 402 predicatum
1640 350 1683 401 est

88 457 158 494 reram
171 437 265 493 Christi
287 453 401 492 carnem
419 455 572 512 verumque
587 439 647 510 ejus
667 440 843 509 sanguinem,
886 437 1247 512 Evangeliuminomnibus
1261 437 1402 508 gentibus,
1413 435 1532 490 credidit
1547 434 1681 502 mundus,

1 581 2 596 ,
87 535 179 598 utraque
194 531 300 597 sumpta
319 527 354 580 de
368 524 490 598 Virgine,
507 528 537 582 in
551 527 605 582 hoc
618 533 793 583 sacramento
815 545 845 583 se
885 529 960 584 sacta
972 532 1015 584 est
1028 527 1161 592 Ecclesia,
1173 527 1270 592 crevit,
1281 525 1465 590 fructificavit,
1480 524 1529 578 sed
1540 524 1684 596 imperitis

85 614 367 688 perciperegloriautur.
375 614 522 687 Interroga
531 616 675 672 universos
684 617 732 688 qui
740 617 845 672 Latium
886 613 1683 689 maleintelligentiumaet',lposteaerravit,etperiit;in

85 705 163 774 lingue
178 707 364 758 nostrarumve
381 703 543 760 litterarum
562 705 691 761 notitiam
711 721 844 777 percepe·
885 705 1037 761 nobissolis
1045 707 1110 760 etin
1118 706 1161 760 his
1171 704 1219 777 qui
1227 721 1278 759 nos
1285 709 1441 776 sequuntur
1451 707 1548 758 sancta
1559 703 1589 758 in
1598 703 1681 758 terris

1 799 2 806 ’
86 797 142 846 mut.
162 791 297 862 Interroga
324 792 443 858 Grecos,
459 799 603 860 Armenoc,
620 810 669 850 seu
695 792 846 866 cuiuslibet
885 795 1005 849 Ecclesia
1016 792 1411 864 remansitllancsacrilegam
1420 791 1574 847 vanitatem
1583 792 1684 847 evertit

84 880 179 934 undonis
190 895 365 952 quoscunque
380 881 554 938 Christianos
566 883 709 951 hominem
723 899 779 938 uno
795 899 844 938 ore
885 885 1045 953 evangelico
1057 884 1166 947 veritas,
1179 881 1414 954 etprophetarum
1424 886 1509 954 atque
1520 885 1681 936 sanctorum

84 968 404 1024 mucfidemsetestantur
417 969 628 1027 habere.Porro
642 972 666 1026 si
680 971 844 1026 universalis
884 971 1001 1026 Patrum
1033 989 1090 1026 nou
1110 971 1240 1026 violanda
1267 970 1429 1025 auctoritas.
1449 970 1529 1024 Unde
1552 969 1680 1024 Ecclesiae

83 1056 182 1111 Ecclesia
193 1056 257 1110 tides
269 1057 341 1112 falsa
353 1059 455 1126 existit,
470 1065 671 1132 autnunquam
684 1059 737 1114 fuit
750 1059 844 1114 catho·
885 1075 941 1115 suae
956 1065 1059 1116 sanctae
1079 1061 1109 1114 in
1130 1060 1279 1130 Evangelio
1305 1074 1355 1113 suo
1379 1058 1514 1113 Dominus
1534 1059 1681 1129 pollicetur

84 1143 245 1208 licaEcclesia,
259 1153 310 1202 aut
319 1147 413 1219 periit.
426 1148 504 1204 Nihil
516 1165 639 1221 namque
653 1149 793 1204 efficacius
807 1148 843 1203 ad
883 1150 978 1205 dicens
1004 1171 1012 1205 :
1035 1151 1097 1205 Ecce
1122 1166 1168 1217 epo
1189 1151 1327 1204 nobiscnm
1350 1165 1413 1204 sum
1437 1149 1564 1202 ornnituc
1587 1148 1680 1201 dietus

83 1233 198 1289 interitum
211 1235 368 1292 animarum
388 1253 473 1308 quam
496 1238 669 1309 perniciosus
683 1253 771 1293 error.
788 1237 842 1291 Sed
884 1255 969 1307 usquc
996 1241 1032 1292 ad
1057 1242 1321 1293 consummationem
1343 1239 1437 1292 seculi
1454 1237 1567 1308 (traam.
1587 1249 1681 1300 xxvur,

1 1367 2 1384 ,
81 1337 123 1377 nou
132 1323 213 1390 misse,
227 1331 277 1380 aut
288 1326 406 1397 periisse
420 1326 581 1392 Ecclesiam,
598 1327 750 1382 catholicus
759 1341 842 1380 nemo
884 1324 940 1388 20).
965 1327 1079 1393 »Quod
1101 1326 1217 1382 minime
1239 1327 1354 1392 diceret,
1377 1327 1401 1382 si
1429 1324 1581 1381 Ecclesiam
1600 1333 1682 1378 suam

80 1413 229 1469 consenserit.
250 1414 383 1487 Alioquin
398 1431 455 1470 non
469 1421 512 1470 est
525 1432 620 1470 verum
636 1416 711 1488 quod
723 1414 843 1470 Abrahae
884 1423 949 1472 ante
964 1416 1236 1472 consummationem
1250 1415 1344 1471 saeculi
1359 1415 1515 1488 perituram
1535 1431 1597 1469 esse
1609 1429 1681 1485 prae-

80 1499 165 1554 l'erites
176 1503 302 1573 promisit
313 1503 470 1559 diceus21n
480 1507 582 1560 semine
595 1511 641 1559 tuo
651 1506 843 1579 benedicentur
884 1511 1020 1562 nosceret.
1045 1505 1081 1560 Et
1105 1505 1194 1560 alibi:
1221 1507 1296 1560 Tunc
1328 1507 1354 1558 si
1372 1508 1434 1574 quis
1456 1505 1529 1558 vobis
1551 1504 1680 1557 dicerit:

1 1605 2 1626 ¹
81 1601 151 1642 anan
164 1595 246 1656 pentes
260 1592 337 1662 (Gerr.
353 1608 419 1661 xxti,
437 1590 491 1662 18).
507 1595 578 1649 ltem
595 1594 625 1648 in
640 1594 772 1648 Psalmo:
794 1581 948 1650 ro-Bncce
973 1595 1018 1649 tic
1043 1595 1178 1662 Christus,
1205 1599 1256 1649 ant
1281 1610 1335 1648 cccc
1363 1596 1432 1660 illic,
1462 1594 1547 1647 nolite
1573 1593 1682 1646 credere

80 1680 844 1752 stunameetdabotibipcnteclccreditctemtuametpos·
887 1685 993 1750 (Metili.
1017 1699 1089 1751 xxiv,
1118 1681 1176 1753 2³).
1205 1683 1389 1753 Augustinus,
1411 1681 1442 1736 in
1464 1681 1587 1735 secunda
1609 1679 1682 1751 psal·

80 1767 194 1821 stramen
208 1774 285 1823 taam
302 1775 435 1826 terminos
449 1778 529 1826 terra
544 1773 628 1840 (Prot.
647 1785 677 1838 n,
692 1769 731 1840 8).
751 1773 842 1827 ltem:
886 1789 997 1827 morum
1020 1772 1199 1844 expositionis
1221 1777 1302 1842 parte
1325 1773 1428 1839 (enarr.
1450 1773 1482 1824 in
1502 1774 1575 1840 prul.
1601 1773 1680 1840 arri:

78 1853 846 1926 immiscentur,etconvertenturadDominamanioersi
888 1879 903 1914 c
917 1859 1023 1933 Corpus
1035 1866 1079 1916 est
1092 1865 1187 1915 autem
1201 1861 1332 1927 Ecclesia,
1347 1875 1404 1913 non
1415 1859 1481 1930 ista,
1500 1864 1549 1913 aut
1562 1859 1621 1926 illa,
1632 1860 1681 1914 sed

79 1944 128 2007 ian
140 1950 209 2001 terra
221 1949 306 2019 (Prot.
329 1963 386 2016 xxr,
406 1948 463 2019 28).
481 1950 516 2004 Et
531 1949 619 2006 alibi:
637 1949 706 2017 Quos
730 1951 844 2004 redemit
885 1955 944 2005 toto
960 1949 1027 2004 orbe
1046 1950 1156 2005 dillusa.
1174 1969 1186 2002 i
1205 1949 1276 2004 Item
1291 1949 1320 2004 iu
1336 1947 1657 2017 eadem(inpsol.r.x1v)
1673 1966 1679 2002 :

77 2029 369 2103 &manuteneatur
391 2041 736 2107 repionibusconprepovit
755 2053 844 2105 coac
887 2038 986 2108 «Spes
1007 2037 1134 2092 omnium
1153 2037 1276 2092 filiorum
1301 2041 1394 2091 terrae.
1417 2037 1480 2092 Non
1506 2053 1570 2108 spes
1598 2035 1682 2090 unius

78 2121 124 2174 sctis
134 2128 188 2176 ortu
199 2131 223 2180 et
236 2141 343 2194 occasu,
359 2129 394 2181 ab
408 2129 538 2196 aquilone
551 2133 575 2182 et
594 2130 673 2182 mari
688 2129 772 2196 (Prot.
788 2141 840 2194 cvr,
884 2128 991 2198 anguli,
1011 2144 1067 2182 non
1092 2144 1155 2199 spes
1178 2127 1262 2182 unius
1289 2127 1394 2194 Judeae,
1419 2142 1475 2181 non
1503 2143 1566 2198 spes
1595 2125 1682 2180 solius

76 2206 94 2274 1,
106 2208 135 2278 3).
148 2211 212 2270 Item
222 2211 323 2268 beatus
335 2215 511 2285 Augustinus
523 2217 553 2270 in
562 2216 654 2288 prima
663 2215 843 2288 expositionis
883 2217 991 2284 Africae,
1007 2233 1064 2271 non
1078 2234 1142 2288 spes
1160 2215 1321 2282 Pannoniae,
1337 2232 1394 2270 non
1408 2231 1472 2288 spes
1495 2213 1618 2270 Orientis
1633 2221 1682 2270 aut

75 2299 215 2368 psalmorum
224 2307 307 2374 parte
318 2305 359 2372 (in
370 2308 442 2373 psat.
453 2321 506 2365 xxr.
518 2307 606 2360 Tract.
622 2304 650 2374 E)
668 2324 674 2359 :
693 2304 843 2360 «Ecclesia
883 2306 1052 2373 Occidentis,
1069 2306 1118 2361 sed
1139 2323 1203 2376 spes
1222 2305 1349 2360 omnium
1372 2305 1471 2360 linium
1494 2309 1586 2371 terrae,
1610 2308 1639 2358 et
1653 2303 1682 2357 iu

74 2401 154 2456 magua
163 2389 226 2460 quid
236 2397 291 2456 est,
302 2392 564 2465 fratreslNunquid
575 2393 679 2464 exigua
693 2409 758 2465 pars
768 2395 843 2450 orbis
884 2395 956 2450 mari
970 2395 1062 2464 longe.
1082 2415 1092 2445 ι
1109 2394 1144 2448 In
1156 2393 1255 2448 eadem
1269 2393 1387 2464 (inpsat.
1400 2395 1471 2462 anxi)
1492 2409 1497 2444 :
1513 2411 1524 2442 ι
1542 2393 1607 2446 llaec
1620 2407 1682 2462 pro-

1 2551 2 2560 ἵ
74 2478 187 2531 lemarum
199 2478 322 2534 Ecclesia
335 2496 438 2551 magna
451 2481 843 2554 esttEccleslamagnatotus
883 2483 980 2554 phetia
1002 2489 1117 2555 propter
1131 2498 1178 2537 eos
1194 2484 1337 2554 praemissa
1356 2488 1407 2549 est,
1423 2482 1471 2554 qui
1491 2486 1593 2552 putant
1614 2479 1682 2534 reli·

73 2561 130 2618 ortis
148 2573 195 2621 est.
215 2586 228 2620 r
245 2568 318 2624 ltem
340 2570 370 2624 in
395 2570 493 2625 eadem
510 2573 608 2640 (Enar.
633 2575 704 2640 psal.
726 2581 815 2636 xxxlxt
834 2589 840 2624 :
882 2573 995 2642 gionem
1007 2571 1129 2627 nominis
1143 2571 1297 2627 Christiani
1306 2570 1441 2642 usquead
1453 2576 1562 2625 certum
1570 2575 1682 2640 tempus

74 2653 842 2730 cinnuntimijmtitiarntnaminEcctesicmapna.Quam
883 2661 913 2716 in
935 2658 994 2716 hoc'
1007 2662 1107 2716 saeculo
1130 2660 1277 2725 victuram,
1299 2664 1329 2713 et
1349 2665 1448 2731 postea
1465 2675 1523 2715 non
1545 2657 1679 2712 suturam.

71 2743 169 2812 magnai
179 2745 246 2800 Toto
261 2745 331 2801 orbe
344 2751 492 2805 terrarum.
504 2748 594 2813 Quam
609 2751 732 2820 magnai
744 2751 774 2805 in
786 2767 845 2805 om·
883 2745 1063 2800 Permanebit
1077 2749 1172 2800 autem
1187 2761 1251 2799 cum
1264 2743 1332 2808 sole,
1348 2743 1474 2815 quandiu
1483 2744 1525 2798 sol
1539 2743 1639 2807 oritur,
1654 2747 1683 2796 et

1 2851 2 2878 l
72 2827 134 2884 nibus
145 2834 280 2902 gentibus.
298 2836 390 2900 Quare
406 2837 436 2892 in
460 2838 590 2893 omnibus
607 2839 756 2910 gentibus?
772 2839 844 2904 Quia
883 2823 994 2888 occidit.
1009 2834 1068 2888 Hoc
1090 2839 1142 2898 est,
1158 2833 1282 2904 quandiu
1306 2838 1435 2904 tempora
1454 2832 1509 2886 isto
1521 2831 1679 2897 volvuntur,

1 2945 2 2958 π
71 2919 191 2976 inomnem
200 2928 398 2980 terramcaiait
408 2944 492 2982 sonus
502 2929 752 2996 eornm.nltem,in
759 2928 844 2985 tertia
883 2939 940 2978 non
950 2922 1039 2977 deerit
1046 2921 1177 2988 Ecclesia,
1193 2921 1222 2976 id
1235 2927 1278 2976 est
1290 2920 1396 2975 Christi
1410 2937 1511 2991 corpus
1520 2919 1549 2974 in
1564 2919 1657 2974 terris.
1669 2942 1680 2969 ι

1 3039 2 3076 i
70 3008 171 3074 ciusdem
181 3014 272 3083 operis
288 3019 367 3084 parte
384 3033 390 3069 :
414 3033 427 3068 n
443 3017 551 3088 Corpus
567 3017 671 3072 christi
685 3023 795 3073 constat
809 2999 871 3073 exli
882 3011 953 3066 ltem
967 3012 996 3066 in
1007 3011 1104 3066 eadem
1117 3013 1157 3080 (in
1176 3013 1247 3066 Prot.
1258 3017 1323 3080 xant
1339 3030 1346 3064 :
1361 3027 1374 3062 c
1388 3011 1507 3065 Domum
1523 3014 1600 3062 tuam
1610 3010 1682 3062 dccet

1 3119 2 3132 π
70 3095 144 3150 uultis
154 3099 329 3156 credentibus
344 3104 374 3158 in
386 3109 446 3158 toto
460 3103 528 3159 orbe
539 3110 715 3161 terrarum.»
732 3106 843 3162 ltemin
882 3101 1047 3166 sanctitudo,
1064 3102 1179 3154 Domine
1194 3103 1275 3169 (Prot.
1300 3115 1364 3166 xun,
1392 3099 1437 3168 51;
1461 3099 1575 3152 domum
1591 3103 1679 3163 tuam,

69 3185 163 3240 aden:
187 3190 442 3246 «Tabemaculum
462 3193 576 3249 Domini
597 3198 641 3249 est
664 3196 719 3251 ista
745 3201 844 3251 saneta
882 3195 973 3244 totam
982 3190 1098 3244 domum
1114 3195 1201 3244 tuam.
1221 3190 1285 3245 Non
1299 3189 1355 3256 hic,
1371 3187 1484 3255 authic,
1501 3192 1551 3242 aut
1563 3186 1681 3250 ibi3sed

69 3270 166 3330 Erlasia
177 3278 206 3332 in
219 3283 282 3334 toto
303 3280 371 3335 orbe
384 3287 525 3340 terrarum
539 3283 649 3339 diffusa.
666 3305 681 3338 n
703 3285 738 3340 Et
751 3284 817 3340 alibi
834 3302 840 3338 :
884 3279 998 3334 domum
1013 3283 1093 3334 tuam
1112 3283 1201 3332 totam
1228 3295 1279 3351 per
1295 3283 1387 3333 totum
1407 3275 1504 3332 orbem
1528 3281 1679 3335 terrarum.

69 3361 184 3420 «Chorus
204 3366 312 3422 Christi
332 3369 392 3438 jam
417 3376 494 3426 totus
513 3373 635 3428 mundus
656 3379 708 3428 est.
735 3373 843 3430 Chorus
884 3368 977 3433 Quare
1000 3385 1051 3439 per
1072 3373 1163 3423 totum
1178 3368 1275 3423 orbem
1298 3367 1463 3422 terrarum?
1477 3368 1547 3434 Quia
1563 3367 1682 3420 correrii

68 3445 147 3506 (nisti
159 3454 192 3509 ab
206 3455 317 3511 oriente
331 3458 362 3512 in
376 3459 548 3516 occidentem
565 3469 710 3517 consonat.
729 3465 840 3530 sltem,
883 3459 975 3512 orbem
990 3463 1069 3512 terre
1083 3461 1133 3527 qui
1148 3473 1203 3512 non
1218 3459 1431 3511 commonebitur
1447 3457 1530 3524 (Psoi.
1548 3469 1610 3522 xcv,
1628 3452 1680 3521 10).

66 3535 86 3592 iu
103 3539 163 3596 libro
177 3541 217 3599 De
237 3561 332 3616 agone
353 3545 514 3603 Christiano
531 3551 601 3622 (cap.
617 3549 662 3617 29,
678 3556 749 3605 tom,
764 3550 839 3614 IIIi:
883 3544 989 3600 Domus
1000 3546 1113 3600 Domini
1126 3545 1206 3600 sortis
1221 3545 1283 3612 erit,
1300 3561 1350 3616 per
1366 3551 1459 3600 totum
1478 3543 1576 3599 orbem
1591 3547 1682 3597 terra-

68 3627 132 3682 «rec
138 3647 182 3686 eos
188 3634 342 3690 audiamus
350 3635 398 3706 qui
408 3642 534 3692 sanctam
547 3639 708 3707 Ecclesiam,
717 3657 842 3712 quaeuna
882 3650 946 3689 rum
962 3635 1045 3690 erit.)
1056 3633 1129 3694 Item
1137 3634 1166 3688 in
1177 3635 1433 3705 extremaejusdem
1443 3634 1535 3705 operis
1544 3637 1624 3705 parte
1638 3633 1683 3702 (in

67 3715 174 3776 nilotica
194 3727 247 3791 est,
264 3730 372 3794 negant
386 3741 437 3796 per
449 3725 545 3782 orbem
557 3728 767 3785 essedillusam.
779 3748 791 3781 r
804 3729 842 3784 Et
879 3727 951 3792 psat.
964 3726 1000 3793 01)
1014 3742 1020 3776 ²
1032 3743 1044 3774 ί
1057 3720 1682 3794 0111881111Οᾶ(Ῐῑθῑὸιὴὲΐθῖῑῡθε1ἃω16ήῦθθ

67 3804 383 3871 quibasdaminoermissis
391 3814 734 3887 (inimapopulusautem
743 3818 841 3889 ipsius,
884 3811 1033 3866 Ecclesiam
1044 3812 1359 3884 deomnibusgentibus,
1367 3813 1479 3883 quando
1488 3809 1685 3882 adhucpraedi·

66 3889 144 3964 iuquit,
154 3901 264 3970 quando
276 3917 333 3958 non
344 3902 424 3958 audit
433 3905 594 3977 prophetas,
610 3911 639 3960 et
649 3906 842 3978 Evangelium,
884 3896 1681 3973 caturEvangelium,utpossitesseinomuibusgentibus.

69 3977 185 4051 inquibus
194 3989 517 4062 apertissimescriptum
531 3991 843 4049 estEcclesiamChristi
884 3989 958 4060 Ergo
976 4006 1065 4061 usque
1090 3991 1119 4044 in
1142 3991 1227 4045 linem
1250 3989 1343 4044 saeculi
1366 3989 1487 4044 Ecclesia
1505 3989 1533 4043 in
1554 3985 1683 4041 omuibus

68 4081 107 4136 per
116 4087 203 4129 omnes
215 4082 318 4148 gentes
333 4093 395 4133 osse
413 4080 555 4148 diffusam,
570 4082 692 4137 otendit
708 4083 844 4138 schisma·
884 4079 1025 4149 gentibus¹
1034 4079 1085 4135 »In
1095 4079 1193 4133 eadem
1205 4097 1229 4133 :r
1238 4077 1291 4133 Ubi
1301 4079 1421 4150 suntqui
1432 4077 1529 4132 dicunt
1536 4075 1641 4149 perisse
1647 4074 1682 4129 de

68 4155 128 4225 dous,
142 4178 194 4218 non
206 4165 259 4220 Dei
274 4166 396 4236 gloriam
415 4177 582 4240 quaerentes,
597 4172 647 4226 sed
668 4189 759 4234 suam,
777 4173 845 4230 sotis
886 4167 990 4223 mundo
1009 4167 1172 4233 Ecclesiam,
1193 4167 1304 4238 quaudo
1320 4183 1372 4221 nec
1391 4167 1520 4221 inclinari
1533 4163 1651 4236 potest?
1667 4177 1680 4215 a

68 4243 182 4315 significat
195 4270 225 4308 se
244 4271 359 4310 servum
372 4273 443 4323 esse,
455 4273 511 4313 non
525 4259 656 4314 liberum.
675 4281 686 4312 ι
704 4262 739 4316 Ει
752 4263 878 4334 Domi-1)
887 4251 960 4308 Item
973 4255 1003 4309 in
1017 4255 1114 4310 eadem
1136 4259 1176 4325 [in
1196 4247 1266 4324 psal,
1282 4260 1325 4325 cv)
1343 4275 1348 4310 :
1370 4273 1385 4307 n
1399 4255 1532 4327 Quisquis
1543 4251 1683 4325 putaverit

67 4339 150 4394 ausin
172 4341 348 4414 Evangelio:
370 4347 446 4416 Ager
466 4352 509 4401 est
528 4347 574 4402 hic
592 4349 714 4404 mundus
733 4352 842 4424 (Matri.
886 4344 1038 4399 Ecclesiam
1053 4345 1082 4400 in
1095 4360 1152 4400 una
1165 4350 1245 4417 parte
1260 4361 1329 4411 esse,
1346 4351 1374 4400 ει
1388 4361 1445 4400 non
1464 4360 1527 4399 eam
1544 4357 1681 4413 cognove-

67 4435 108 4488 nn,
122 4425 172 4497 38)
182 4429 220 4485 Et
230 4432 319 4503 paulo
333 4435 525 4504 postgsimile
538 4442 576 4492 est
588 4453 706 4506 peyna-m
715 4442 844 4495 calorum
885 4434 923 4488 rit
935 4433 1066 4490 diffusam
1083 4439 1143 4490 toto
1168 4433 1235 4490 orbe
1248 4440 1398 4503 terrarum,
1425 4441 1454 4490 et
1477 4421 1629 4490 crediderit
1643 4432 1683 4486 eis

65 4525 147 4580 warne
156 4523 285 4576 masaia
295 4529 414 4588 aiaraci
424 4528 540 4579 enomni
548 4541 645 4594 penore
652 4531 773 4596 piscium
782 4545 844 4584 con-
886 4523 934 4595 qui
948 4524 1061 4579 dicunt:
1077 4525 1141 4580 Ecce
1151 4526 1194 4578 tu'c
1208 4530 1246 4579 ert
1261 4525 1426 4591 Christano
1437 4541 1491 4580 ecce
1504 4525 1681 4590 illimtlattt.

65 4607 275 4678 treantiiitid,
290 4609 346 4680 47).
363 4611 398 4666 Et
416 4611 452 4666 ad
466 4613 637 4685 discipulos:
654 4619 692 4671 lte
706 4619 738 4672 in
753 4620 843 4672 ortem
885 4630 956 4680 xxiv,
985 4611 1041 4683 23),
1062 4613 1135 4668 sicut
1158 4614 1240 4668 modo
1271 4613 1390 4668 audistis
1409 4629 1473 4668 cum
1500 4611 1681 4683 Evangelium

65 4691 192 4762 terraram,
221 4699 373 4766 predicate
400 4701 581 4770 Etunpctium
606 4707 685 4759 omni
711 4712 843 4762 creatum
884 4702 1107 4774 legeretur,cum
1117 4703 1164 4757 ille
1174 4707 1265 4756 totum
1274 4701 1371 4758 orbem
1381 4702 1483 4757 emerit
1494 4702 1562 4774 quia
1570 4707 1682 4756 tantum

66 4776 140 4838 tllorc.
154 4799 208 4852 xvr,
228 4785 287 4856 15).
884 4792 1006 4863 pretium
1020 4791 1106 4859 dedit,
1122 4791 1170 4846 ille
1183 4796 1319 4862 tanquam
1333 4791 1362 4846 in
1374 4791 1500 4864 proximo
1514 4792 1683 4846 scandaliza·

329 4876 446 4934 CAPUT
454 4879 557 4935 XXIII.
884 4887 941 4948 tur,
957 4882 1055 4935 alana
1069 4881 1171 4937 uritur.
1187 4900 1200 4934 ε

75 4958 216 5050 'Adversus
229 4970 291 5019 tam
307 4965 384 5022 clam
401 4968 490 5039 ipsius
508 4969 619 5025 Domini
633 4975 662 5026 et
679 4971 769 5027 sancti
784 4972 845 5043 Spi-
920 4969 1034 5025 Falsum
1060 4977 1103 5027 est
1122 4972 1209 5042 igitur
1227 4971 1301 5043 quod
1314 4971 1349 5026 de
1370 4987 1485 5043 corpore
1500 4969 1636 5025 Christis
1651 4973 1680 5021 te

63 5047 117 5102 ntus
123 5051 181 5121 ejus
190 5051 359 5110 deEcolesia
369 5061 398 5110 et
404 5057 520 5113 destatu
530 5059 658 5114 Ecclesiae
669 5061 841 5129 testimonia,
884 5058 1008 5116 creditur
1021 5065 1050 5114 et
1061 5061 1207 5116 astruitur.
1221 5061 1293 5132 Ergo
1307 5078 1373 5116 vera
1383 5066 1427 5116 est
1435 5063 1496 5132 ejus
1510 5075 1585 5124 cero,
1596 5072 1680 5128 quam

63 5131 141 5204 flbiicis
153 5147 195 5209 tn,
211 5149 243 5197 et
252 5141 390 5214 objiciunt
402 5145 460 5216 qui,
475 5163 493 5200 a
503 5152 532 5201 te
544 5146 662 5219 decepti,
683 5149 753 5204 alios
767 5150 844 5204 deci·
885 5151 1046 5222 accipimus,
1059 5155 1087 5206 ει
1099 5167 1180 5208 verus
1193 5158 1236 5208 est
1249 5154 1311 5224 ejus
1323 5152 1437 5224 sanguis
1447 5167 1530 5223 quem
1539 5153 1677 5220 potamus.

62 5419 161 5494 ispum
175 5431 251 5487 liber
267 5433 336 5488 tecti
352 5433 506 5504 lanfranci
520 5435 731 5493 Cantaurianos
750 5439 947 5523 archiepiscopi
957 5443 995 5496 Dc
1008 5457 1119 5512 corpore
1132 5448 1157 5496 et
1177 5445 1314 5512 sanquine
1338 5441 1452 5496 Domini
1469 5446 1566 5498 contra
1580 5443 1681 5500 lieren-

830 5525 953 5579 parrum.
