3986 6184
158 169 207 250 rei
648 193 680 249 a.
701 193 908 253 hamanum
928 195 1108 254 caurum
1128 199 1297 257 recurre.
1742 185 1790 260 in

161 314 304 370 firmatur.
319 311 362 369 'lu
375 312 459 368 iidem
471 311 580 369 habes?
594 277 696 371 scilicet
719 320 846 372 omnibus
860 321 966 383 tetendi,
982 336 1069 396 penes
1082 324 1264 394 temetipsum
1280 307 1353 378 haba
1368 339 1461 378 coram
1480 325 1546 379 Deo.
1562 323 1607 381 21.
1624 323 1727 380 Decius
1738 322 1786 380 ii.

163 401 212 473 qui
226 402 398 473 nonjudicat
411 403 603 475 semetipsum,
618 407 648 459 id
664 411 711 474 εει,
726 409 891 478 culpabilem
914 409 1023 477 facilia
1039 426 1072 466 eo
1083 412 1159 482 quod
1178 410 1288 483 probat.
1304 411 1349 467 23.
1366 413 1420 478 Qui
1434 417 1530 468 antem
1544 412 1689 481 discernit,
1704 411 1749 470 ii.
1765 415 1789 469 si

161 491 381 560 manducaverit,
395 491 546 550 damnatus
560 498 612 562 est,
629 493 760 570 quianon
775 512 809 551 ex
821 496 888 567 tide.
903 495 948 553 25.
968 514 1051 553 omne
1066 505 1172 568 autem,
1192 501 1267 572 qnod
1276 517 1334 556 non
1343 505 1387 556 cst
1403 517 1438 557 ex
1447 501 1512 570 lide,
1524 499 1670 574 pestutum
1682 506 1735 557 eat.

843 626 907 688 39
921 623 1037 680 CAPUT
1051 624 1110 680 XV.

199 741 339 798 Debemus
349 747 454 813 antem,
465 761 523 801 non
530 745 891 814 firmioresimheeillitates
900 747 1078 803 intirmorum
1087 749 1228 805 sustinere
1234 754 1263 806 et
1269 767 1326 806 non
1332 749 1538 823 nobisplacere.
1551 749 1575 808 i.
1591 751 1791 824 Unusquisque

162 838 287 888 vestrum
294 834 423 905 proximo
433 850 485 890 suo
494 835 604 907 placeat
616 836 646 891 in
654 836 769 903 bonnm,
781 838 818 892 ad
830 836 1053 892 aedificationem.
1061 837 1170 893 Etenim
1177 839 1305 894 christus
1314 856 1372 895 non
1381 839 1434 894 sibi
1440 840 1555 911 placuit,
1568 840 1626 908 sed,
1640 841 1713 897 εἱειιι
1721 841 1790 896 scri-

161 922 490 995 ptumest:1mproperia
501 925 753 996 improperantium
766 926 1184 998 tibicecideruntsuperme.2.
1196 928 1376 1000 Quaecunque
1391 929 1467 984 eninr
1481 929 1588 1001 scripta
1601 934 1676 998 sunt,
1690 931 1726 985 ad
1740 945 1791 984 no-

161 1015 253 1065 stram
266 1011 422 1066 doctrinam
437 1013 542 1083 scripta
556 1018 632 1077 sunt,
648 1018 680 1068 ut
694 1029 744 1085 per
758 1014 925 1085 patientiam
939 1019 968 1070 et
981 1017 1202 1072 consolationem
1214 1019 1431 1090 Scripturarum,
1444 1018 1697 1090 spemhabeamus.
1714 1019 1789 1074 Deus

161 1105 258 1155 autern
264 1100 408 1172 patientiae
415 1101 541 1156 etsolatii
549 1101 598 1156 det
607 1101 683 1156 vobis
692 1103 811 1173 idipsum
818 1119 916 1175 sapere
931 1104 960 1159 in
971 1104 1150 1166 alterutrum,
1163 1107 1315 1160 secundum
1326 1108 1421 1161 iesum
1430 1106 1584 1169 Christum,
1597 1111 1630 1161 ut
1640 1107 1790 1161 unanimes

160 1203 220 1244 uno
234 1205 284 1244 are
293 1189 483 1245 honorificetis
489 1191 579 1246 Deum
586 1197 615 1246 ει
623 1192 737 1246 Patrem
747 1191 858 1246 Domini
869 1192 959 1246 nostri
970 1193 1038 1248 iesu
1049 1193 1286 1266 Christi.Propter
1294 1195 1369 1266 quod
1384 1195 1516 1268 suscipite
1531 1193 1660 1261 invicem,
1680 1192 1706 1253 3.
1718 1194 1790 1249 sicut

163 1283 194 1333 ει
205 1278 335 1334 Christus
346 1280 470 1352 suscepit
480 1295 528 1334 ros
542 1280 572 1334 in
586 1281 722 1335 honorem
735 1280 796 1336 Dei.
812 1279 839 1337 i.
860 1280 928 1335 Dico
939 1281 1014 1336 enim
1027 1283 1170 1338 Christum
1185 1285 1200 1338 J
1203 1300 1281 1339 esum
1297 1284 1456 1339 ministrum
1470 1283 1556 1339 inisse
1571 1283 1790 1338 circumcisionis

162 1373 281 1440 propter
295 1368 442 1424 veritatem
457 1371 518 1434 Dei,
529 1370 565 1424 ad
579 1369 787 1426 confirmandas
801 1370 1000 1441 promissiones
1018 1371 1146 1426 Patrum.
1163 1370 1190 1437 5,
1203 1367 1230 1438 6,
1245 1370 1271 1427 7.
1283 1372 1387 1427 Gentes
1396 1373 1506 1442 (probat
1517 1375 1584 1441 quia
1598 1375 1714 1441 suscepit
1726 1387 1789 1440 pen·

165 1459 212 1525 tes,
228 1460 269 1511 oet
284 1458 421 1512 bonorare
433 1460 521 1514 Deum
534 1464 634 1526 pentes,
649 1459 684 1513 ab
699 1461 863 1512 auctoritate
874 1459 1087 1528 prophetarum)
1101 1476 1186 1531 super
1195 1459 1395 1526 misericordia,
1405 1461 1506 1514 seilicet
1516 1462 1575 1514 dico
1589 1462 1692 1527 debere,
1703 1459 1789 1515 hono-

162 1562 228 1601 rare
237 1547 337 1614 Deum,
353 1546 425 1602 sicut
441 1546 576 1619 scriptum
593 1553 637 1602 est
652 1566 658 1600 :
674 1544 701 1604 8.
717 1547 872 1618 Propterea
885 1547 1096 1603 confitebortibi
1109 1548 1138 1602 in
1152 1548 1292 1619 gentibus,
1302 1548 1431 1615 Domine,
1441 1553 1470 1602 et
1483 1548 1591 1603 nomini
1600 1553 1649 1603 tuo
1658 1547 1787 1602 cantabo.

162 1635 200 1689 Et
210 1635 315 1689 iterum
326 1634 446 1690 dicius.
458 1634 615 1702 Laetamini,
630 1641 740 1706 gentes,
758 1652 822 1692 curn
835 1635 916 1709 plebe
930 1639 1001 1708 ejus.
1015 1637 1164 1692 utiterum
1181 1656 1187 1692 :
1212 1638 1337 1694 Laudato
1352 1653 1450 1692 omnes
1466 1642 1564 1708 gentes
1579 1636 1740 1703 Dominum,
1760 1647 1789 1691 et

162 1721 344 1793 magnificate
353 1739 427 1792 eum,
437 1741 535 1780 ornnes
541 1726 687 1797 populine
694 1741 793 1780 rursus
807 1727 895 1782 isaias
907 1727 963 1781 ait:
978 1725 1020 1784 10.
1029 1727 1088 1782 Erit
1096 1726 1175 1781 radix
1187 1728 1274 1795 iesse,
1292 1731 1321 1782 et
1331 1726 1380 1798 qui
1391 1731 1523 1796 exsurget
1536 1741 1635 1796 regere
1644 1723 1788 1795 pantesia

163 1829 230 1868 eum
245 1817 344 1884 gentes
357 1814 521 1884 sperabunt.
536 1815 611 1870 Deus
623 1820 719 1870 antem
733 1816 794 1887 spei
812 1817 920 1888 repleat
928 1832 977 1870 vos
991 1817 1069 1871 omni
1086 1816 1190 1887 gaudio
1205 1822 1235 1871 et
1252 1833 1320 1888 pace
1334 1816 1364 1870 in
1377 1815 1525 1875 credendo.
1541 1821 1574 1870 nt
1596 1813 1745 1868 abundetis
1759 1814 1788 1869 in

163 1919 214 1975 spe
227 1907 256 1957 et
269 1903 373 1958 virtute
383 1903 506 1975 Spiritus
517 1904 616 1958 sancti.
628 1901 670 1960 ll.
688 1904 787 1959 Certus
795 1909 890 1959 autem
900 1920 971 1970 sum,
984 1904 1157 1968 iratresmei,
1168 1909 1197 1958 et
1209 1919 1261 1974 ego
1275 1905 1336 1977 ipse
1350 1905 1384 1959 de
1395 1903 1622 1974 vobis,quoniam
1629 1907 1693 1969 40
1702 1901 1789 1974 stipsi

164 1992 241 2064 pleni
248 1991 315 2046 estis
320 1992 479 2061 dilectione,
490 1991 643 2064 inrepleti
654 1993 731 2047 omni
738 1994 865 2062 scientia,
875 1995 953 2048 itaut
962 1993 1075 2065 possitis
1082 1993 1249 2049 alterutrum
1255 1992 1432 2050 munerati.
1440 1992 1582 2048 Audacius
1590 1997 1685 2046 autern
1692 1989 1789 2062 scripsi

837 2113 1132 2169 commeruimus.
1206 2095 1214 2106 ‘

37 2223 45 2241 ¹
132 2272 134 2276 .
194 2225 240 2281 ii.
255 2226 378 2282 Αιιιιιιοε.
399 2229 496 2282 Beatus
511 2230 561 2298 qui
580 2231 765 2299 noup'udicat.
786 2230 867 2284 Hunc
888 2228 1073 2292 bea-Astum
1089 2229 1243 2284 ministrari
1253 2229 1351 2284 iecisse
1360 2228 1413 2284 sibi
1422 2227 1669 2295 circumcisionem,
1681 2233 1796 2300 propter

158 2323 221 2373 tum
235 2315 304 2372 dicit
318 2315 367 2388 qui
380 2331 438 2371 non
456 2315 533 2373 aliud
551 2317 619 2372 facit
642 2334 728 2390 quarn
743 2317 797 2373 sibi
810 2318 880 2374 utile
894 2335 957 2391 pro-
997 2319 1144 2374 ceritatem
1160 2319 1210 2375 Dei
1221 2319 1427 2390 complendam,
1443 2324 1472 2374 et
1480 2316 1681 2390 promissiones
1694 2317 1730 2372 ad
1744 2333 1795 2388 pa·

157 2405 218 2464 bat.
998 2415 1056 2463 tres
1075 2409 1170 2464 iactas.
1186 2407 1360 2464 Promissum
1372 2407 1447 2463 enirn
1461 2407 1553 2466 iuerat
1562 2406 1637 2479 quod
1647 2423 1680 2462 ex
1688 2405 1796 2462 tudae

194 2495 239 2553 22.
255 2495 357 2551 Laura
386 2497 441 2564 (tui
467 2511 523 2550 non
547 2497 709 2551 manducat.
725 2497 788 2552 Non
805 2498 957 2554 manduces
1000 2497 1308 2553 rumsemineorturus
1324 2503 1421 2553 esset:
1437 2499 1467 2554 in
1490 2514 1545 2568 quo
1564 2495 1797 2552 benedicerentur

158 2584 410 2652 coramiratribus,
425 2584 529 2655 quiesi
548 2601 604 2640 non
623 2583 785 2654 manducas,
802 2585 901 2642 beatus
916 2604 956 2643 es.
1000 2604 1107 2643 omnes.
1120 2587 1219 2642 Aliter.
1244 2586 1432 2642 Ministerium
1447 2585 1675 2651 circumcisionis,
1690 2584 1720 2639 id
1742 2588 1794 2651 est,

157 2674 195 2730 Et
205 2674 259 2730 hoc
272 2673 391 2747 probat3
408 2690 475 2729 nam
490 2674 580 2728 omnis
596 2680 639 2729 est
651 2673 761 2742 beatus,
784 2677 832 2748 qui
846 2693 903 2731 non
913 2677 958 2747 ju·
999 2675 1034 2730 ad
1048 2675 1182 2748 populum
1196 2676 1211 2729 J
1214 2675 1369 2742 udaeorum,
1379 2678 1412 2730 ut
1420 2675 1523 2730 veritas
1533 2673 1584 2731 Dei
1599 2672 1796 2746 etpromissio-

157 2762 234 2818 dicat
243 2762 330 2832 se,=id
340 2767 392 2828 est,
408 2763 576 2835 culpabilem
587 2762 663 2818 iacit.
684 2764 758 2836 quod
772 2769 816 2820 est
825 2765 957 2821 dumnon
998 2780 1049 2818 nes
1063 2764 1124 2835 ejus
1135 2764 1171 2818 ad
1181 2769 1276 2836 putres
1291 2764 1379 2819 iactas
1388 2762 1794 2837 complerentur.Qualessunt:

157 2852 312 2922 manducat
325 2852 500 2908 neoiiendat.
997 2855 1072 2908 Dabo
1083 2854 1156 2908 uobis
1165 2869 1278 2922 permen
1293 2854 1346 2921 (vel
1360 2853 1500 2923 decorem)
1513 2855 1639 2922 justitia,
1661 2857 1691 2906 et
1706 2869 1711 2904 :
1726 2853 1796 2906 Pro-

192 2941 238 3000 23.
253 2943 308 3010 Qus
321 2947 414 2997 cutem
428 2943 571 2997 discernit.
592 2941 646 3006 Qui
660 2947 755 2996 autem
770 2943 905 2998 discernit
917 2945 958 2999 ci·
996 2945 1108 3013 phetam
1122 2944 1194 2996 uobis
1205 2944 1348 2997 suscitabit
1360 2943 1440 3009 Deus,
1456 2947 1509 2996 etc.

157 3030 228 3098 bas3
243 3029 274 3086 id
289 3034 341 3098 est,
355 3031 405 3104 qui
418 3035 500 3102 putat
518 3028 587 3084 ahos
601 3029 731 3095 mundos,
756 3036 784 3084 et
799 3031 870 3086 alios
897 3049 958 3088 csse
1034 3029 1060 3084 5.
1076 3029 1171 3086 Gentes
1182 3035 1285 3084 autem.
1300 3027 1405 3084 Probat
1419 3029 1485 3101 quia
1499 3023 1620 3102 suscepit
1628 3033 1737 3100 gentes,
1752 3027 1797 3080 vel

157 3119 493 3186 immundos,damnatns
508 3123 574 3187 est,
595 3119 732 3190 quianon
748 3121 859 3175 erfida.
875 3121 957 3176 Fides
999 3118 1137 3173 honorare
1165 3118 1255 3174 Deum
1282 3123 1391 3190 gentes,
1423 3116 1458 3172 ab
1484 3118 1650 3173 auctoritate
1685 3116 1795 3172 iudaeo-

60 3256 66 3268 .
157 3208 233 3265 enim
247 3214 345 3266 nostra
357 3209 418 3265 vult
442 3213 474 3264 ut
492 3209 576 3266 homo
591 3209 620 3264 id
635 3214 702 3280 agat
725 3209 800 3280 quod
825 3210 958 3282 intelligit
997 3224 1071 3263 rum.

155 3297 229 3354 bene
241 3315 301 3354 esse
316 3298 468 3368 agendum.
1034 3292 1060 3352 6.
1072 3299 1196 3353 Arianos.
1217 3299 1312 3356 Gentes
1326 3303 1430 3352 autent.
1446 3297 1519 3362 Quia
1533 3297 1609 3351 enim
1621 3295 1665 3350 his
1674 3294 1796 3368 promis·

174 3385 238 3460 ¹ib.
253 3387 285 3444 si
304 3387 593 3450 munditenentem.
617 3386 722 3442 Probat
744 3387 819 3458 qnod
833 3387 881 3458 qui
900 3403 957 3442 non
997 3387 1127 3441 sionulla
1140 3392 1211 3454 erat,
1228 3385 1436 3459 quasiindigni,
1462 3403 1513 3458 per
1529 3385 1617 3441 solam
1639 3384 1796 3439 misericor-

154 3475 318 3548 judicatae,
334 3474 363 3528 id
377 3479 421 3530 est
433 3490 489 3530 non
505 3475 667 3542 manducat,
688 3474 788 3531 beatus
814 3481 867 3544 est,
890 3492 956 3531 nam
998 3474 1075 3529 diam
1087 3476 1149 3542 Dei,
1163 3476 1329 3531 adsalutem
1343 3475 1480 3548 assumpti
1491 3480 1568 3532 sunt.

158 3564 250 3619 omnis
275 3563 447 3620 manducans
469 3564 635 3631 damnatus,
655 3565 729 3636 qnod
742 3565 782 3619 ita
796 3565 887 3619 dicit:
907 3554 989 3635 qniB
1033 3564 1059 3620 7.
1084 3566 1186 3621 Laura.
1211 3565 1305 3621 Gentes
1330 3571 1434 3619 autem.
1456 3563 1531 3619 Laus
1558 3562 1695 3633 gentium.
1722 3561 1796 3617 Dicit

157 3659 252 3710 autern
266 3653 399 3709 discernit
413 3655 670 3722 simanducauerit,
679 3659 732 3709 etc.
746 3654 781 3708 Et
791 3659 858 3708 sunt
867 3655 958 3709 multa
998 3653 1073 3708 enim
1087 3658 1172 3708 tantae
1186 3669 1260 3709 curae
1281 3652 1369 3707 fuisse
1390 3652 1459 3719 Deo,
1487 3655 1520 3706 nt
1537 3648 1572 3704 ad
1587 3649 1734 3704 salvandas
1748 3665 1796 3704 eas

65 3777 67 3782 ,
157 3744 309 3810 contraria,
324 3741 508 3813 conjudicat,
523 3748 552 3798 et
567 3743 741 3799 manducans
755 3743 855 3814 prohat
870 3749 899 3798 et
913 3744 956 3798 di·
997 3740 1149 3812 prophetas
1167 3757 1232 3796 suos
1255 3739 1429 3811 prediceret.
1450 3739 1501 3794 His
1525 3737 1656 3792 laudibus
1675 3737 1795 3808 aquales
1886 3755 1890 3761 ·

157 3833 271 3900 scernit,
288 3831 381 3900 idest,
396 3848 454 3889 non
465 3831 566 3904 probat
579 3831 783 3892 comedendum
797 3831 907 3902 beatus,
928 3840 957 3889 et
997 3846 1045 3885 eos
1059 3831 1134 3884 inter·
1147 3846 1177 3884 se
1186 3847 1247 3885 esse
1261 3827 1394 3896 ostendit,
1407 3833 1440 3883 ut
1453 3828 1526 3883 alter
1534 3828 1666 3900 prmlerre
1674 3843 1704 3882 se
1714 3826 1795 3880 alteri

159 3922 320 3979 damnatus.
997 3933 1053 3973 non
1068 3924 1228 3990 praesumat.

193 4010 238 4068 25.
252 4011 439 4070 Omneautern
453 4012 526 4080 quod
539 4026 596 4065 non
610 4015 647 4065 est
661 4027 693 4065 ea
707 4011 768 4080 fide.
788 4011 954 4066 Damnatus.
1031 4007 1058 4062 8.
1073 4010 1219 4077 Propterea
1232 4008 1386 4076 confitebor.
1402 4007 1463 4062 Vox
1486 4005 1591 4061 Christi
1602 4005 1650 4077 qui
1661 4003 1691 4059 in
1704 4003 1795 4075 genti·

158 4101 436 4175 quiapeccatumest
450 4099 525 4171 quod
547 4099 623 4167 facit,
650 4106 678 4156 et
691 4100 743 4155 hoc
769 4098 869 4172 probat
892 4099 953 4154 ita:
996 4095 1050 4152 bus
1062 4097 1214 4152 cantitetur
1228 4096 1306 4151 Patri
1334 4096 1401 4168 qnia
1423 4112 1475 4168 per
1497 4097 1559 4166 ejus
1586 4093 1794 4149 conversionem

158 4191 243 4248 Omne
268 4191 410 4260 quoduon
423 4194 463 4244 eat
477 4205 509 4244 ec
523 4189 575 4258 fide
586 4195 728 4258 peccatum
742 4194 793 4253 est;
824 4188 879 4243 Sed
903 4189 957 4244 hoc
999 4181 1793 4258 (veipraedicationem)conversmsuntadculturamnnins

155 4297 214 4337 non
227 4297 262 4335 ex
272 4278 348 4347 fide;
364 4278 412 4333 sed
427 4277 486 4333 haec
510 4278 664 4349 assumptio
678 4276 824 4350 praemissa
838 4283 891 4346 est,
907 4275 956 4332 ubi
996 4274 1058 4328 Dei.

153 4369 224 4424 dicit
236 4370 303 4439 quia
319 4383 375 4422 non
386 4383 418 4421 ec
430 4369 492 4435 fide.
1034 4363 1060 4419 9.
1074 4365 1222 4419 tutamini
1234 4371 1335 4433 pentes.
1363 4365 1397 4420 In
1419 4363 1493 4420 isaia
1515 4363 1554 4418 sic
1576 4361 1711 4433 scriptum
1727 4365 1790 4415 est:

193 4455 271 4514 CAP.
287 4455 348 4510 XV.
370 4482 402 4498 -
418 4455 446 4510 i.
466 4457 590 4512 Annam.
613 4457 803 4525 Unusquisque
822 4462 953 4510 oestrum.
995 4455 1142 4509 Laternioi
1157 4470 1220 4508 curn
1234 4453 1386 4509 tamarem
1395 4472 1404 4521 ,·
1431 4457 1456 4507 et
1469 4453 1600 4508 exsultate
1610 4453 1642 4506 in
1656 4467 1687 4505 ee
1702 4465 1794 4505 omnes

158 4547 326 4601 Gammonet
338 4548 372 4599 ut
386 4543 516 4598 claritati
523 4544 819 4616 studentes,proximis
827 4545 955 4616 placeant
995 4546 1046 4612 qui
1059 4544 1255 4611 diligitisecrn.

158 4633 232 4690 adid
247 4632 322 4706 quod
336 4633 406 4688 utile
415 4637 467 4687 est.
482 4633 548 4687 liaee
562 4633 637 4687 enim
656 4633 812 4687 aedificatio.
1033 4629 1075 4688 ιθ.
1096 4633 1157 4686 Erit
1168 4633 1340 4687 rodininse.
1356 4631 1431 4687 Ordo
1448 4649 1453 4686 :
1474 4633 1552 4687 iesse
1565 4631 1620 4688 erit
1637 4631 1726 4696 radix,
1740 4632 1792 4683 etc.

193 4720 221 4780 2.
237 4723 341 4778 Laura.
355 4722 526 4791 Quacumque
543 4724 647 4790 scripta
660 4727 736 4775 sunt.
751 4721 837 4786 Quasi
851 4721 957 4777 diceret
997 4711 1137 4776 Subaudis
1151 4738 1183 4776 ea
1197 4722 1248 4776 liae
1262 4721 1354 4775 radice
1369 4723 1423 4776 erit
1432 4723 1482 4790 qui
1491 4727 1616 4790 centron
1628 4735 1720 4789 repere
1732 4733 1795 4786 pen-

158 4811 260 4884 aliqnis
276 4829 283 4866 :
300 4810 366 4883 quid
375 4810 433 4865 vita
448 4810 554 4864 Christi
565 4809 720 4865 ministrari
730 4809 828 4865 iecisse
840 4809 893 4866 sibi
905 4811 957 4866 cir·
964 4837 986 4898 C
998 4815 1044 4864 tes.

158 4899 368 4966 cumcisionem,
384 4910 500 4971 propter
507 4897 672 4952 veritatemi
687 4896 754 4968 quid
767 4898 913 4970 prophetia
922 4899 957 4953 dc
1032 4897 1077 4955 li.
1093 4901 1188 4956 dectus
1199 4915 1262 4954 sunt
1272 4903 1378 4967 autem,
1389 4905 1445 4957 etc.
1457 4897 1680 4955 Benevoiosillos
1692 4897 1794 4964 reddit,

158 4988 359 5063 Deolquidad
372 4987 579 5045 institutionem
591 5003 701 5043 morum
724 4989 956 5045 nostrorumlAd
998 4987 1079 5059 quasi
1102 5003 1154 5058 ego
1181 4987 1304 5058 corripui
1327 5003 1385 5054 vos,
1406 4989 1474 5059 quin
1501 4988 1589 5043 sciam
1609 5003 1658 5042 ros
1677 4987 1796 5041 inuicem

158 5079 212 5136 hoc
229 5077 400 5152 respondet:
417 5079 587 5147 Quacunque
601 5080 705 5146 scriptu
719 5082 795 5144 sunt,
813 5085 866 5133 etc.
997 5075 1127 5148 diligere,
1141 5075 1262 5131 necideo
1273 5075 1406 5133 admonui
1419 5077 1487 5149 quin
1498 5077 1585 5132 sciam
1594 5093 1643 5131 uos
1655 5075 1795 5148 sapientes

192 5167 220 5225 3.
241 5168 318 5225 Sicut
334 5172 359 5222 et
369 5167 505 5234 Christus,
521 5172 573 5222 etc.
590 5165 718 5237 Suscepit
730 5182 788 5234 vos,
805 5171 834 5221 et
847 5167 959 5222 iudaeos
998 5181 1069 5231 esse,
1085 5164 1134 5219 sed
1147 5165 1269 5220 oiircium
1280 5181 1375 5220 meum
1385 5172 1552 5221 estmonere
1566 5181 1623 5220 vos.

158 5264 188 5313 et
199 5261 298 5330 gentes
313 5254 472 5328 probando;
490 5255 538 5310 sed
553 5259 693 5310 monstrat
714 5255 853 5326 quomodo
877 5255 956 5309 Chri·
1035 5253 1077 5308 12.
1096 5255 1195 5324 Repleti
1204 5259 1283 5310 omni
1291 5257 1416 5310 seientia.
1433 5254 1584 5311 Humilitas
1598 5253 1734 5326 Apostoli.
1746 5253 1796 5310 Di·

156 5353 218 5403 stns
235 5345 465 5403 condescenderit
475 5343 564 5412 nobis,
581 5345 648 5417 quia
662 5344 842 5400 circumcisus
850 5343 911 5411 init,
928 5349 957 5399 et
997 5343 1035 5396 cit
1048 5342 1124 5397 enirn
1138 5343 1282 5414 scripsisse
1306 5344 1356 5413 eis,
1375 5361 1432 5398 non
1454 5345 1529 5416 quod
1549 5342 1604 5415 ipsi
1622 5342 1792 5413 indigerent.

156 5453 208 5492 nos
216 5436 472 5492 condescendamus
485 5434 615 5489 infirmis.
996 5431 1105 5503 Repleti
1120 5431 1205 5500 enirn,
1222 5438 1254 5487 ut
1277 5433 1338 5505 ipse
1360 5432 1474 5499 fatetur,
1495 5431 1572 5487 omni
1587 5431 1726 5498 scientia3
1746 5431 1795 5486 sed

192 5523 219 5578 t.
235 5526 300 5582 Dico
314 5529 399 5582 euim.
410 5525 484 5581 Laus
498 5523 669 5578 iudeorum.
688 5521 762 5576 Dicit
778 5521 853 5576 enim
874 5520 955 5575 Chri·
997 5519 1082 5577 officii
1096 5521 1141 5575 sni
1153 5523 1320 5577 necessitate
1329 5528 1472 5590 coactum3
1483 5521 1558 5593 quod
1565 5520 1716 5592 Apostolus
1725 5536 1795 5590 gen·
