3882 6172
255 227 308 286 643
734 232 783 287 ΑΙ)
802 227 923 287 ΟΡΕΒΑ
942 232 974 290 Β.
994 229 1201 286 LANFRANOI
1221 225 1415 284 APPENDIX.
1825 231 1870 286 bil

254 353 323 423 quia
336 351 497 407 Libertinus
508 368 579 423 pura
598 353 702 418 merite,
731 361 763 409 ut
778 357 955 413 haberentet
967 354 1211 426 possi-Anomina
1224 352 1391 424 precellere,
1400 355 1494 421 spreta
1511 366 1561 420 pro
1572 350 1622 404 Dei
1637 351 1747 406 nomine
1756 353 1837 422 patris
1849 359 1872 406 et

254 440 363 507 dorent,
378 457 429 512 ego
440 445 533 495 autem
549 441 701 497 calliditate
713 449 741 497 et
754 445 827 512 dolo,
853 452 884 500 ut
904 445 1055 500 redderent
1096 443 1197 496 matris
1212 440 1379 495 multimoda
1390 438 1636 504 haereditate,euro
1646 439 1790 510 aliquantis
1803 441 1872 495 fami-

253 531 334 594 mihi,
349 546 405 584 nun
420 535 451 583 ut
475 529 620 584 haberent.
652 531 720 586 Cum
745 535 820 587 enim
851 535 996 589 obtulisset
1013 535 1054 588 eis
1095 528 1612 593 liarumclericis,reuitadeum;in
1635 528 1873 597 cujusscholisali-

252 619 420 674 chlamidem
433 634 517 689 quarn
546 619 571 672 ei
594 618 768 686 dimiserant,
786 622 869 678 illiin
889 625 960 678 iram
980 623 1053 676 versi
1095 619 1219 690 quandiu
1235 619 1522 688 diligentermanens,
1539 621 1567 669 et
1585 615 1638 669 sibi
1653 622 1682 668 et
1694 615 1754 670 aliis
1768 617 1872 670 multum

253 705 476 760 aasumdiutius
502 706 536 759 ad
558 705 685 760 arborem
713 709 820 763 nudum
836 710 1002 782 ligaverunt,
1024 717 1052 764 et
1094 706 1368 779 proficienstandem
1383 704 1873 760 Lanfranciincitamentoetllaurilii

253 793 389 848 scolarem
406 795 514 864 eiusad
529 793 689 861 aliam,non
706 797 789 866 longo
805 798 891 866 abeo,
904 800 982 854 etsie
998 799 1052 854 dis·
1093 795 1328 866 Rothomagensis
1355 792 1555 866 archiepiscopi
1575 791 1700 858 consilio,
1717 792 1805 846 divina
1817 810 1873 864 pro·

250 887 405 937 cesserunt.
421 884 499 938 Tunc
513 883 609 938 videns
622 901 651 938 se
662 886 738 938 omni
750 887 872 942 humano
887 888 992 942 auxilio
1007 889 1053 942 de·
1093 885 1205 940 vidente
1220 883 1412 948 clernentia,in
1423 882 1552 937 Beccensi
1564 881 1680 936 ccclesia
1693 881 1812 936 habitum
1822 899 1872 936 mo·

252 971 392 1037 stitutum,
408 971 581 1044 coepitintra
608 989 638 1026 se
659 975 800 1028 revolvere
827 981 854 1030 et
879 983 1051 1048 pertractare
1093 975 1310 1028 nachalemtota
1332 972 1478 1027 devotione
1502 970 1554 1024 hoe
1576 987 1651 1025 anno
1666 970 1794 1040 suscepit,
1809 987 1872 1024 anno

251 1074 335 1130 quam
349 1058 456 1129 fragilis
469 1065 498 1112 et
512 1060 615 1113 caduca
627 1061 665 1114 sit
678 1061 763 1132 hujus
791 1064 889 1117 mundi
902 1064 1002 1133 gloria,
1024 1071 1052 1119 et
1092 1062 1182 1116 etatis
1194 1078 1250 1115 suae
1264 1061 1395 1114 vicesimo
1411 1059 1537 1130 septimo.
1556 1057 1610 1121 Qui
1624 1057 1658 1110 ad
1671 1063 1772 1130 quanta
1786 1060 1872 1111 sancti·

252 1162 335 1202 omne
348 1147 558 1218 quodlaborant
568 1147 696 1203 homines
706 1167 792 1220 super
802 1157 917 1216 terram,
930 1152 1048 1206 vanitas,
1091 1151 1158 1205 tatis
1169 1155 1196 1204 et
1208 1149 1353 1220 dignitatis
1364 1149 1486 1203 culmina
1497 1151 1594 1219 postea
1606 1144 1771 1218 pervenerit,
1782 1146 1809 1199 in
1819 1147 1872 1200 sub

252 1236 387 1291 Promisit
401 1236 459 1290 Deo
475 1237 589 1290 omnino
604 1237 764 1292 relicturum
790 1241 875 1309 hujus
894 1241 991 1294 mundi
1006 1258 1051 1294 ra·
1091 1239 1219 1310 sequenti
1236 1238 1356 1311 diligens
1370 1238 1459 1291 lector
1473 1236 1604 1290 inveniet.
1620 1235 1692 1288 Nam
1702 1235 1774 1288 inter
1787 1241 1872 1288 catera

251 1325 337 1379 ducos
348 1325 478 1391 honores,
492 1331 520 1378 et
535 1325 586 1378 sub
614 1326 689 1380 illius
712 1329 781 1397 jugo
797 1329 871 1398 quod
886 1335 927 1383 est
949 1331 1008 1384 lere
1023 1335 1051 1384 et
1092 1327 1443 1397 dignitatisculmina,ounr
1455 1340 1528 1378 anno
1539 1323 1650 1378 Domini
1662 1322 1873 1377 millesimosera·

250 1428 336 1467 suave
349 1413 405 1467 illis
420 1414 467 1484 qui
477 1429 541 1468 eum
553 1413 682 1484 diligunt,
699 1417 911 1487 suppositurum
934 1435 965 1472 ex
981 1423 1049 1482 toto,
1092 1415 1200 1487 gesimo
1215 1415 1337 1470 secundo
1368 1415 1542 1469 Lanfrancus
1567 1412 1743 1482 supradictus
1762 1411 1872 1466 Ecclesia

251 1501 276 1554 si
290 1517 355 1555 eum
370 1502 479 1576 eripere
494 1503 702 1572 dignareturab
729 1505 780 1558 hac
795 1507 932 1576 captione.
950 1507 1050 1560 Statim
1093 1505 1172 1558 Becci
1189 1504 1274 1576 prior,
1292 1504 1418 1574 regimen
1433 1501 1585 1573 accepisset
1593 1501 1683 1555 sancti
1694 1500 1818 1570 Stephani
1831 1501 1873 1553 Ca·

250 1593 283 1644 ut
295 1595 391 1644 votum
406 1607 438 1643 ex
453 1591 535 1644 eorde
545 1597 573 1644 et
593 1608 641 1646 ore
656 1593 713 1646 Deo
728 1594 866 1663 promisit,
888 1596 967 1666 quasi
995 1613 1051 1650 uno
1093 1592 1179 1658 domi,
1196 1593 1343 1665 pradictus
1358 1593 1507 1646 Anselmus
1521 1591 1611 1644 factus
1624 1597 1668 1643 est
1681 1589 1756 1660 prior
1768 1589 1872 1642 Beccen-

250 1685 393 1732 momento
409 1679 500 1732 soluta
514 1686 580 1734 sunt
594 1681 687 1735 orunia
700 1682 817 1749 vinculo,
831 1683 932 1754 quibus
947 1685 1082 1766 ligatusB
1093 1681 1140 1744 sie,
1157 1682 1203 1752 qui
1218 1681 1308 1735 tribus
1323 1681 1403 1734 annis
1418 1679 1509 1734 fuerat
1519 1679 1580 1734 siue
1596 1677 1767 1750 praelatione.

249 1772 328 1836 erat3
343 1775 372 1822 et
380 1767 451 1822 liber
461 1767 584 1832 effectus,
597 1769 654 1824 Deo
668 1772 775 1841 gratias
799 1789 896 1842 agens,
909 1773 944 1826 ad
968 1790 1051 1827 suurn
1129 1771 1199 1824 Item
1210 1787 1273 1824 curn
1290 1769 1366 1822 locus
1381 1769 1526 1822 Beccensis
1536 1769 1629 1822 adhuc
1641 1766 1777 1838 indigeret
1792 1764 1872 1818 multis

249 1855 381 1909 clericum
394 1857 519 1922 accessit,
537 1863 565 1911 et
579 1875 642 1912 eum
659 1860 748 1924 solvit,
759 1865 788 1914 et
795 1864 890 1914 votum
904 1863 978 1932 apud
986 1863 1052 1916 Bec—
1092 1857 1185 1926 rebuS,
1197 1859 1226 1912 in
1244 1865 1357 1928 recepta
1372 1857 1515 1930 pauperie,
1531 1857 1607 1910 inter
1635 1855 1691 1909 alia
1715 1856 1821 1909 lucerna
1835 1853 1871 1906 die

249 1959 314 1998 erim
328 1945 453 2018 perfecit.
1092 1963 1124 2001 ae
1142 1955 1286 2002 noctenon
1302 1963 1413 2016 semper
1436 1945 1552 2000 ardebat
1574 1945 1604 1999 in
1619 1944 1733 1999 eeclesia
1749 1947 1787 2012 tut
1799 1942 1871 1996 moris

254 2050 258 2062 ·
284 2033 366 2086 hnno
380 2033 491 2086 Domini
522 2031 599 2100 luit,
621 2033 804 2099 Lanfrancus,
828 2038 862 2091 de
886 2044 1048 2092 senatorum
1091 2041 1142 2098 esti
1160 2052 1217 2106 prae
1232 2035 1336 2106 inopia,
1349 2035 1396 2089 sed
1414 2050 1477 2088 cum
1495 2035 1566 2088 hora
1580 2031 1752 2088 nocturnalis
1774 2031 1870 2102 syntaxis

248 2117 342 2189 Papira
357 2118 443 2173 nobili
457 2137 560 2190 genere
586 2128 678 2188 natus
705 2125 732 2178 in
751 2133 857 2196 septem
883 2126 1048 2182 liberalibus
1090 2125 1353 2196 appropinquasset,
1364 2123 1531 2177 secretarius
1545 2139 1665 2193 surgens
1676 2121 1710 2176 de
1725 2119 1811 2184 cubili,
1821 2118 1871 2172 ibat

247 2206 356 2262 artibus
372 2207 539 2263 mirabiliter
553 2211 689 2276 eruditus,
703 2214 759 2268 Deo
775 2215 1046 2272 omniumbonorum
1090 2213 1118 2267 in
1134 2213 1294 2284 pristinum,
1308 2213 1348 2266 rel
1364 2212 1392 2266 in
1400 2211 1559 2282 coquinam,
1570 2210 1768 2265 deferensinde
1777 2208 1868 2262 lumen:

249 2301 365 2350 auctore
378 2297 551 2368 disponente,
565 2301 640 2370 apud
655 2301 792 2358 Beccense
804 2304 971 2366 coenobium,
987 2322 1049 2360 rna-
1091 2311 1172 2357 nocte
1185 2302 1371 2373 subsequente
1384 2301 1429 2355 die
1443 2301 1637 2365 dedicationis,
1654 2299 1730 2354 idest
1741 2303 1813 2353 sexto
1825 2297 1870 2350 lla-

239 2385 312 2456 'guis
323 2389 390 2439 tunc
400 2387 534 2456 temporis
562 2389 742 2444 facultatibus
765 2393 938 2460 inornatum,
954 2411 1050 2448 secun·
1090 2393 1187 2446 lendas
1198 2391 1301 2456 Martii,
1315 2408 1377 2445 cum
1393 2390 1463 2444 hora
1478 2389 1655 2443 matutinalis
1670 2386 1869 2459 appropinquas

249 2472 316 2526 dum
332 2473 421 2528 sancti
433 2475 559 2530 Herluini
570 2475 672 2531 ibidem
686 2478 1047 2545 abbatisdesideriummo-
1090 2485 1142 2544 set,
1172 2479 1350 2543 secretarius,
1371 2479 1483 2533 nomine
1508 2476 1689 2543 flothbertus,
1718 2475 1870 2546 evigilansa

248 2560 397 2615 neuhalem
412 2563 535 2634 suscepit
551 2563 677 2619 habitum
691 2585 697 2628 ;
714 2567 761 2638 qui
783 2574 888 2638 quanto
913 2570 1046 2625 miraculo
1088 2585 1186 2622 somno
1198 2569 1266 2623 vidit
1281 2573 1369 2622 totam
1380 2567 1524 2622 ecclesiam
1540 2566 1581 2621 ita
1596 2567 1780 2621 illuminatam
1803 2564 1869 2616 cele

247 2648 315 2708 illue
330 2649 496 2715 aduenisset,
507 2659 642 2722 quantum
654 2654 756 2708 ibidem
767 2657 923 2727 profuisset,
941 2663 970 2712 et
982 2676 1047 2729 quo·
1089 2657 1123 2710 sti
1139 2657 1245 2712 lumine
1257 2667 1290 2711 ut
1303 2657 1442 2728 potuisset
1454 2672 1521 2711 acus
1535 2655 1653 2727 reperiri
1677 2655 1706 2710 in
1716 2654 1867 2726 parimento.

246 2738 331 2792 modo
347 2737 454 2808 primus
483 2740 569 2795 abbas
593 2742 707 2796 Cadomi
730 2745 892 2807 exstitisset,
909 2751 938 2799 et
961 2763 1046 2817 quam
1088 2745 1141 2810 Qui
1156 2763 1273 2816 surgens
1288 2747 1447 2818 pavefactus
1463 2746 1570 2800 audiuit
1595 2745 1730 2816 quasdam
1757 2757 1828 2796 voees
1845 2739 1868 2792 in

246 2825 426 2881 laudabiliter
452 2829 677 2902 archiepiscopus
702 2831 914 2888 cantuariensis
938 2835 986 2890 diu
1006 2836 1046 2889 vi·
1088 2834 1172 2889 choro
1182 2835 1261 2905 quasi
1274 2835 1425 2906 psallentes
1437 2835 1489 2889 sub
1497 2834 1626 2903 silentio;
1644 2841 1710 2888 tuuc
1724 2829 1868 2903 pedentium

247 2914 365 2983 guisset,
380 2915 410 2970 in
424 2915 488 2971 vito
502 2917 591 2988 ipsius
606 2919 724 2974 inveniri
741 2925 840 2990 potest.
1087 2923 1210 2994 perrexit
1218 2924 1253 2977 ad
1269 2924 1371 2978 ostium
1386 2923 1474 2987 chori,
1491 2940 1508 2977 a
1531 2928 1612 2994 parte
1628 2922 1735 2987 altaris,
1748 2924 1776 2974 et
1795 2918 1868 2971 intro

281 3003 483 3059 AnnoDomini
494 3003 703 3072 lllr'rlAEranciae
714 3009 845 3064 turbatur
865 3012 987 3070 Ecclesia
998 3031 1048 3086 per
1059 3013 1177 3112 Cspexit
1189 3013 1218 3066 in
1239 3012 1367 3081 chorum,
1385 3017 1414 3066 et
1440 3011 1508 3066 uidit
1522 3011 1712 3066 beatissimam
1727 3014 1754 3063 et
1777 3006 1868 3078 glorio·

245 3092 447 3163 Berengarium
462 3095 663 3158 Turonensem,
686 3097 731 3168 qui
754 3099 898 3156 asserebat
923 3103 1048 3158 euchari·
1088 3101 1229 3154 sissimam
1244 3107 1362 3154 matrem
1380 3100 1492 3155 Domini
1509 3098 1629 3154 Mariam
1644 3097 1797 3154 stantenrln
1818 3095 1868 3148 loeo

247 3179 431 3252 stianr,quam
446 3184 585 3237 sumimus
603 3185 631 3238 in
643 3186 795 3252 altari,non
811 3205 871 3242 esse
881 3207 1046 3246 rereracor-
1088 3189 1217 3243 stationis
1233 3189 1399 3242 venerabilis
1413 3188 1542 3243 Herluini
1556 3186 1677 3254 abbatis,
1702 3193 1827 3241 eteorum
1841 3197 1869 3235 eu

244 3285 299 3340 pus
314 3276 342 3323 et
356 3271 520 3340 sanguinem
528 3273 727 3328 Christi.Unde
742 3281 839 3330 contra
854 3280 1045 3334 eummultum
1087 3285 1212 3335 astantes
1226 3279 1552 3354 beatissimosapostolos
1567 3281 1683 3336 Petrum
1699 3284 1726 3334 et
1753 3277 1867 3340 Paulum,

243 3371 262 3410 a
277 3359 374 3412 multis
386 3363 415 3412 et
425 3359 516 3412 verbis
531 3368 560 3413 et
571 3361 681 3432 scriptis
694 3361 867 3434 disputatum
895 3373 954 3433 est3
972 3369 1047 3424 inter
1087 3374 1116 3422 et
1124 3369 1238 3423 tertium
1251 3368 1336 3422 alium
1353 3384 1436 3440 quem
1458 3386 1513 3423 non
1534 3369 1707 3440 agnoscebat
1729 3365 1813 3433 vultu,
1829 3363 1868 3416 de·

244 3461 315 3516 quos
330 3445 450 3500 domnus
462 3448 641 3514 wimundus,
655 3453 807 3505 monachus
821 3453 855 3505 do
876 3455 964 3509 Cruce
979 3457 1047 3511 Son·
1086 3463 1234 3512 cantantes
1249 3457 1274 3511 ei
1290 3458 1453 3512 matutinas.
1480 3460 1606 3526 Cumque
1621 3457 1671 3511 diu
1692 3457 1748 3510 haec
1761 3451 1867 3524 asperis-

245 3532 434 3610 etiLeufredi,
450 3539 547 3587 contra
571 3551 635 3589 euru
660 3536 694 3590 de
721 3555 836 3610 corpore
859 3546 886 3594 et
908 3544 1045 3612 sauguine
1086 3551 1138 3602 set.
1150 3546 1281 3616 cogitarit
1294 3563 1410 3618 pergere
1431 3546 1466 3599 ad
1494 3546 1596 3600 ostium
1609 3546 1684 3616 quod
1700 3549 1758 3600 erat
1778 3559 1807 3596 er
1820 3539 1866 3594 alia

244 3619 349 3674 Chlisfi
365 3622 520 3691 elegantem
537 3623 625 3677 edidit
635 3623 748 3678 librum·
1085 3641 1164 3706 parte
1183 3635 1270 3699 chori,
1279 3636 1360 3705 justa
1371 3635 1462 3689 locum
1473 3635 1601 3690 stationis
1616 3634 1734 3696 abbatis,
1746 3637 1808 3688 etut
1818 3643 1865 3682 me

282 3709 456 3763 Laulraneus
471 3711 554 3764 etiarn
571 3711 726 3779 Pupiensia
743 3715 864 3785 primum
889 3719 1043 3800 monachus
1085 3721 1137 3776 lius
1154 3727 1183 3776 et
1197 3723 1326 3794 proprius
1339 3724 1444 3778 valeret
1470 3722 1563 3776 ridere
1582 3723 1646 3777 illas
1669 3718 1864 3794 gloriosissimas

242 3797 506 3858 Beeeensisdeindc
518 3799 743 3872 archiepiscopus
758 3803 1043 3872 Cantuariensispm-
1083 3827 1227 3882 personae,
1244 3817 1272 3864 et
1294 3811 1391 3865 audire
1412 3829 1473 3882 quoe
1486 3811 1541 3865 illae
1562 3811 1693 3868 dicebant
1706 3815 1734 3864 et
1747 3809 1862 3863 decanta·

243 3884 328 3940 nibus
339 3885 510 3940 luculentius
522 3893 551 3940 et
560 3887 715 3943 mirabilius
729 3890 831 3944 librum
843 3909 927 3965 super
941 3895 993 3949 hac
1012 3915 1042 3952 re
1084 3895 1161 3952 bant.
1180 3897 1214 3951 Et
1229 3915 1292 3952 cum
1307 3897 1359 3952 hoc
1371 3897 1473 3952 faceret
1488 3899 1619 3963 suaviter,
1640 3904 1669 3952 et
1691 3895 1766 3970 quasi
1777 3893 1863 3966 peden·

242 3975 522 4046 composuit3inquo
538 3976 1041 4049 singulisilliusquaestionibusetex-
1083 3985 1144 4050 tim,
1181 3990 1332 4056 antequam
1356 3986 1530 4057 pervenisset
1544 3987 1580 4042 ad
1603 3989 1718 4051 ostium,
1744 3985 1787 4039 lux
1806 3979 1863 4034 sub-

242 4063 429 4134 positionibus
439 4063 620 4119 laudabiliter
631 4068 784 4138 respondit,
797 4070 868 4128 male
882 4070 997 4126 dictaab
1008 4091 1041 4128 eo
1082 4079 1186 4128 structa
1198 4081 1250 4137 est,
1262 4081 1290 4130 et
1303 4091 1383 4129 voces
1398 4075 1603 4130 subcinentium
1619 4075 1780 4148 quieverunt
1791 4090 1796 4138 ;
1809 4084 1863 4122 sun·

242 4155 272 4205 et
289 4151 432 4206 intellecta
447 4153 655 4223 Scripturarum
683 4157 851 4214 testimoniis
883 4159 1040 4217 divinarum
1081 4163 1152 4217 vitas
1163 4169 1256 4216 tamen
1272 4163 1337 4216 miri
1349 4163 1528 4218 odoristanta
1540 4163 1578 4218 ibi
1596 4179 1710 4235 aspersa
1722 4167 1762 4217 est
1774 4165 1861 4216 utcum

240 4237 426 4310 improbando
439 4243 618 4300 convincens.
1081 4251 1181 4305 fratres
1200 4251 1403 4306 assurexissent
1417 4253 1451 4306 ad
1465 4253 1582 4324 vigilias
1597 4253 1773 4315 mirarentur,
1789 4247 1820 4300 ad
1828 4245 1862 4298 in·

277 4330 358 4383 Affli⁰
370 4330 481 4384 D0fflil¹i
496 4329 577 4398 ¹053,
594 4333 764 4388 Hunllredus
780 4336 815 4389 de
829 4322 1072 4408 vitullispaterll
1081 4340 1170 4394 ricem
1185 4355 1214 4394 se
1225 4340 1431 4410 interrogantes
1442 4347 1513 4395 nutu
1524 4345 1553 4395 et
1563 4341 1654 4414 signis
1666 4339 1730 4412 quid
1739 4333 1861 4394 hocvellet

239 4417 354 4487 Rogerii
365 4419 399 4472 de
414 4419 597 4487 Bellomonte3
616 4425 644 4475 et
658 4422 797 4478 albereda
808 4441 878 4479 uxor
896 4427 967 4496 ejus
983 4427 1039 4484 duo
1081 4445 1150 4483 esse.
1165 4428 1233 4492 Quae
1247 4429 1344 4484 omnia
1353 4429 1484 4504 praedicta
1500 4429 1593 4485 dietus
1607 4423 1860 4486 secretariusrecitu-

238 4505 421 4572 monasteria,
432 4523 520 4561 unum
536 4508 659 4562 uirorum
671 4514 699 4564 et
722 4510 842 4566 alterum
856 4514 1036 4582 seminarum,
1078 4517 1128 4578 vit,
1144 4523 1176 4572 ut
1188 4516 1264 4571 vidit.

236 4591 268 4646 in
283 4593 370 4648 fundo
384 4595 497 4648 Pratelli
510 4595 693 4653 aedillcarunt.
1113 4605 1184 4660 item
1208 4605 1297 4660 iratus
1311 4623 1359 4661 rex
1382 4605 1548 4664 Guillelmus
1563 4613 1662 4665 contra
1679 4605 1857 4666 Lansrancum

273 4681 561 4750 AnnoDominililbil,
573 4692 687 4741 sauctus
704 4687 856 4744 Anselmus
869 4691 898 4744 in
909 4692 1037 4761 Augusta
1078 4710 1142 4749 eum
1156 4693 1317 4749 alienavita
1332 4712 1384 4750 sua
1399 4697 1486 4759 curia.
1501 4699 1581 4768 cujus
1595 4695 1768 4754 consiliarius
1786 4685 1858 4745 exsti·

238 4768 456 4837 ¹¹⁰bi¹i⁰ilii³t0⁹
471 4774 656 4842 luae⁶⁰¹¹fl¹¹i⁵
671 4775 871 4846 Burgundiaess
879 4785 955 4834 estet
963 4779 1036 4834 Lon·
1079 4788 1162 4850 terat,
1175 4783 1240 4855 quia
1250 4783 1460 4840 contradicebat
1474 4787 1588 4858 nuptias
1599 4781 1775 4844 liliaecomitis
1786 4778 1858 4834 flaua

238 4858 391 4928 gobardiae,
404 4858 549 4927 oriundus,
562 4861 628 4916 licet
644 4863 731 4916 nobili
746 4872 893 4936 parentum
909 4870 1038 4940 prosapia
1080 4870 1157 4937 dria,
1174 4887 1257 4943 quarn
1272 4871 1332 4944 ipse
1347 4872 1399 4927 sibi
1414 4873 1470 4930 dux
1485 4876 1664 4947 copulaverat
1685 4865 1857 4928 matrimonio,

237 4951 333 5010 natus,
345 4947 512 5002 disertorum
527 4949 833 5021 studiismagistrorum
849 4956 877 5009 in
892 4955 968 5010 breri
979 4957 1037 5016 Deo
1079 4961 1146 5034 quia
1161 4959 1339 5032 proximitate
1356 4961 1448 5020 carnis
1470 4967 1499 5016 et
1521 4963 1759 5036 consanguinitate
1770 4959 1859 5029 junge·

237 5033 362 5090 donante
373 5043 542 5106 coaequatus,
552 5043 581 5093 et
590 5038 908 5110 perdirinamvisiouem
916 5046 1037 5101 adsedes
1078 5048 1190 5103 bantur.
1211 5047 1291 5110 Unde
1321 5051 1488 5106 auctoritate
1501 5051 1621 5108 Romani
1642 5049 1785 5125 pontificis,
1806 5045 1858 5096 tota

236 5123 348 5178 eoelicas
357 5125 515 5195 deniquein
523 5126 622 5197 spiritu
629 5134 736 5199 raptus.
751 5131 849 5186 salutis
867 5150 924 5187 suae
934 5151 1037 5191 arcana
1077 5137 1433 5210 Neustriasuppositaerat
1443 5139 1593 5196 interdicto
1606 5160 1612 5208 ;
1624 5133 1856 5213 quapropterLau·

236 5212 321 5268 verba
335 5213 482 5268 confestim
502 5214 616 5280 audivit,
630 5233 692 5287 quta
706 5234 762 5272 non
779 5222 866 5275 multo
884 5227 947 5294 post
961 5228 1035 5278 tem·
1077 5225 1188 5280 francus
1201 5225 1320 5280 Romam
1334 5226 1414 5283 adiit.
1439 5229 1566 5300 quamvis
1588 5229 1678 5284 iturus
1698 5229 1768 5284 esset
1785 5231 1854 5275 occa-

236 5316 304 5378 pore
320 5301 478 5374 complevit.
510 5303 636 5358 Audiens
664 5305 751 5376 igitur
774 5307 879 5364 famam
906 5313 1035 5382 magistri
1076 5315 1445 5386 sionequ'usdamhaeretici
1460 5317 1634 5390 Derengarii‚
1650 5321 1678 5372 et
1695 5304 1853 5388 tuncpraesi·

236 5389 463 5466 Laufranoi‚jam
479 5393 607 5447 monachi
624 5395 781 5468 Beccensis,
803 5403 831 5452 et
858 5399 966 5458 scholas
985 5399 1035 5455 ibi·
1075 5401 1160 5461 debat
1173 5403 1229 5461 Leo
1255 5409 1378 5470 octavus,
1408 5410 1435 5460 et
1454 5406 1540 5464 etiam
1564 5411 1597 5464 ut
1615 5411 1709 5480 ageret
1726 5418 1775 5477 pro
1792 5399 1852 5453 duce

234 5477 302 5535 dem
312 5479 435 5535 mentis
448 5485 478 5536 et
494 5481 629 5553 regentis,
653 5483 781 5541 omnium
804 5503 876 5562 pene
886 5487 1033 5548 doctorum
1074 5491 1335 5552 Northmannorum
1350 5497 1378 5548 et
1391 5509 1477 5554 uxore
1500 5495 1571 5570 eJ'us.
1594 5496 1684 5570 Igitur
1697 5494 1799 5550 locutus
1815 5485 1852 5540 tsi
