3970 6172
828 321 1024 378 EPISTOLAE.

560 572 906 683 RAYNALDI
944 573 1301 686 EPISTOLAE.

640 795 800 876 (province
813 795 1031 877 ecciderbstique
1045 795 1082 859 de
1097 797 1220 877 Rechts.)

502 1083 526 1140 1,
917 1080 1005 1164 Actis
1014 1097 1105 1138 causa
1114 1087 1217 1138 nostra
1226 1083 1285 1138 tore
1295 1083 1472 1156 promisistis.
1484 1086 1538 1142 Sed
1548 1089 1750 1159 paternitatem

284 1190 325 1236 m
346 1189 465 1236 cmm
485 1187 738 1236 enmusitaton.
953 1174 1074 1224 vestram
1089 1171 1226 1226 miramur
1240 1173 1393 1243 plurimum
1406 1173 1436 1228 in
1450 1175 1525 1230 calce
1539 1178 1629 1234 nostri
1643 1180 1750 1250 negotii

308 1265 345 1317 De
358 1263 558 1318 consecratione
569 1261 717 1316 lamberti.
953 1258 1144 1330 infrigidatam
1158 1261 1287 1329 existere,
1302 1279 1366 1317 curn
1382 1263 1455 1318 intra
1467 1265 1620 1324 terminum
1634 1268 1669 1322 ab
1681 1286 1751 1342 apo-

414 1350 507 1414 (Anno
522 1345 611 1419 1099.)
954 1348 1052 1402 stolioo
1064 1353 1162 1404 vestra
1177 1351 1391 1420 magnificentiae
1406 1353 1487 1408 electi
1502 1355 1591 1409 nostri
1604 1372 1752 1414 consecra·

148 1442 329 1504 armannus,
339 1439 433 1512 gratia
446 1439 497 1494 Dei
511 1438 665 1493 Remorum
675 1434 911 1510 archiepiscopus,
953 1436 1040 1492 tionis
1066 1437 1223 1507 injunctam
1248 1455 1299 1494 nec
1326 1441 1490 1497 solemniter
1511 1443 1615 1500 litteris
1640 1448 1751 1516 restris,

117 1532 218 1586 domno
232 1530 399 1586 (1111111111
413 1527 607 1598 universaeque
620 1524 814 1581 Atrebatensis
823 1525 914 1579 Eccle-
954 1529 988 1580 ut
1005 1525 1223 1594 arbitrabamur,
1243 1527 1279 1582 ad
1300 1531 1539 1587 consecrationem
1561 1534 1682 1592 electum
1700 1552 1753 1591 no·

116 1619 162 1675 sic
174 1617 388 1690 congregationi
403 1618 524 1672 salutern
537 1619 566 1670 et
578 1613 801 1670 benedictionem
817 1612 848 1668 in
861 1613 915 1670 Do
955 1617 1046 1668 strum
1068 1614 1196 1681 vocastis,
1213 1631 1264 1671 nec
1284 1616 1358 1672 diem
1380 1625 1488 1676 certum
1511 1621 1585 1677 infra
1598 1625 1754 1680 terminum

116 1705 192 1762 mino
205 1707 284 1762 Iesu.
956 1701 1133 1774 designastis.
1145 1704 1227 1759 Nune
1237 1710 1343 1773 autem,
1359 1723 1423 1762 curn
1437 1711 1609 1766 consecratio
1622 1711 1754 1785 deinceps

150 1794 309 1866 scripsistis
320 1793 402 1850 nobis
410 1797 550 1865 quatenus
564 1791 719 1848 terminum
729 1791 806 1846 vobis
817 1790 916 1845 rescri-
956 1791 1031 1846 infra
1039 1793 1224 1848 tricennalem
1236 1799 1341 1849 metam
1352 1797 1634 1868 nequitiieri‚saltem
1644 1803 1755 1858 litteras

116 1884 247 1940 heremus
262 1883 292 1939 in
305 1900 361 1955 quo
374 1883 494 1938 electum
512 1887 637 1936 restrum
660 1895 822 1936 consecrare
835 1879 917 1944 relle-
957 1885 1056 1936 restrae
1075 1881 1261 1949 auctoritatis,
1283 1899 1344 1955 quae
1365 1887 1517 1956 apostolico
1532 1889 1703 1958 deierantur,
1723 1896 1757 1948 ut

117 1973 319 2045 mns.ht‚quia
328 1971 502 2028 consecratio
511 1971 562 2026 illa
571 1985 628 2025 non
636 1969 727 2024 solum
737 1969 915 2036 adnostram,
957 1970 1017 2042 ipse
1037 1970 1132 2041 jussit,
1160 1987 1210 2041 pro
1235 1973 1444 2029 consecratione
1458 1976 1548 2032 nostri
1570 1978 1651 2034 electi
1674 1979 1756 2036 nobis

117 2079 214 2118 rerum
230 2062 315 2116 etiam
331 2061 366 2116 ad
385 2059 612 2132 coepiscoporum
631 2063 778 2117 notrorum
792 2063 917 2130 potesta·
958 2058 1026 2113 dare
1040 2059 1130 2114 velitis
1143 2059 1265 2133 plurima
1277 2077 1346 2133 pace
1359 2079 1516 2133 precamur.
1529 2064 1634 2122 Valeta.

118 2157 175 2208 tem
187 2153 270 2223 juxta
283 2165 422 2205 canonum
445 2149 618 2203 sanctionem
633 2147 774 2218 pertinere
796 2146 917 2209 ridetur,
1333 2149 1382 2205 Iv,

118 2240 192 2296 diem
207 2238 286 2294 robis
305 2237 388 2308 hrrjus
401 2236 619 2292 consecrationis
633 2235 739 2307 absque
756 2235 920 2290 eorumdem
1079 2253 1231 2299 1111111111
1250 2257 1291 2301 ‚qn
1312 2257 1458 2303 nemun
1479 2259 1502 2303 11
1524 2260 1637 2309 um,

118 2328 236 2384 conm'lio
258 2327 478 2399 haudquaquam
496 2324 706 2381 rescribendum
728 2341 789 2378 esse
803 2324 920 2394 dignum
1188 2328 1226 2380 lle
1239 2329 1365 2387 electione
1379 2331 1526 2386 lamberti.

120 2417 263 2474 duximus.
279 2415 334 2471 Sed
347 2433 411 2470 cum
423 2416 453 2470 in
468 2414 539 2470 testo
553 2419 656 2469 sancta
670 2413 765 2468 Maris
779 2390 952 2469 medianteB
1261 2417 1353 2484 (Anno
1371 2416 1459 2490 1093.)

119 2509 248 2579 Augusto
259 2503 633 2576 magnumetepiseoporum
644 2501 845 2560 etulericorum
857 2518 921 2557 con·
995 2499 1115 2556 Domitio
1140 2506 1168 2556 et
1190 2504 1417 2560 reverentissimo
1436 2513 1539 2564 sance
1554 2513 1583 2564 et
1601 2511 1761 2582 apostolica

120 2601 237 2652 rentum
246 2593 342 2650 Remis
354 2592 478 2648 habituri
492 2592 590 2656 simus,
604 2591 674 2646 illud
691 2591 765 2662 quod
775 2590 811 2645 ab
821 2591 862 2645 eis
875 2607 921 2646 su·
960 2588 1035 2642 sadis
1052 2605 1130 2660 papae
1147 2589 1261 2646 Uareno
1275 2591 1455 2658 marinus,
1473 2595 1537 2651 licet
1550 2597 1692 2670 indignus,
1708 2600 1761 2656 Dei

120 2701 171 2756 per
191 2683 247 2738 hoc
270 2681 415 2737 consilium
438 2680 638 2751 acceperimus,
662 2684 691 2734 et
712 2678 865 2734 terminum
891 2679 920 2734 in
960 2677 1054 2747 gratia
1076 2678 1228 2733 Remorum
1247 2676 1480 2753 archiepiscopus,
1497 2685 1607 2756 salutis,
1622 2686 1759 2760 obsequii,

120 2789 176 2847 quo
189 2770 321 2828 eumdem
337 2771 457 2824 electum
472 2772 597 2823 restrum
611 2766 763 2822 debeamus
777 2783 921 2824 consecra·
961 2764 1117 2837 debitasque
1139 2766 1320 2837 subjectionis
1341 2787 1444 2826 munus
1467 2771 1642 2830 uberrimum
1660 2775 1690 2830 in
1703 2776 1761 2832 Do·

118 2878 160 2930 re,
176 2861 257 2916 robis
270 2859 406 2914 mandare
420 2874 477 2913 non
491 2857 661 2913 difleramus.
674 2856 782 2912 Valete.
960 2853 1048 2911 mino.

502 2945 542 3001 11.
995 2943 1064 2996 Post
1077 2943 1197 2998 directas
1211 2944 1335 3015 primurn
1350 2946 1430 3002 nobis
1448 2964 1467 3002 a
1480 2950 1650 3020 paternitate
1667 2957 1762 3009 vestra

118 3052 497 3104 fflfflggfflfflgcwu
503 3050 745 3097 enuntiatas!
756 3049 921 3097 tristem
960 3031 1070 3086 litteras
1083 3031 1188 3102 placuit
1202 3038 1305 3100 restro,
1321 3035 1499 3092 serenissime
1513 3039 1605 3104 Pater,
1623 3041 1762 3112 apostola·

389 3128 425 3182 lte
443 3129 502 3194 q'us
517 3127 654 3180 electione.
962 3120 1005 3176 tui
1020 3127 1052 3175 ut
1064 3121 1166 3178 iterum
1182 3122 1252 3177 alias
1266 3122 1346 3177 nobis
1358 3124 1528 3196 dirigeretis,
1537 3135 1676 3202 praecepto
1688 3147 1762 3202 prea-

426 3215 514 3282 (Anno
534 3211 620 3283 1093.)
962 3209 1098 3280 cipientss
1117 3215 1255 3280 quatenus
1278 3211 1352 3266 infra
1365 3213 1482 3284 triginta
1498 3215 1607 3272 dierum
1626 3219 1760 3292 spatium,

152 3301 920 3374 1111111111111811111111111111111111111,
962 3303 1112 3370 postquam
1131 3304 1238 3355 vestras
1255 3301 1365 3356 litteras
1380 3301 1538 3360 rideremus
1555 3306 1760 3377 Atrebatensis,

117 3392 305 3448 dilectissimo
316 3391 454 3447 confratri
465 3396 494 3447 et
508 3391 700 3446 consacerdoti
712 3407 763 3446 ano
774 3391 922 3446 Leneanro
963 3386 1093 3443 Ecclesia
1120 3389 1239 3444 electum
1264 3389 1293 3444 in
1316 3390 1479 3464 episcopum
1511 3410 1673 3452 consecrare
1704 3413 1762 3454 non

117 3482 243 3537 salutern
257 3485 289 3536 et
301 3480 525 3536 benedictionem
537 3480 567 3534 in
583 3479 701 3536 Domino
717 3481 793 3534 lesu.
963 3475 1149 3531 differremus.
1160 3477 1275 3533 Addidit
1285 3484 1315 3533 et
1326 3480 1378 3534 hoo
1387 3481 1503 3537 solertia
1515 3488 1619 3552 vestra,
1630 3489 1663 3539 ut
1676 3484 1700 3540 si
1712 3485 1763 3541 ali·

152 3569 280 3625 Litteras
292 3585 362 3641 quas
371 3568 451 3623 nobis
461 3585 512 3640 pro
522 3567 732 3623 consecratione
744 3572 794 3622 tua
803 3567 923 3621 domnus
964 3580 1021 3635 qua
1031 3565 1111 3620 nobis
1120 3573 1281 3621 occurreret
1289 3584 1374 3622 causa
1383 3585 1440 3640 qua
1449 3587 1553 3628 munus
1565 3572 1634 3629 illud
1645 3573 1762 3644 aggredi

118 3654 923 3730 papadirexitsuscepimus,sedetearumquaetihidirectae
934 3653 1260 3768 Cformidaremus,eum
1269 3655 1347 3712 vobis
1356 3674 1419 3712 curn
1429 3659 1588 3716 litterarum
1599 3668 1763 3720 nostrarum

117 3751 186 3803 sunt
205 3747 351 3818 exemplar
365 3746 485 3801 vidimus
500 3764 506 3800 :
529 3762 599 3816 quas
619 3761 682 3800 cum
696 3743 922 3816 perlegissemus,
964 3742 1163 3813 astipulatione
1177 3746 1397 3801 consecrandum
1411 3747 1606 3819 dirigeremus.
1619 3752 1763 3824 susceptis

118 3835 287 3908 coepiscopo
298 3841 394 3890 nostro
407 3833 601 3890 suessionensi
615 3850 663 3888 eas
673 3832 923 3896 transmisimus,et
962 3831 1050 3903 igitur
1063 3833 1148 3902 hujus
1162 3839 1260 3888 vestrm
1274 3836 1468 3906 preceptionis
1482 3838 1618 3908 apicibus,
1640 3857 1676 3896 ne
1695 3840 1764 3912 quid

120 3929 153 3978 ut
164 3925 230 3996 ipae
244 3923 352 3979 caeteris
370 3923 556 3995 suffraganeis
571 3922 777 3978 transmitteret
788 3921 922 3993 precepi·
962 3920 1127 3974 inconsultis
1153 3922 1324 3992 coepiscopis
1346 3925 1436 3978 notris
1464 3931 1493 3980 et
1516 3928 1762 3985 consacerdotibus

121 4028 196 4082 mus,
207 4017 349 4084 quatenus
363 4011 397 4066 ab
411 4010 451 4068 eis
463 4016 577 4085 accepto
591 4011 707 4066 consilio
721 4016 776 4066 tuce
789 4009 923 4065 fraterni·
963 4025 1207 4080 praesumeremus,
1221 4027 1285 4064 curn
1299 4017 1409 4066 constet
1421 4013 1518 4084 utique
1532 4019 1590 4069 tarn
1604 4031 1637 4070 err
1652 4032 1762 4072 eorum·

123 4102 175 4156 tati
189 4101 421 4173 respondeamus.
430 4101 553 4173 Ideoque
567 4099 620 4155 tibi
634 4115 723 4171 usque
737 4103 850 4154 octavas
862 4114 925 4153 san·
965 4098 1029 4152 dem
1044 4114 1129 4168 quern
1147 4114 1179 4152 ex
1199 4100 1475 4156 nostraauctoritate
1490 4101 1617 4157 eamdem
1639 4104 1761 4175 pendere

123 4188 160 4242 ati
174 4189 296 4244 Andreae
309 4189 432 4261 aliquem
447 4190 573 4261 legatum
594 4195 674 4245 tuum
697 4188 733 4243 ad
748 4204 799 4242 nos
813 4187 924 4258 deleges
965 4186 1211 4252 consecrationem,
1223 4186 1420 4242 mandatorum
1429 4193 1586 4245 vestrorum
1597 4191 1762 4248 schedulam

122 4277 303 4344 mandamus,
318 4294 370 4349 per
390 4294 474 4351 quern
498 4284 554 4334 ture
577 4276 720 4333 dilectioni
738 4275 924 4332 rescribamus
965 4275 1001 4329 ad
1015 4275 1159 4329 universos
1173 4275 1208 4328 ad
1223 4291 1293 4346 quos
1305 4275 1457 4346 potuimus,
1470 4277 1621 4334 direximus
1634 4280 1761 4351 singulo·

121 4366 192 4437 quid
214 4383 301 4439 snper
314 4366 445 4422 omnibus
464 4367 519 4422 illis
533 4384 595 4439 quea
614 4368 649 4422 de
671 4372 699 4422 te
711 4367 834 4422 domnus
852 4381 925 4436 papa
965 4379 1085 4435 rumque
1099 4363 1232 4419 sciscitati
1246 4380 1344 4418 sumus
1357 4365 1525 4420 sententiam
1540 4363 1679 4438 quaterius
1690 4368 1761 4426 illud

121 4454 249 4525 injunxit
257 4455 349 4512 acturi
362 4472 470 4512 sumus.
482 4457 562 4512 Vale.
965 4451 1046 4507 nobis
1060 4468 1145 4523 super
1158 4453 1211 4506 hac
1219 4469 1249 4508 re
1264 4453 1412 4509 consilium
1423 4453 1611 4525 providerent,
1623 4458 1698 4529 quod
1709 4473 1762 4516 nec

502 4545 552 4601 111,
965 4546 1064 4596 restrae
1078 4541 1230 4596 obeditioni
1242 4540 1446 4606 obsecraretur,
1458 4548 1487 4598 et
1500 4559 1533 4598 ex
1546 4561 1601 4616 qua
1615 4545 1762 4604 Remensis

226 4650 311 4699 amu
330 4651 559 4698 Apggmgpsrs
572 4651 612 4697 qn
630 4649 824 4696 nmmum.
966 4627 1094 4684 Ecclesia
1116 4627 1237 4699 dignitas
1258 4645 1314 4684 non
1336 4629 1560 4686 imminueretur.
1584 4631 1684 4707 Itaque
1702 4636 1764 4693 haeo

357 4724 395 4778 lle
405 4725 532 4778 electione
542 4724 696 4786 ,Lambertt
966 4717 1093 4772 omnium
1107 4722 1136 4772 et
1149 4717 1355 4789 episcoporum,
1370 4723 1399 4774 et
1413 4719 1578 4776 clericorum
1600 4727 1764 4782 nostrorum

431 4812 522 4878 (Anno
539 4809 629 4880 1093.)
966 4822 1023 4863 una
1041 4823 1092 4861 von
1106 4805 1159 4860 fuit
1172 4811 1201 4861 et
1221 4807 1370 4874 sententia,
1386 4812 1418 4862 ut
1431 4824 1483 4864 nos
1498 4811 1611 4882 quidem
1629 4811 1664 4868 ab
1680 4814 1763 4871 electi

156 4897 271 4954 Dilecto
294 4901 323 4953 et
344 4897 374 4954 iu
396 4898 516 4955 veritate
539 4899 682 4970 diligendo
707 4903 736 4954 et
761 4896 926 4953 honorando
966 4894 1042 4950 illius
1051 4894 1260 4951 consecratione
1269 4899 1763 4970 mannmsuspenderemus,sedeum

119 4987 206 5044 Patri
218 4992 248 5042 et
268 4985 383 5042 domino
402 4988 554 5068 Rernauoo
569 4988 620 5043 Dei
634 4987 811 5043 ordinatione
825 4965 1054 5052 Remo-Drobis,
1064 5001 1128 5040 cum
1137 4985 1191 5040 hoc
1200 4990 1299 5040 vestra
1309 4985 1491 5058 preciperent
1500 4989 1611 5056 litters,
1622 4991 1765 5046 transmit·

120 5093 191 5132 rum
205 5076 414 5150 archiepiscopo
428 5079 520 5134 clerus
542 5083 572 5133 et
594 5078 714 5150 populus
735 5076 927 5132 Atrebatensis
966 5079 1101 5139 teramus,
1111 5079 1139 5130 et
1149 5073 1286 5144 quidquid
1295 5073 1361 5129 inde
1371 5074 1528 5132 altitudinis
1537 5083 1635 5133 vestre
1648 5078 1764 5134 solertia

123 5165 257 5220 Ecclesia
271 5182 335 5222 cum
351 5165 502 5223 Lamberto
516 5166 570 5222 etsi
589 5166 682 5222 inutili
697 5165 854 5222 sanctitatis
870 5181 927 5220 suae
967 5162 1125 5219 iaciendum
1134 5162 1297 5218 decerneret
1303 5161 1420 5218 arbitrio
1430 5170 1521 5220 vestro
1528 5164 1762 5236 relinqueremus.

125 5269 219 5319 terro,
238 5271 334 5310 veram
349 5255 527 5313 dilectionem
541 5273 606 5326 oum
627 5255 802 5313 orationibus
816 5259 845 5310 et
859 5254 926 5309 obe-
967 5252 1135 5308 Timuerunt
1144 5250 1220 5305 enim
1230 5256 1259 5304 et
1274 5249 1374 5306 timent
1387 5267 1423 5306 ne
1437 5251 1652 5308 cameracenses
1661 5268 1694 5308 err
1710 5253 1763 5310 hoo

126 5343 273 5399 dianfiam.
831 5393 835 5404 ,
966 5341 1039 5397 sacto
1066 5345 1181 5411 accepta
1205 5339 1360 5405 occasione,
1381 5355 1411 5394 se
1439 5355 1456 5394 a
1484 5338 1615 5394 Remensi
1640 5339 1765 5400 Ecclesia

160 5432 451 5491 Vestrreexcellentia
461 5433 591 5507 dignitati
600 5434 768 5506 multiplices
778 5432 928 5488 referimus
969 5430 1187 5501 abrumperent;
1206 5443 1269 5483 curn
1285 5432 1314 5482 et
1327 5426 1423 5482 civitas
1442 5442 1539 5481 eorum
1554 5427 1671 5483 alterius
1683 5431 1764 5502 regni

127 5523 236 5594 gratias
249 5525 316 5597 quia
326 5525 462 5582 hactenus
475 5531 622 5598 gratanter
635 5523 716 5580 nobis
730 5529 763 5579 ut
775 5523 839 5596 plur
849 5528 929 5594 pater
969 5520 1107 5576 habeatnr
1121 5523 1150 5572 et
1163 5499 1242 5587 regn
1257 5517 1337 5586 cujus
1349 5531 1398 5569 rex
1410 5514 1492 5570 nobis
1510 5519 1539 5570 et
1558 5515 1688 5574 Ecclesia
1707 5519 1765 5577 Ro·

126 5611 682 5688 juramenerhibuistisetbenignumros
691 5611 854 5684 erganosin
863 5627 930 5668 cun·
969 5624 1060 5665 manae
1072 5608 1131 5678 jam
1145 5610 1174 5660 et
1188 5621 1220 5660 err
1232 5605 1316 5674 longo
1328 5606 1455 5678 tempore
1463 5603 1636 5664 inimicatur.
1646 5607 1769 5668 Addide-

251 5715 388 5780 Persou.
411 5715 471 5778 or..
1242 5793 1246 5798 .
1379 5791 1384 5796 Ι
1609 5709 1649 5772 lt
