3970 6172
711 260 894 316 WlLLELMl
913 261 1097 317 GLUSIENS.
1118 261 1282 317 Mondou.

540 491 852 628 TEXTUS
903 494 1117 628 VITAE
1165 491 1462 628 IPSIUS.

219 754 246 814 3.
257 757 416 812 Benedictus
434 759 589 814 tolosanus.
614 760 656 812 Fit
671 760 833 814 inonachus.
856 759 1258 830 dltrsiurnAmiterpraesente
1268 757 1426 826 Airaldotill
1446 756 1620 812 Bremetensi
1635 754 1747 820 abbate,
1763 753 1823 806 viro

183 861 210 902 aa
225 849 331 914 recipit.
346 847 511 902 Benedictus
527 848 623 918 itaque
632 847 681 902 Dei
690 849 821 908 tantulus,
831 850 922 919 patria
931 849 983 902 To·
1025 848 1168 919 religionis
1184 865 1215 902 ac
1225 848 1460 919 sapientiaetitulo
1477 847 1505 902 ld
1521 847 1656 918 temporis
1665 841 1824 900 fatuosissi-

186 935 310 996 Insanus,
328 935 492 1006 parentibus
507 937 662 991 nobilitatis
687 937 770 991 titulo
789 953 844 991 non
859 937 983 991 obscuris
1024 954 1079 998 mo.
1092 936 1501 992 omniumfratrumconclusus
1520 945 1563 991 est
1578 945 1666 990 coetus
1681 935 1715 987 de
1730 931 1825 987 Patris

184 1023 422 1096 fuitprogenitus.
440 1026 516 1090 Quos
530 1033 625 1080 tamen
646 1027 707 1096 ipse
722 1027 811 1096 magis
826 1026 984 1096 insignibus
1026 1027 1340 1096 electionesubasportu
1357 1026 1517 1096 archangeli
1527 1026 1568 1080 sui
1583 1025 1620 1096 pil
1636 1023 1738 1078 tutoris
1754 1023 1825 1076 sim-

187 1119 290 1168 sanctae
299 1113 519 1167 conversationis
533 1113 678 1184 praeconiis
691 1113 856 1176 nobilitavit,
869 1115 934 1168 dum
946 1115 986 1168 lu·
1027 1117 1136 1186 pliciter
1150 1123 1273 1170 acturus
1285 1117 1363 1170 Tunc
1376 1116 1448 1168 lecto
1464 1116 1492 1168 in
1516 1114 1624 1168 abbatis
1647 1113 1826 1167 ordinatione

186 1201 255 1268 cifcr
270 1202 426 1256 matutinus
442 1219 473 1256 ac
488 1203 565 1257 sidus
576 1219 692 1257 aureum
705 1203 792 1257 noctis
808 1202 921 1257 umbras
936 1204 985 1258 de·
1027 1206 1141 1274 Regula
1155 1206 1352 1276 capitulo.eta
1368 1205 1481 1276 prefato
1503 1203 1604 1258 abbate
1619 1204 1694 1257 clare
1716 1207 1826 1272 aperte-

187 1291 307 1356 cutiens‚
323 1297 401 1345 astra
415 1307 531 1362 quaeque
541 1291 599 1346 suis
610 1292 760 1346 luculentis
775 1293 860 1346 radiis
873 1309 987 1363 exsupe·
1029 1312 1083 1366 que
1095 1295 1230 1364 exposito.
1246 1295 1294 1348 alii
1309 1295 1406 1357 alium,
1422 1299 1455 1348 ut
1466 1294 1579 1357 assolet,
1595 1293 1762 1348 acclamare.
1777 1290 1826 1344 alii

189 1381 272 1436 ravit.
286 1381 338 1435 llic
352 1396 415 1434 cum
427 1380 518 1435 adhuc
528 1380 607 1436 bone
618 1381 721 1435 indolis
731 1387 805 1435 esset
818 1382 987 1452 parentoso
1027 1383 1125 1450 alium;
1142 1383 1254 1454 quidam
1264 1383 1377 1454 quidem
1394 1382 1596 1446 Bertrannum,
1610 1381 1760 1452 quemdam
1774 1381 1828 1433 Cu·

188 1475 279 1540 patre,
297 1470 440 1524 Bernardo
457 1470 570 1524 nomine
584 1469 632 1537 (lt,
650 1470 708 1524 viro
727 1469 799 1524 bono
814 1477 841 1524 et
854 1471 988 1525 Christia-
1028 1472 1229 1534 miliacenscm‚
1242 1471 1408 1543 quietantia
1422 1471 1506 1525 homo
1527 1471 1668 1524 humanus
1684 1477 1714 1523 et
1726 1469 1827 1539 benig-

188 1557 437 1628 nissimoregulari
454 1557 987 1613 normainformandusinmonasterio
1028 1565 1167 1626 nosmet,
1194 1560 1347 1632 plurimum
1374 1576 1485 1630 quoque
1500 1559 1607 1615 habens
1625 1558 1771 1629 religionis
1783 1575 1828 1610 ze·

190 1646 285 1702 Sancti
302 1646 401 1700 Hilarii
414 1645 448 1706 (tt
464 1652 505 1701 est
520 1647 651 1712 traditus,
673 1647 722 1701 ubi
738 1649 866 1720 pueritie
880 1657 908 1702 et
920 1648 989 1702 ado·
1030 1650 1137 1716 lum,et
1147 1649 1300 1703 secundum
1322 1648 1479 1704 scientiam.
1495 1647 1626 1718 Plerique
1636 1663 1701 1701 vero
1716 1647 1828 1700 Aicium

190 1735 330 1790 lescentiae
349 1738 425 1789 caste
441 1743 469 1788 et
483 1734 575 1790 sobrie
590 1735 705 1790 vivendo
720 1753 808 1791 annos
828 1738 928 1807 exegit,
945 1737 990 1790 in·
1030 1737 1152 1808 priorem
1167 1737 1314 1792 monastici
1329 1738 1435 1792 ordinis
1447 1736 1669 1792 eruditissimum
1694 1740 1722 1789 et
1748 1735 1830 1789 disci-

189 1827 341 1894 tentusque
356 1822 465 1887 divinia,
493 1841 545 1878 nec
559 1841 615 1878 non
631 1832 659 1879 et
673 1826 813 1880 saecularis
824 1827 990 1881 litteraturae
1031 1827 1114 1898 plinae
1125 1827 1274 1881 severitate
1289 1825 1543 1897 insignem.Stabat
1556 1831 1651 1880 autem
1660 1823 1830 1878 Benedictus

190 1913 302 1978 studiis,
314 1911 366 1968 sub
375 1913 462 1984 patris
471 1915 599 1968 custodia
605 1914 741 1985 iuvenilia
750 1915 875 1987 corporis
884 1915 991 1970 deside-
1031 1922 1129 1971 noster
1141 1917 1175 1970 de
1184 1922 1274 1970 morte
1284 1917 1376 1970 Patris
1394 1915 1517 1970 defuncti
1532 1921 1635 1976 anetus.
1647 1921 1675 1968 et
1684 1913 1766 1984 quasi
1780 1927 1832 1983 pro

190 2001 233 2055 ria
247 2001 400 2072 frangendo
416 2001 550 2056 edomuit.
564 2002 618 2057 Sed
632 2019 697 2056 cum
710 2004 824 2057 tandem
840 2003 913 2058 idem
938 2020 1020 2095 cte-B
1031 2005 1092 2076 ejus
1109 2005 1205 2059 funere
1217 2005 1362 2060 sollicitus.
1375 2005 1479 2059 Fuerat
1491 2005 1594 2076 quippo
1608 2003 1649 2057 illl
1660 2019 1763 2072 genere
1770 2017 1833 2072 pro-

190 2089 306 2145 nobium
321 2107 337 2145 a
354 2091 478 2161 regulari
489 2092 603 2146 tramite
617 2093 822 2164 aliquantisper
833 2093 989 2148 exorbitare
1030 2095 1162 2166 pinquuS,
1178 2110 1277 2148 omnes
1300 2093 1459 2165 superiores
1484 2092 1537 2146 sibi
1565 2091 1667 2145 fratres
1685 2091 1833 2145 humiliter

191 2179 438 2244 animadverteret,
454 2179 558 2235 timens
573 2197 608 2234 ne
623 2181 695 2236 forte
721 2182 827 2236 ordinis
843 2182 989 2237 dissolutio
1031 2183 1208 2248 existimans,
1218 2182 1344 2254 nihilque
1356 2183 1450 2236 minus
1464 2197 1547 2252 quam
1558 2181 1593 2234 de
1603 2181 1646 2234 sui
1654 2179 1832 2251 promotione

190 2274 380 2323 remorantem
395 2269 530 2340 paulatim
547 2269 576 2324 in
602 2287 726 2341 praeceps
741 2271 874 2336 traheret,
891 2271 989 2325 simul·
1031 2271 1315 2342 anintopertractans,
1326 2288 1389 2326 cum
1404 2269 1497 2326 subito
1510 2276 1574 2325 vota
1598 2287 1630 2324 ac
1646 2269 1753 2340 judicia
1767 2285 1831 2322 om-

191 2373 246 2430 que
259 2373 393 2414 accensus
405 2358 561 2429 spiritualis
571 2359 710 2428 profectus
723 2360 873 2423 desiderio,
890 2360 924 2413 ad
937 2361 990 2414 lta·
1031 2360 1109 2414 nium
1124 2359 1265 2414 hincinde
1280 2360 1395 2414 reducta
1411 2360 1439 2414 in
1456 2361 1531 2414 hunc
1545 2376 1633 2414 unum
1647 2358 1829 2422 conveniunt,

191 2447 260 2502 liam
275 2445 413 2512 venit‚ubi
428 2446 462 2524 ab
472 2446 573 2501 abbate
582 2448 745 2502 monasterii
760 2448 853 2502 Sancti
867 2448 991 2502 Michae·
1032 2453 1063 2502 ut
1077 2465 1112 2502 ne
1127 2448 1210 2503 unius
1230 2449 1343 2518 quidem
1365 2448 1442 2503 favor
1466 2446 1501 2502 ab
1526 2464 1559 2502 eo
1579 2447 1750 2502 dissentiret.
1767 2446 1831 2500 L'na

191 2537 235 2599 lie,
253 2535 326 2606 quod
350 2537 380 2590 in
403 2535 471 2607 ipsis
501 2535 589 2590 ltaliae
612 2537 738 2591 faucibus
756 2553 883 2592 summus
898 2546 990 2592 vertex
1032 2538 1462 2602 omniumvoce‚unasententia,
1476 2537 1737 2608 quamvisclamans
1753 2535 1831 2589 inul-

191 2623 369 2696 Pyrchin'ani
381 2624 485 2678 montis
499 2625 592 2696 specie
606 2641 638 2678 ac
651 2624 787 2695 religione
802 2625 990 2680 venerandum
1031 2630 1147 2696 tumque
1158 2625 1282 2679 renitens
1310 2626 1429 2696 capitur.
1452 2631 1480 2680 et
1504 2626 1609 2680 electus
1620 2625 1657 2679 ad
1683 2625 1830 2678 ecclesiam

193 2713 301 2768 cunctis
313 2713 435 2768 ostendit
448 2713 589 2784 gentibus,
602 2712 721 2783 benigne
740 2719 886 2785 susceptus
901 2720 953 2769 est.
1030 2730 1094 2768 cum
1104 2712 1233 2767 laudibus
1243 2713 1363 2767 ducitur.
1379 2714 1443 2767 llaec
1458 2714 1493 2767 de
1510 2715 1572 2782 ejus
1588 2712 1732 2772 electione.
1745 2727 1833 2782 quam

227 2800 571 2872 teramnensem
599 2803 696 2872 itaque
720 2802 748 2855 in
776 2802 836 2856 dies
855 2802 991 2858 virtutum
1031 2819 1101 2874 puro
1116 2802 1365 2873 intuitujustoque
1378 2802 1476 2856 ordine
1494 2802 1541 2856 liei
1567 2800 1830 2867 nutuactafuerit‚

197 2890 614 2962 exercitiomagismagisquein
624 2891 867 2962 Deumproftcere,
880 2908 991 2946 morum
1032 2891 1128 2963 paucis
1137 2890 1279 2944 absolvere
1288 2891 1392 2956 curavi,
1414 2897 1446 2944 ut
1456 2891 1599 2946 evidenter
1614 2897 1710 2962 pateat
1721 2891 1833 2956 lectori,

195 2980 313 3034 lenitate
328 2985 357 3034 et
370 2979 533 3034 affabilitate
560 2979 588 3034 in
614 2997 740 3034 eruorem
769 2981 991 3035 suicunctorum
1031 2979 1124 3034 sivum
1139 2979 1260 3049 lapidem
1270 2979 1320 3033 Dei
1341 2979 1533 3044 Benedictum,
1550 2980 1747 3034 etcolumnam
1763 2979 1836 3032 veri-

195 3069 307 3124 animos
320 3069 423 3123 mirum
436 3070 463 3123 in
479 3070 591 3123 modum
612 3070 772 3124 accendere.
793 3069 893 3124 divinae
905 3070 992 3141 philo·
1033 3069 1100 3122 tatis
1110 3069 1160 3122 tali
1171 3069 1354 3122 fundamento
1371 3075 1400 3122 et
1419 3068 1484 3122 base
1508 3069 1551 3122 sui
1565 3068 1698 3122 introitus
1711 3069 1839 3121 inniten-

194 3158 299 3229 sophiae
310 3157 684 3212 rivulosinhianterhaurire
700 3176 707 3226 3
728 3164 911 3212 centaretum
926 3157 991 3212 ado·
1031 3156 1399 3226 tem,meritononp0tuisse
1412 3156 1475 3210 ullis
1486 3157 1589 3210 futuris
1614 3156 1835 3210 tribulationum

193 3245 363 3312 lescentibus
380 3247 414 3300 de
430 3246 611 3315 subjectione,
628 3263 692 3301 cum
706 3247 854 3316 juvenibus
870 3247 929 3318 ipse
942 3248 990 3317 ju·
1036 3243 1196 3300 turbinibus
1206 3245 1316 3298 concuti
1326 3251 1376 3299 aut
1387 3245 1557 3316 perturbari.
1574 3245 1700 3299 Antehac
1715 3243 1836 3298 enimin

190 3336 268 3390 venis
283 3335 318 3390 de
332 3335 505 3391 fortitudine.
518 3351 582 3390 cum
606 3334 719 3389 senibus
733 3335 793 3406 ipse
809 3341 937 3390 maturus
955 3336 989 3389 de
1014 3389 1027 3412 Ἰ
1037 3332 1120 3388 ltalia
1134 3349 1184 3402 per
1199 3332 1307 3403 aliquot
1318 3349 1408 3386 annos
1429 3332 1469 3386 vix
1482 3333 1600 3403 alicujus
1614 3333 1723 3404 praelati
1733 3332 1835 3386 electio

190 3423 338 3494 gravitate.
352 3423 454 3478 Etcum
465 3423 642 3478 forteomnes
653 3423 810 3478 honestatis
820 3431 849 3478 et
858 3423 990 3478 utilitatis
1003 3392 1129 3475 baudita
1151 3420 1255 3489 tuerat,
1267 3421 1311 3474 cui
1340 3422 1384 3474 vel
1405 3421 1483 3491 regia
1506 3438 1618 3482 manue.
1635 3421 1679 3474 vel
1699 3419 1834 3490 quaelibet

190 3511 283 3582 gtatia
297 3513 429 3572 anteiret.
447 3527 526 3582 aeque
541 3518 635 3566 tanam
651 3512 780 3566 omnibus
794 3513 905 3576 cherua,
920 3512 989 3566 nulli
1031 3509 1185 3580 perniciosa
1200 3514 1228 3562 et
1243 3509 1385 3564 saecularis
1400 3510 1516 3564 ambitio
1531 3527 1585 3564 non
1600 3510 1769 3582 subriperet.

191 3601 302 3655 invidiae
318 3601 445 3655 fomitem
461 3601 633 3655 ministrare.
659 3601 739 3655 Unde
765 3601 868 3655 factum
888 3607 930 3656 est
947 3607 988 3667 ut,
1066 3596 1092 3653 fi.
1102 3599 1169 3668 Ejus
1179 3600 1305 3652 electioni
1311 3602 1449 3668 opiscopus
1461 3601 1640 3652 Taurinensr's
1653 3601 1830 3652 contradicit.

192 3688 294 3744 merito
308 3689 444 3743 fratribus
457 3689 564 3743 cunctis
576 3689 764 3743 annuentibus
789 3695 817 3743 et
831 3689 930 3744 abbate
947 3691 990 3760 jn·
1032 3687 1093 3741 Non
1105 3692 1272 3741 tamentunc
1283 3687 1479 3742 deluitsolitos
1490 3689 1598 3759 antiqui
1610 3688 1699 3742 hostis
1712 3689 1785 3742 livor
1805 3693 1837 3740 et

192 3774 287 3842 beate,
303 3777 337 3830 ad
354 3777 540 3832 sacerdotium
565 3784 795 3847 promoveretur:
813 3779 892 3848 cujus
906 3778 990 3833 officii
1032 3775 1225 3830 laudiacum
1250 3776 1326 3831 enirn
1348 3777 1431 3847 hujus
1444 3783 1502 3830 tana
1520 3779 1605 3848 justae
1619 3777 1764 3830 electionis
1778 3793 1837 3830 non

192 3864 330 3936 dignitate
344 3866 383 3920 ita
397 3865 542 3920 humiliter
556 3873 583 3920 et
598 3873 761 3921 reverenter
777 3867 889 3922 functus
904 3876 946 3922 est
961 3873 993 3923 ut
1033 3865 1116 3918 modo
1126 3864 1321 3926 Ecclesiaefilii,
1334 3883 1430 3920 verum
1445 3865 1532 3921 totius
1548 3866 1636 3922 ltaliae
1657 3866 1836 3920 marchiones

193 3970 254 4008 sese
266 3953 413 4026 indignum
429 3955 532 4009 mentis
539 3955 648 4026 Judicio
664 3956 992 4026 semperclamitanevel
1034 3952 1169 4018 etduces‚
1199 3954 1351 4024 populique
1381 3954 1585 4026 applauderent
1607 3954 1740 4020 universi,
1757 3955 1837 4008 solus

192 4048 257 4114 post
285 4043 393 4114 aliquot
415 4043 476 4098 dies
502 4045 537 4098 ad
562 4043 651 4098 altare
676 4043 820 4098 oblaturus
837 4045 991 4100 accederet.
1033 4042 1214 4096 'laurinensis
1235 4043 1359 4112 pontifex
1378 4043 1569 4098 chunibertus
1582 4043 1691 4114 (ltqui
1706 4059 1738 4096 ex
1753 4041 1838 4096 bonis

192 4132 403 4203 Nonnunquam
418 4149 483 4187 vero
498 4139 595 4204 postea
609 4133 645 4188 do
660 4133 830 4204 predicante
844 4133 993 4188 didicimus
1033 4130 1123 4184 initiis
1132 4131 1598 4202 tualoscventusliabuit,superbiae
1608 4139 1675 4202 typo
1686 4131 1835 4186 intumuit.

113 4281 119 4290 ,
193 4237 257 4276 oum
270 4237 300 4276 se
316 4222 416 4276 missas
425 4239 509 4292 agere
533 4222 561 4275 in
574 4221 619 4276 die
639 4222 837 4294 proposuisset.
850 4229 993 4292 exspecta·
1035 4220 1068 4274 Et
1084 4235 1146 4273 cum
1161 4220 1261 4273 fratres
1277 4220 1356 4276 electi
1367 4221 1409 4274 sul
1424 4222 1661 4280 consecrationem
1673 4219 1708 4273 ab
1719 4237 1752 4273 eo
1769 4237 1837 4290 pos·

193 4310 276 4364 batsi
290 4311 362 4366 forte
377 4328 394 4364 a
412 4312 506 4382 priore
520 4311 589 4366 illud
600 4312 625 4365 ei
637 4311 794 4382 iuberetur.
802 4310 994 4365 indubitanter
1034 4309 1167 4374 tolerent,
1183 4307 1293 4363 bestiali
1310 4311 1424 4364 fremitu
1448 4311 1608 4380 indignans.
1622 4308 1651 4363 in
1670 4310 1730 4364 hec
1749 4310 1837 4362 rerba

194 4400 312 4454 credens
326 4399 496 4454 oblationem
512 4416 591 4454 suam
608 4400 712 4454 virtute
735 4399 899 4453 obedientiae
918 4399 992 4469 apud
1034 4399 1236 4453 contumeliosa
1246 4405 1274 4453 et
1294 4399 1474 4470 blasphemiae
1498 4400 1582 4471 plena
1599 4399 1716 4469 erupit:
1740 4420 1750 4448 ι
1767 4399 1838 4462 Quis

194 4486 287 4542 Deum
298 4488 499 4554 commendari,
512 4506 572 4560 quae
599 4489 750 4560 Scriptura
767 4488 927 4543 testimonio
942 4488 993 4541 ho·
1035 4495 1085 4550 est.
1097 4489 1146 4554 ait,
1158 4489 1211 4542 iste
1222 4489 1398 4548 benedictus.
1415 4487 1550 4559 quibusve
1569 4494 1648 4542 ortus
1661 4487 1836 4558 majoribus?

194 4577 430 4632 locautomatibus
439 4580 504 4648 jure
524 4577 672 4649 prefertur
686 4586 714 4632 ct
729 4577 860 4634 victimis.
1035 4577 1096 4641 Qua
1110 4576 1227 4631 audacia
1241 4593 1291 4630 seu
1306 4577 1483 4635 auctoritate.
1500 4577 1542 4630 vel
1557 4593 1574 4630 a
1597 4575 1699 4648 qulbus
1717 4593 1762 4629 me
1783 4575 1837 4630 ab·

232 4665 354 4720 balbos
362 4669 485 4734 elicitur.
505 4666 641 4721 Defuncto
653 4667 773 4737 denique
784 4667 832 4720 illo
840 4664 949 4730 abbate,
966 4670 995 4720 et
1035 4674 1112 4721 sente
1126 4666 1254 4720 electus?
1268 4685 1280 4718 r>
1296 4665 1337 4720 Ad
1352 4667 1411 4720 haec
1442 4683 1504 4721 cum
1528 4665 1628 4720 fratres
1642 4680 1783 4719 canonum
1804 4681 1837 4720 ac

195 4753 287 4807 adhuc
297 4759 429 4808 manente
441 4754 594 4825 insepulto,
617 4771 652 4810 ne
680 4757 752 4810 forte
781 4754 908 4826 improba
933 4756 1148 4844 luelelegulae
1172 4773 1229 4811 suaa
1248 4755 1445 4810 auctoritatem
1472 4755 1676 4824 praetendentes
1707 4755 1838 4809 dicerent

194 4841 837 4912 Taurinensispraesulissesecontracanonum
854 4844 993 4913 etreguloe
1035 4846 1197 4916 hujusmodi
1226 4845 1388 4899 electionem
1414 4845 1455 4899 illi
1484 4860 1539 4898 non
1563 4843 1669 4909 deberi,
1690 4845 1745 4898 nisi
1765 4844 1838 4898 forte

195 4937 293 4987 sancta
306 4931 419 4986 decreta
429 4948 463 4986 ex
473 4947 551 4987 more
558 4931 757 5005 interponeret,
782 4933 827 5005 pie
845 4939 875 4987 et
887 4933 994 4988 unani·
1034 4934 1472 5004 monachivitiosampravamque
1491 4947 1639 5003 personatu
1651 4948 1684 4985 ex
1695 4948 1838 4986 consensu

228 5073 271 5145 (l)
285 5075 312 5129 Is
328 5080 446 5128 mortem
458 5071 881 5141 obiitinmonasterioClusino‚
908 5074 990 5142 infra,
1033 5093 1089 5131 non
1100 5092 1199 5146 parum
1221 5093 1344 5129 censurae
1364 5081 1498 5136 meretur,
1516 5081 1547 5128 ut
1565 5073 1614 5144 qui
1636 5074 1834 5144 permittebat,

194 5161 255 5216 cap.
266 5142 310 5202 90.
1034 5154 1065 5202 ut
1076 5148 1168 5202 clerici
1196 5147 1320 5202 Ecclesiae
1335 5163 1400 5210 sure,
1414 5149 1605 5216 cujuscunque
1624 5147 1743 5204 ordinis,
1761 5150 1838 5200 reiut

231 5221 264 5282 (tt
279 5218 337 5271 Hoc
347 5215 375 5272 S.
388 5215 488 5270 Hilarii
497 5216 697 5272 monasterium
707 5218 791 5274 situm
802 5218 832 5272 in
844 5217 912 5271 urbe
922 5218 991 5273 Car·
1028 5223 1095 5288 jare
1120 5221 1296 5272 inatrirnonir‘
1317 5219 1570 5282 contuderarentur
1593 5219 1737 5269 risoribus.
1753 5217 1839 5280 Quod

192 5303 316 5343 caesone.
1033 5291 1085 5361 ipsi
1102 5289 1274 5359 improperat
1289 5290 1388 5342 Petrus
1404 5288 1531 5342 Damiani
1548 5289 1574 5340 in
1586 5287 1703 5357 epistola
1721 5288 1838 5343 adeum

230 5358 264 5426 ‹3›
277 5359 373 5414 Simile
387 5359 545 5431 exemplum
562 5358 648 5414 habes
663 5359 691 5412 in
717 5358 989 5432 saculisuperioris,
1033 5361 1156 5431 scripta:
1178 5361 1265 5430 etqui
1293 5377 1310 5412 a
1337 5359 1451 5413 Nicolao
1480 5375 1549 5428 papa
1572 5360 1838 5413 excommunicatus

190 5444 255 5500 pag.
271 5430 331 5486 ibi.
1032 5432 1093 5486 fuit.
1111 5432 1183 5501 quod
1200 5431 1227 5483 in
1246 5437 1381 5484 conventu
1398 5430 1596 5484 Mediolanensi
1612 5445 1674 5482 curn
1690 5429 1756 5482 aliis
1795 5432 1838 5484 ui·

219 5499 261 5623 1qli
279 5500 884 5572 DuriusquideminChunibertumauctor
912 5503 988 5570 loqui
1034 5502 1149 5557 busdam
1164 5502 1300 5572 episcopis
1314 5503 1452 5555 concessit
1466 5501 1572 5554 clericis
1597 5500 1762 5554 facultatem
1803 5519 1836 5556 a·

191 5567 217 5622 vl
238 5577 310 5639 etur,
328 5571 449 5644 sedipsa
476 5573 641 5629 Chuniberti
667 5573 770 5642 agendi
788 5574 860 5628 ratio
873 5573 985 5642 inullis,
1030 5574 1114 5629 bandi
1130 5590 1239 5630 uxores.
1256 5573 1325 5627 Vide
1339 5573 1414 5627 infra
1424 5589 1503 5644 capp.
1516 5577 1572 5628 tet
1586 5571 1630 5626 ll.
