3934 6174
113 256 155 318 di5
433 257 473 314 ln
491 258 525 314 D.
544 257 653 315 PAULI
670 259 781 318 EPIS‘I'.
801 259 988 318 COidhiENT.
1009 287 1044 302 ·-
1062 257 1177 320 EPIST.
1197 259 1209 315 Ι
1228 258 1276 316 AD
1295 257 1369 316 Tibi.
1663 245 1718 303 ³⁴0

113 383 150 456 qni
160 380 248 438 dilexit
257 397 307 438 noa
316 385 345 438 ct
356 380 435 438 dedit
449 383 669 440 consolationem
684 391 828 453 aternam,
845 386 977 441 mittendo
986 385 1127 442 obviatum
1141 385 1183 440 oet
1193 383 1479 455 Spiritumaanetum,
1489 386 1604 454 etspem
1612 378 1717 434 bonam

112 470 233 542 ingratia,
250 486 306 526 non
319 471 604 537 meritta,exhortetnr
615 474 700 528 corda
713 479 815 540 restra,
829 479 858 530 et
871 473 1058 530 confirmatio
1074 473 1151 529 omni
1161 490 1245 546 opere
1258 479 1287 528 et
1301 489 1431 528 sermone
1442 472 1526 527 bono.

731 567 821 630 182
831 561 948 620 CAPUT
963 561 1015 618 111.

138 650 171 704 De
178 653 282 713 catera,
292 648 404 713 iratres,
415 652 493 703 orate
499 664 550 720 pro
561 647 642 704 nobis
650 654 683 704 ut
691 666 784 706 sermo
794 651 855 718 Dei,
864 652 1141 722 qaeaapraoicamas,
1148 656 1253 718 currat,
1264 667 1320 706 non
1331 653 1487 720 rejiciatur,
1495 653 1525 704 et
1535 647 1715 703 clarificatum

111 739 169 794 deut
181 741 216 802 et,
225 739 329 791 scilieet
340 736 506 808 atiar,apud
517 743 694 805 sanctorale
705 744 738 793 ut
751 738 945 795 liberemurab
959 738 1128 810 importunis
1141 737 1487 808 etmalishominibua,qui
1493 738 1570 791 nobis
1579 735 1718 788 insidian-

112 829 215 880 tarteota
229 827 412 894 antipositio),
426 841 483 880 non
497 826 573 882 enim
591 827 717 883 omnium
733 834 777 883 est
791 829 870 896 fides,
880 828 904 894 l,
913 826 941 885 i.
952 827 1056 882 Fidelis
1063 831 1156 882 antem
1165 827 1303 882 Dominus
1310 831 1362 894 est,
1375 827 1423 898 qui
1434 823 1611 880 confirmabit
1626 825 1717 886 vos,ot

111 913 227 970 custodiet
236 929 255 967 a
265 913 896 979 malo,dioboto.(lonildimusaute1nderobia
910 916 1065 971 inDomino
1075 915 1208 986 quoniam
1226 932 1288 986 qua
1302 915 1477 986 praecipimus
1491 920 1521 968 et
1531 913 1623 968 facitis
1636 916 1665 967 et
1677 910 1717 964 ia·

111 1001 180 1056 cistis.
193 999 216 1057 3.
233 1001 371 1057 Dominus
389 1007 485 1056 autem
498 1002 604 1073 dirigat
616 1004 700 1059 comta
713 1011 807 1060 restra
819 1006 848 1061 in
862 1005 1000 1060 charitate
1014 1004 1073 1068 Dei,
1086 1008 1117 1057 at
1133 1005 1219 1059 licum
1230 1007 1401 1072 atilipatta,et
1412 1001 1549 1074 patientia
1561 1001 1676 1066 Christi,
1690 1004 1715 1054 et

110 1105 150 1160 pro
161 1105 185 1144 eo
195 1091 361 1158 patiamini.
376 1089 582 1146 Denuntiamus
597 1097 692 1148 autem
703 1092 791 1162 vobis,
799 1094 947 1161 fratres,in
962 1092 1076 1148 nemine
1082 1092 1192 1147 Domini
1206 1093 1295 1147 nostri
1305 1093 1371 1148 teau
1381 1091 1494 1158 Christi,
1506 1096 1538 1146 ut
1547 1088 1719 1144 subtrahatis

111 1195 148 1234 roa
154 1178 185 1233 ab
194 1177 271 1233 omni
278 1179 366 1232 fratre
378 1177 540 1233 ambulante
548 1178 717 1246 inordinate,
728 1188 807 1236 cetra
820 1185 895 1236 otum
909 1187 988 1236 recta·
997 1183 1071 1248 fidei,
1082 1185 1110 1234 et
1120 1197 1176 1235 non
1186 1179 1536 1242 secundumtraditionem,
1547 1195 1631 1250 quam
1641 1193 1718 1231 acce.

110 1271 194 1338 pamm
204 1281 218 1319 a
229 1265 322 1322 nobis.
333 1266 361 1320 t.
370 1265 428 1336 ipsi
441 1265 516 1322 enim
524 1267 602 1322 scitis
619 1269 856 1339 quemadmodum
867 1275 996 1340 oporteat
1006 1268 1111 1324 imitari
1121 1286 1181 1336 nos,
1194 1269 1326 1341 quoniam
1341 1286 1397 1324 non
1406 1267 1637 1340 inquietituimus
1646 1266 1720 1320 inter

110 1357 240 1420 ros,hocet
252 1358 319 1412 ittae
331 1362 470 1424 mantes,
484 1357 778 1431 nequegratiapanem
789 1358 1019 1414 manducavimus
1033 1357 1068 1412 ab
1082 1357 1186 1428 aliquo,
1199 1359 1248 1413 sed
1263 1359 1293 1413 in
1312 1357 1407 1413 labore
1421 1359 1510 1426 operis
1526 1371 1674 1420 manuum,
1691 1359 1720 1408 et

110 1442 132 1498 in
141 1443 295 1514 fatigatione
301 1445 518 1513 predicationis,
530 1451 611 1499 nocte
619 1449 756 1515 operando
765 1449 903 1511 inertibus,
913 1452 941 1500 et
947 1446 992 1500 die
999 1447 1172 1514 predicando
1181 1453 1329 1517 operantes
1336 1449 1495 1515 ‘strirnaane
1505 1460 1588 1515 quem
1596 1446 1720 1496 restrum

109 1547 281 1602 gravaremus.
295 1533 334 1588 Ne
346 1534 409 1600 quie
434 1533 612 1602 objiceretur:
626 1549 681 1588 non
689 1539 806 1603 poteras.
817 1535 880 1589 Non
890 1535 971 1604 quasi
984 1550 1040 1589 non
1054 1533 1235 1589 habuerimus
1246 1540 1423 1605 potestatem,
1435 1534 1523 1588 sedut
1533 1531 1720 1602 nosmetipsos

109 1619 208 1676 formam
222 1619 663 1676 daremusrobisadimitandum
674 1638 735 1677 nos·
746 1622 772 1679 5.
784 1623 856 1678 Nam
871 1629 975 1678 etcum
991 1638 1116 1677 essemus
1136 1623 1210 1694 apud
1226 1639 1283 1689 ros,
1300 1623 1352 1678 hoc
1367 1620 1604 1678 denuntiabamus
1616 1618 1692 1674 vobis
1711 1636 1717 1672 :

109 1708 221 1778 quonum
236 1709 333 1780 siquis
341 1725 398 1764 non
408 1709 467 1764 vult
476 1710 597 1780 operari,
608 1726 659 1765 nec
667 1712 826 1766 manducet.
839 1715 917 1768 ltatio
926 1727 978 1766 cur
987 1713 1089 1766 loboris
1103 1715 1149 1766 sut
1159 1715 1326 1766 mentionem
1340 1713 1443 1780 feeerit.
1461 1708 1629 1764 Audivimus
1644 1707 1720 1761 enirn

110 1797 219 1852 interme
229 1797 368 1868 quosdam
385 1796 530 1852 ambulare
538 1797 673 1869 inquiete,
681 1802 771 1854 otiose.
784 1800 853 1856 nihil
865 1804 1025 1871 operantes,
1036 1800 1085 1854 sed
1094 1799 1203 1856 curiose
1212 1805 1337 1870 agentes,
1347 1797 1719 1862 rumorizanteslisantem,

111 1887 150 1957 qui
163 1886 299 1957 ejusmodi
310 1893 386 1952 sunt,
399 1886 609 1954 denuntiamus,
630 1886 843 1944 etobseeramus
857 1889 885 1942 in
900 1888 1019 1943 Domino
1033 1889 1099 1943 teau
1113 1889 1235 1954 Christo,
1250 1894 1360 1943 uicum
1376 1887 1488 1942 silentio
1503 1903 1538 1940 ne
1552 1889 1608 1940 sint
1618 1886 1722 1938 curiosi

111 1979 177 2028 etiem
187 1981 347 2048 operantes,
357 1991 451 2038 auum,
466 1991 522 2030 non
532 1979 649 2030 atterius
664 1992 766 2047 panem
778 1978 957 2032 manducent.
966 1977 1026 2031 Vos
1035 1983 1131 2032 antem
1146 1977 1256 2044 tratres,
1273 1977 1360 2032 nolite
1370 1977 1490 2030 deficere
1505 1973 1721 2039 benefacientes,

110 2067 149 2131 pai
159 2065 325 2134 benefacitis,
342 2067 427 2120 notite
441 2066 551 2133 deficere
559 2081 570 2132 ;
584 2067 625 2118 oet
639 2067 664 2118 st
676 2068 803 2119 nesciunt
817 2067 938 2134 operari,
953 2069 1084 2121 sustinete
1093 2083 1143 2121 eoa.
1158 2065 1188 2121 6.
1203 2065 1284 2130 Quod
1299 2065 1322 2119 si
1337 2063 1400 2135 quis
1413 2080 1470 2118 non
1480 2060 1662 2118 obeditverbo
1670 2076 1723 2114 no·

111 2155 165 2219 stro,
178 2155 249 2222 qaod
261 2170 312 2222 per
325 2155 476 2223 Epictetum
490 2156 641 2222 loquimar,
655 2169 707 2224 per
721 2153 869 2225 epistolam
881 2153 955 2208 hunc
966 2161 1071 2219 notate,
1091 2157 1202 2222 orpuite
1227 2155 1380 2222 separando
1404 2169 1422 2206 o
1445 2154 1539 2216 vobim
1554 2155 1583 2206 et
1596 2165 1632 2205 ne
1645 2163 1722 2203 com·

111 2241 268 2298 misceamini
280 2259 345 2298 cum
359 2242 417 2308 illo,
433 2247 465 2297 ut
479 2241 683 2310 confundatum
699 2247 728 2298 et
742 2243 829 2298 nolite
843 2242 924 2314 qnasi
935 2242 1081 2298 inimicum
1092 2242 1262 2308 existimare,
1277 2242 1327 2297 sed
1337 2239 1469 2312 corripite
1484 2244 1516 2294 ut
1523 2241 1649 2294 tratrem.
1659 2237 1723 2309 lpse

109 2337 186 2385 autem
199 2332 275 2386 Deus
291 2331 368 2404 pacis
382 2331 430 2386 det
443 2331 520 2386 robis
529 2347 626 2402 pacem
642 2331 843 2402 sempiternam
853 2332 883 2386 in
897 2332 975 2386 omni
989 2333 1061 2386 loco.
1076 2332 1213 2386 Dominus
1229 2331 1267 2386 sit
1279 2346 1343 2384 cum
1356 2329 1485 2383 omnibus
1500 2328 1586 2384 vobis.
1599 2325 1626 2383 7.
1641 2325 1724 2382 Salu-

109 2418 172 2483 tatio,
187 2435 250 2475 mea
262 2435 349 2474 manu
363 2418 442 2474 Pauli
452 2423 565 2489 scripta,
582 2420 657 2492 quod
670 2427 714 2474 est
727 2421 841 2492 signum
853 2419 883 2474 in
897 2418 975 2473 omni
989 2419 1132 2492 Epistola,
1149 2419 1190 2475 ita
1204 2419 1304 2474 scribo.
1322 2418 1421 2474 Gratia
1430 2417 1543 2472 Domini
1558 2414 1647 2472 nostri
1657 2415 1724 2470 teau

107 2506 195 2562 Christi
208 2524 274 2564 cum
289 2506 419 2563 omnibus
432 2508 522 2574 robis,
535 2509 635 2563 Amen.
1667 2499 1669 2504 ’

760 2597 1057 2658 COMMENTARIUS.

133 2683 208 2740 CAP.
219 2686 311 2742 tlt·
323 2685 347 2744 i.
356 2687 464 2743 Lama.
475 2687 684 2752 Fidelisautem,
695 2684 784 2752 idest,
795 2701 887 2752 verax,
930 2687 997 2761 quia
1006 2704 1054 2743 roa
1065 2703 1127 2742 mm
1139 2685 1225 2742 scitis.

108 2773 146 2842 qui
159 2773 320 2830 adiuturum
334 2791 365 2830 se
375 2774 506 2846 promisit
530 2773 660 2830 fidelibus
683 2774 742 2829 suis
756 2789 845 2845 usque
859 2775 889 2829 in
964 2777 991 2831 5.
1007 2777 1080 2832 Nora
1095 2781 1119 2830 et
1134 2793 1197 2831 eum
1209 2792 1336 2830 msernua.
1349 2774 1413 2829 ntia
1426 2774 1508 2842 ratio,
1525 2773 1616 2830 curin
1630 2771 1726 2827 labore

105 2862 178 2920 mem
190 2865 295 2923 monti.
930 2868 959 2918 et
966 2864 1132 2936 fatigatione
1146 2865 1319 2920 incessanter
1333 2865 1408 2936 apud
1423 2866 1610 2934 eosoperatus
1620 2861 1672 2929 sit;
1687 2860 1727 2915 sic

133 2951 157 3006 2.
165 2955 289 3010 meos.
300 2955 402 3010 Fidelis
420 2959 522 3009 autem.
534 2954 594 3009 Hoc
608 2954 644 3009 ad
655 2953 742 3009 verba
754 2951 889 3008 orationis
930 2953 1005 3008 enim
1021 2953 1060 3008 eis
1071 2953 1172 3018 iacere,
1190 2955 1256 3008 dum
1268 2953 1342 3024 apud
1353 2969 1401 3007 eos
1411 2957 1493 3017 esset,
1509 2949 1653 3006 suadebat.

106 3055 157 3110 que
168 3043 270 3098 lecerat
280 3042 413 3099 reddidit.
468 3111 471 3116 1
966 3041 992 3097 e.
1005 3044 1133 3102 hunnos.
1150 3044 1226 3111 Orod
1248 3046 1273 3097 n'
1287 3044 1359 3112 orsis,
1382 3040 1410 3096 id
1437 3045 1488 3105 est,
1507 3056 1557 3111 per
1573 3037 1727 3110 Epistulam

134 3129 159 3183 3.
168 3133 302 3187 horninur
317 3137 411 3188 eutem
425 3133 540 3200 diripot,
556 3131 584 3186 id
598 3135 651 3196 est,
661 3129 890 3201 contingatvobis
930 3131 1083 3203 loquimur.

107 3231 260 3287 permanere
275 3221 304 3276 in
319 3221 367 3276 illa
380 3220 528 3278 charitate.
542 3237 604 3291 qua
616 3225 659 3274 est
673 3235 742 3290 erga
758 3235 833 3281 cum,
850 3225 893 3274 to-
967 3221 993 3274 7.
1007 3220 1146 3276 Sattatotio
1156 3235 1225 3274 meu.
1244 3220 1302 3274 Hoc
1321 3217 1432 3288 adjecit,
1447 3217 1514 3288 quia
1528 3215 1577 3288 qui
1594 3231 1727 3270 coneum·

106 3305 213 3362 lemnus
223 3307 339 3363 etiamsi
360 3306 466 3379 aliquid
482 3307 628 3361 conveniat
645 3323 696 3377 pro
722 3323 755 3361 eo
769 3305 837 3377 pati.
858 3306 894 3361 Et
933 3307 1087 3364 mationem
1100 3309 1196 3364 saculi
1208 3308 1338 3363 dicebant
1352 3324 1413 3362 ease
1426 3302 1730 3378 propinquamsuade-

107 3395 169 3464 quod
182 3396 263 3462 dixit,
276 3395 328 3452 Dei
345 3401 375 3451 et
388 3395 504 3460 Christi,
521 3394 712 3450 incommune
727 3394 755 3448 id
769 3395 892 3467 positum
933 3396 1003 3451 bant
1017 3399 1069 3452 hoc
1095 3398 1176 3469 quasi
1201 3413 1234 3452 ex
1258 3395 1383 3467 Epistola
1397 3394 1543 3466 Apostoli3
1564 3393 1617 3448 hoc
1633 3398 1729 3447 autem

106 3499 155 3537 ease
167 3485 287 3540 ridetur.
933 3484 1047 3540 additur
1060 3491 1092 3540 ut
1105 3485 1174 3540 anihil
1193 3485 1364 3541 contrarium
1390 3483 1528 3564 recipiant
1539 3481 1584 3537 his
1602 3497 1666 3553 quse
1685 3479 1731 3534 hic

134 3573 157 3627 l.
167 3573 272 3632 ham.
287 3575 343 3644 lpsi
358 3576 435 3628 enim
446 3575 531 3628 scitia
543 3572 629 3637 Quasi
644 3572 750 3627 diceret
760 3594 766 3629 ε
777 3572 840 3627 Non
851 3577 894 3628 eat
933 3573 1037 3646 scripta
1051 3579 1125 3629 sunt.

107 3677 164 3732 apua
176 3668 208 3719 nt
222 3679 363 3735 exponam
377 3663 451 3718 hanc
463 3661 655 3728 traditionem,
667 3661 703 3716 de
713 3677 770 3733 qua
783 3661 892 3733 loquor,

147 3907 156 3926 ⁸
198 3981 473 4077 arrarum
515 3979 564 4072 Β.
603 3979 774 4074 raum
803 3977 1089 4074 nrosmm
1128 3983 1205 4075 nn
1241 3979 1579 4074 amomum
1617 3979 1638 4070 1

408 4129 500 4194 CUM
519 4129 811 4193 INTERJECTIS
835 4131 871 4193 B.
896 4130 1148 4195 LANFRANC!
1170 4131 1406 4197 GLOSSULIS

808 4269 1042 4289 m

141 4379 227 4442 183
234 4371 631 4430 moummna.'rimotheum
647 4370 764 4426 instruit
777 4375 806 4426 et
818 4371 899 4428 docet
938 4373 1014 4428 stieaa
1026 4373 1189 4445 disciplina,
1213 4373 1337 4428 scribens
1349 4371 1375 4428 ei
1389 4389 1407 4427 a
1420 4371 1556 4428 Laodicea
1569 4386 1619 4443 per
1634 4371 1734 4444 'lychi-

108 4461 136 4516 de
148 4464 324 4518 ordinatione
338 4461 527 4533 episcopatus,
541 4465 569 4515 et
580 4459 712 4526 diaconii,
724 4477 757 4514 ac
769 4461 898 4516 eeclesia·
938 4477 1002 4516 cum
1017 4461 1177 4518 diaconum.

332 4537 336 4546 '
775 4549 1062 4607 carurrnmnn.

134 4639 236 4696 Paulus
242 4637 738 4713 Apostolustesnchristisecundum
752 4637 903 4709 imperium
916 4638 966 4694 Dei
975 4640 1128 4697 salvatoris
1143 4643 1242 4711 nostri,
1255 4648 1284 4699 et
1293 4642 1398 4698 christi
1411 4642 1478 4697 Jesu
1494 4641 1674 4712 speinostrae,
1685 4647 1736 4708 qut

108 4734 139 4782 ut
155 4747 210 4799 epm
221 4735 327 4796 nostra,
337 4728 595 4784 Timotheodilecto
610 4727 668 4782 tilio
683 4727 712 4780 in
727 4726 792 4790 tide,
810 4743 890 4796 quem
904 4731 935 4782 in
948 4731 1000 4796 tide
1013 4736 1108 4800 penui.
1121 4733 1228 4799 Gratia,
1239 4732 1431 4788 misericordia
1441 4737 1534 4801 (come
1554 4733 1630 4785 inter
1643 4732 1736 4798 effecta

107 4835 151 4872 ruo
161 4821 302 4890 posita)at
314 4835 368 4891 pax
381 4818 463 4873 aDeo
473 4819 557 4872 Patre
565 4823 594 4872 et
603 4815 714 4871 Christo
725 4816 740 4871 J
743 4831 793 4870 esu
805 4815 1036 4874 Dominonostro.
1054 4821 1134 4877 Sicut
1145 4823 1240 4894 rogavi
1255 4828 1284 4877 te
1297 4828 1330 4878 ut
1355 4835 1517 4876 remaneres
1540 4819 1651 4891 Ephesi,
1672 4833 1737 4872 cum

107 4905 205 4963 bomin
216 4906 423 4972 Macedoniam,
436 4907 597 4974 bocropaei,
612 4909 644 4962 ut
653 4904 834 4960 denuntiares
841 4904 1008 4975 quibusdam
1016 4925 1051 4963 ne
1062 4910 1145 4964 aliter
1155 4911 1297 4978 docerent,
1306 4926 1392 4982 quom
1400 4926 1459 4971 noe,
1471 4909 1494 4962 l.
1506 4905 1737 4980 nequeintende-

107 5002 163 5052 rant
175 4997 282 5052 tabulis
291 5001 320 5051 et
328 4995 357 5054 2.
367 4995 541 5067 genealogiis
550 4993 749 5060 interminatis,
757 4996 817 5048 atne
828 4996 956 5060 termino,
966 4999 1127 5068 indefinitis,
1142 5003 1183 5056 oet
1192 5001 1340 5071 prohibitis
1354 5015 1435 5068 arae,
1443 5001 1737 5068 inquirerentor;qua

770 5100 1070 5163 COMMENTARIUS.

137 5213 216 5268 CAP-
230 5208 319 5268 1.-t.
338 5210 462 5266 Menos.
476 5210 569 5278 Neque
581 5207 812 5262 intenderentEo
825 5206 900 5277 quod
940 5214 1070 5271 videlicet
1079 5215 1180 5271 vixerit
1190 5215 1378 5271 Mathusalem
1394 5219 1423 5270 et
1432 5213 1535 5269 caeteri.
1547 5210 1601 5266 Vel
1622 5226 1737 5281 genera·

106 5299 189 5355 ludaei
202 5306 273 5355 tunc
286 5299 406 5353 mulum
420 5296 634 5352 solticitudinem
654 5293 856 5367 expendebant,
868 5299 902 5349 ut
941 5306 1064 5362 tionibus
1080 5305 1195 5366 christi·
1212 5304 1351 5376 quomodo
1381 5301 1558 5361 concordent,
1578 5299 1622 5352 γει
1635 5297 1739 5352 dim.

107 5390 285 5445 fflssdmssi
300 5387 444 5444 Christum
457 5402 514 5442 ¹¹⁰⁰
527 5401 560 5441 0¹
572 5383 726 5451 ahraham,
740 5383 789 5439 sed
804 5399 837 5438 ΒΧ
852 5383 902 5438 ⁰⁸·
941 5397 1023 5465 dent;
1036 5395 1147 5451 ridetur
1162 5395 1239 5451 enim
1263 5391 1422 5448 discordare
1444 5388 1484 5443 ibi
1511 5387 1599 5442 Lucas
1625 5403 1642 5441 a
1669 5385 1740 5441 hiat·

107 5478 147 5532 rid
161 5477 349 5532 descendisse.
942 5487 1026 5542 ΜΟ,

137 5565 165 5624 t.
176 5567 283 5626 Laura.
298 5565 476 5634 tenuicula.
489 5561 733 5628 (lacerationibus,
750 5560 902 5636 quotannis
