3934 6174
106 247 157 312 25³
264 309 271 318 ,
450 249 491 306 lN
508 247 543 306 lt.
562 248 671 306 PAULI
689 248 801 308 mter.
823 247 1007 310 comunt.
1026 279 1061 292 -
1079 245 1191 306 er1s'r.
1211 248 1237 306 ll
1255 248 1305 306 AD
1323 248 1405 306 COR.
1690 234 1744 298 25⁴

104 373 215 431 tidiena
227 375 295 444 luit,
309 371 469 430 sollicitudo
482 369 607 428 omnium
623 372 820 428 Ecclesiarum.
829 374 881 427 Per
894 371 1092 440 parenthesim.
1103 369 1148 426 et.
1160 369 1228 435 Quis
1240 371 1411 442 infirmatur,
1421 377 1450 429 et
1460 387 1512 444 ego
1526 367 1741 427 noninflrmort

104 466 283 520 madelando.
299 462 367 529 Quis
381 461 596 529 scandalizatur,
613 468 642 518 et
656 478 718 535 ego,
733 478 790 518 non
806 460 892 516 urorl
901 459 930 516 Si
944 457 1060 531 gloriari
1076 464 1189 531 oportet
1201 477 1208 515 :
1218 458 1251 514 Si
1260 478 1337 530 copas
1348 479 1391 516 me
1403 463 1525 532 gloriari
1533 458 1666 528 crepitus,
1678 467 1741 525 ques

103 552 279 609 infirmitatis
293 569 362 608 mcae
375 557 514 608 suntesrn
522 553 624 617 dicem,
636 567 697 620 qua
707 552 861 618 inllrrnitas
872 565 930 604 meo
938 550 1077 618 possessi,
1093 547 1169 602 nibil
1183 551 1350 618 confingens,
1362 549 1514 621 gloriabor.
1531 543 1740 618 iusiurandum

101 657 151 712 prr
160 641 364 710 parenthesim.
380 639 455 696 Deus
469 644 499 694 et
512 639 596 694 Pater
609 637 723 695 Domini
735 636 900 694 nostrilesu
913 635 1028 703 christi,
1044 635 1093 708 qui
1105 641 1149 690 est
1166 636 1331 694 benedictus
1344 639 1374 694 in
1392 639 1504 704 secula,
1520 633 1573 691 soit
1588 629 1662 706 quod
1682 643 1740 684 non

102 728 236 796 mentior,
249 732 282 783 in
291 729 335 784 bis
345 745 405 800 qna
413 733 577 798 sequnntur.
591 726 720 784 Damasci
730 725 897 802 praepositus
905 725 998 797 gentis
1007 723 1102 780 Aretse
1112 724 1196 797 regis,
1207 725 1383 781 custodiebat
1392 725 1536 781 civitatem
1549 724 1739 778 Damasceno-

102 832 177 884 rum,
195 821 228 873 ut
240 816 562 890 mecomprehenderet;
579 821 608 874 et
626 832 677 890 per
687 814 842 873 fenestram
858 813 889 870 in
899 817 997 892 sporta
1014 812 1147 870 dimissus
1157 830 1220 870 sum
1235 831 1286 888 per
1304 830 1428 882 murum,
1439 819 1469 870 et
1487 813 1528 869 sic
1537 809 1622 884 allegi
1637 819 1738 864 manus

104 919 175 974 egos.

826 993 945 1051 CAPUT
956 994 1019 1050 xil.

136 1082 165 1137 Si
182 1084 308 1154 amplius
318 1083 437 1155 gloriari
451 1087 563 1157 oportet
571 1085 708 1141 coactione
720 1089 809 1139 oestro
821 1084 888 1152 (non
902 1083 1016 1155 expedit
1027 1083 1150 1155 quidem,
1161 1083 1266 1140 scilicet
1274 1085 1406 1153 gloriari)
1419 1099 1425 1136 ε
1437 1081 1546 1137 reniam
1558 1075 1686 1134 summi.
1702 1073 1737 1128 ed

102 1169 235 1238 usiones,
244 1176 275 1226 et
284 1171 469 1228 revelationes
482 1172 604 1228 Domini.
619 1174 655 1228 lle
664 1189 691 1228 se
700 1174 810 1242 onmem
820 1174 880 1240 cpit
891 1175 1037 1226 montione.
1049 1172 1111 1228 Scio
1125 1172 1268 1228 hominem
1279 1171 1308 1227 in
1322 1171 1444 1236 christo,
1458 1171 1661 1232 Christianum,
1671 1165 1738 1217 ante

100 1275 189 1314 annos
203 1259 429 1330 quatuordecim,
442 1265 503 1331 jam
512 1265 674 1330 prseteritos,
687 1259 806 1329 (sivein,
819 1275 892 1326 men,
903 1276 1029 1332 corpore,
1040 1261 1097 1315 sive
1111 1265 1190 1316 entre
1199 1277 1310 1333 corpus,
1322 1263 1354 1316 in
1367 1262 1478 1322 eustasi,
1488 1255 1592 1320 nescio,
1608 1255 1653 1307 sed
1661 1252 1737 1306 Deus

99 1347 158 1417 seit)
174 1346 204 1401 2.
218 1353 333 1420 raptum
348 1348 511 1420 huJ‘usmodi
523 1350 717 1405 Christianum
727 1349 862 1420 usquead
877 1350 992 1405 tertium
1005 1350 1117 1405 coelum.
1133 1351 1168 1405 lit
1175 1351 1233 1405 scio
1246 1351 1301 1416 (bis
1313 1367 1340 1405 ss
1350 1354 1456 1404 motum
1472 1349 1550 1412 dicit)
1563 1341 1734 1414 huiusmodi,

99 1439 206 1504 fidelem
221 1437 378 1503 hominem,
393 1437 503 1494 laisein
517 1454 642 1510 corpore,
660 1437 718 1492 sive
731 1443 809 1493 extra
823 1453 924 1510 corpus
936 1439 1039 1502 nescio,
1059 1441 1105 1494 secl
1119 1440 1194 1495 Deus
1208 1439 1269 1502 sciti
1286 1438 1418 1510 quoniam
1434 1441 1532 1510 raptus
1547 1433 1633 1489 estin
1648 1443 1734 1502 para-

99 1523 207 1590 disum,
216 1529 248 1580 et
254 1525 361 1581 audivit
374 1541 478 1581 arcana
488 1526 582 1591 verbe,
599 1543 661 1598 quae
675 1526 810 1582 nonlicet
823 1526 992 1595 homini,oei
1007 1530 1070 1593 sibi,
1087 1533 1127 1584 oei
1146 1530 1311 1595 visionibus,
1324 1528 1367 1582 cel
1384 1529 1473 1581 elicui
1484 1524 1621 1590 auditori,
1640 1517 1730 1590 loqui.

100 1610 124 1668 i.
140 1613 199 1667 Pro
210 1613 378 1684 hujusmodi
390 1613 547 1687 gloriebor;
562 1631 613 1687 pro
628 1631 674 1670 me
688 1621 794 1682 annm,
806 1616 836 1669 id
851 1620 898 1682 nr,
908 1631 961 1686 pro
976 1633 1036 1671 mec
1049 1619 1162 1685 virtute,
1174 1633 1233 1686 qua
1244 1618 1317 1670 nibil
1331 1621 1380 1681 est,
1391 1615 1490 1681 nihil}
1502 1618 1559 1679 15
1569 1605 1733 1681 gloriabori,

99 1701 122 1756 l.
137 1701 196 1756 nisi
207 1701 238 1756 in
251 1701 465 1758 infirmitatibus
477 1703 557 1758 meis.
567 1705 642 1758 Potes
654 1707 685 1757 tu
698 1705 821 1771 gloriari
830 1706 862 1758 in
875 1705 1110 1771 infirmitatibus?
1119 1706 1272 1774 Responsio.
1283 1703 1309 1761 5.
1321 1705 1442 1772 Nam,et
1450 1703 1474 1758 si
1485 1701 1599 1756 voluero
1606 1693 1732 1769 gloriari,

98 1805 151 1845 uon
164 1805 217 1845 cro
227 1805 346 1860 prorsus
355 1791 504 1863 insipiens;
516 1807 571 1846 ecce
580 1807 632 1846 cnr
644 1807 652 1844 :
662 1789 811 1846 tentatam
824 1791 901 1846 enim
911 1791 1013 1858 dicam,
1027 1807 1131 1862 possem
1140 1793 1251 1862 quidem
1261 1795 1383 1861 plorans-i
1389 1790 1541 1847 secundnm
1550 1789 1677 1850 visiones,
1688 1783 1736 1837 sed

98 1893 180 1949 parco
193 1883 303 1946 autem,
315 1875 342 1936 6.
357 1895 393 1934 ne
406 1879 469 1951 quis
482 1895 528 1935 me
546 1879 688 1935 existimet
701 1881 792 1934 dicere
800 1894 887 1951 supra
900 1879 929 1934 id
942 1879 1015 1952 quod
1034 1879 1110 1936 videt
1128 1879 1157 1936 in
1169 1897 1222 1945 me,
1240 1882 1270 1935 id
1289 1886 1336 1946 est,
1357 1885 1414 1936 tone
1427 1882 1510 1935 uilem
1522 1889 1677 1944 personans,
1694 1873 1734 1926 oet

100 1967 153 2019 lom
170 1969 351 2036 incomposite
366 1972 531 2038 loquentem,
548 1971 580 2022 in
594 1971 691 2024 ocium
702 1983 849 2036 nunqnam
861 1984 914 2023 csse
929 1973 1048 2037 reptem,
1062 1974 1112 2025 aut
1125 1967 1231 2042 aliquid
1241 1968 1321 2023 audit
1331 1985 1363 2023 ex
1374 1985 1429 2026 me.
1439 1969 1498 2022 llac
1508 1965 1580 2020 mibi
1590 1979 1608 2018 c
1617 1963 1735 2017 Domino

97 2053 199 2107 relicto
216 2059 298 2112 sunt.
317 2053 344 2110 7.
361 2055 396 2110 Et
409 2072 446 2111 ne
459 2055 624 2128 magnitudo
637 2056 852 2121 revelationum,
863 2071 971 2124 rrecpna
984 2061 1171 2125 revelationes,
1181 2056 1305 2123 extollat,
1322 2057 1466 2119 entollcnt,
1479 2069 1534 2116 me,
1542 2050 1683 2120 superbire
1693 2048 1735 2116 sn·

97 2144 184 2208 nant,
198 2142 284 2199 datus
294 2147 339 2199 est
347 2143 417 2199 mihi
427 2147 570 2200 nDcminc
585 2145 716 2202 edmulus
730 2145 822 2200 omnis
830 2161 910 2209 mee,
919 2149 960 2200 vel
970 2147 1124 2212 infirmitas
1133 2147 1241 2214 capitis,
1250 2149 1291 2200 cei
1300 2147 1433 2199 stimulus
1445 2141 1605 2207 ventrispct
1617 2139 1735 2192 tribulo·

97 2233 194 2295 tiones,
208 2228 237 2288 8.
252 2232 370 2303 angelus
384 2232 507 2302 Satanae,
522 2233 571 2308 qui
580 2251 625 2289 me
634 2233 797 2306 colaphizet.
807 2234 927 2306 Propter
939 2221 1013 2306 duod
1028 2235 1221 2304 (colaphizare)
1234 2239 1279 2289 tar
1288 2233 1437 2288 Dominum
1450 2227 1734 2302 rogavi,utstimulns

97 2317 141 2372 ille
155 2317 318 2375 discederet
332 2337 350 2375 a
364 2337 424 2390 me;
440 2326 470 2377 et
481 2321 552 2377 dixit
565 2321 634 2378 mihi
648 2323 784 2378 Dominus
798 2338 806 2374 .·
824 2320 855 2381 9.
875 2321 985 2378 Sufficit
1003 2321 1055 2378 tibi
1068 2323 1162 2394 grath
1176 2338 1256 2378 mee:
1276 2322 1318 2380 10.
1337 2337 1403 2377 nam
1421 2320 1509 2375 virtus
1522 2318 1553 2374 in
1567 2313 1733 2371 infirmitate

95 2407 257 2478 perficitur.
272 2407 406 2465 Libenter
418 2409 516 2482 igitur,
525 2415 558 2466 ut
571 2413 660 2466 virtus
667 2413 842 2481 perficietur,
852 2411 1032 2482 gloriaborin
1042 2409 1253 2467 infirmitatibus
1266 2409 1347 2477 meis,
1361 2414 1394 2466 ut
1401 2405 1578 2464 inhabitatio
1589 2420 1633 2460 roe
1645 2400 1734 2456 virtus

93 2495 216 2554 Christi.
234 2496 353 2568 Propter
366 2497 451 2570 quod,
468 2499 781 2568 utperflciotnroirtus,
792 2500 834 2554 oct
847 2499 958 2567 habitet,
971 2500 1067 2572 placeo
1076 2499 1148 2555 mihi
1158 2499 1188 2555 in
1199 2497 1410 2555 infirmitatibus
1420 2496 1499 2563 meis,
1516 2496 1546 2550 id
1560 2497 1610 2563 est,
1622 2494 1733 2562 placent

92 2586 164 2640 mibi
173 2585 217 2640 lia
224 2588 414 2655 infirmitates,
426 2587 456 2643 in
468 2587 655 2656 contumeliis,
666 2589 696 2643 in
706 2586 919 2644 necessitatibus
929 2590 972 2642 rai
978 2588 1145 2656 familiaris,
1152 2587 1182 2642 in
1192 2585 1444 2659 persecutionibus,
1455 2585 1485 2641 in
1495 2580 1634 2654 angustiis
1643 2595 1732 2636 caree·

92 2689 169 2744 ιιιιιι,
183 2691 237 2746 pro
252 2675 363 2733 cbristo
377 2678 466 2733 illotis
477 2680 550 2734 milei
558 2695 567 2732 .·
576 2678 620 2737 11.
629 2695 694 2736 cum
704 2679 779 2734 enim
789 2679 929 2740 infirmor,
938 2681 1007 2742 tunc
1018 2680 1197 2748 potenseum,
1207 2678 1362 2745 infirmitas
1373 2673 1733 2743 cstmibipctentinctpsr·

90 2869 233 2941 scriptum
248 2874 291 2925 ess
301 2868 331 2926 in
343 2870 398 2927 elio
410 2872 488 2928 loco:
505 2873 550 2930 lta
562 2878 594 2931 ut
603 2872 817 2946 desperaremus
828 2873 930 2946 (cl.,A
975 2870 1002 2924 6.
1015 2873 1137 2929 Anonos.
1154 2873 1192 2928 lie
1206 2875 1268 2943 puis
1283 2887 1325 2926 sne
1336 2871 1483 2926 existimet.
1494 2867 1537 2922 Ne
1547 2863 1611 2936 quis
1622 2860 1733 2918 maeni-

89 2957 223 3029 mderet]
238 2973 291 3013 nos
305 2958 390 3014 etiam
401 2959 492 3016 vivere
503 2963 549 3030 (11.
559 2963 619 3018 dor.
631 2961 662 3025 ri.
824 2999 826 3004 -
935 2959 1041 3027 stimet,
1055 2959 1157 3031 inquit,
1175 2961 1252 3016 ultra
1269 2959 1388 3030 gloriam
1404 2971 1496 3012 meam
1509 2953 1625 3008 tendere
1645 2964 1731 3021 quam

122 3046 175 3102 et.
192 3045 299 3102 Lanae.
313 3049 566 3118 Onisinfirmctar.
579 3051 677 3107 Hocet
690 3048 894 3121 alterumquod
934 3047 1015 3103 limes
1034 3049 1199 3104 meritorum
1218 3047 1353 3103 admittit.

88 3135 236 3208 sequitur,
254 3136 656 3211 intereacomputnndesunt,
671 3139 738 3212 quie
755 3140 801 3211 [s.,
817 3135 893 3212 quse]
972 3136 997 3191 7.
1015 3136 1047 3192 lit
1063 3153 1096 3190 ns
1118 3139 1291 3206 mapnitndo.
1317 3134 1379 3190 Hoc
1398 3131 1555 3190 remedium
1568 3129 1667 3184 datum
1689 3129 1733 3182 est

87 3225 270 3280 mainsecus
283 3231 438 3298 ponuntur.
934 3225 1078 3296 Apostolo,
1104 3231 1138 3281 ut
1164 3225 1275 3296 injuriis
1301 3239 1414 3296 pressus
1440 3221 1535 3277 animo
1558 3233 1614 3274 eon
1638 3219 1734 3288 posset

122 3313 285 3370 ceretu.
300 3313 893 3372 -l.Leure.Adoisionesetreeelcticncs.
935 3314 1029 3369 extolli
1061 3313 1256 3385 magnitudine
1291 3312 1503 3376 revelationum,
1539 3324 1575 3363 ne
1610 3305 1732 3362 otiosum

88 3400 270 3459 Sihaecrm
284 3401 429 3460 miliduni
442 3403 477 3459 ed
491 3403 690 3477 gloriationem
703 3405 814 3476 majora
827 3403 895 3460 sub·
935 3408 1033 3475 pectus
1057 3401 1099 3457 rei
1127 3419 1187 3458 esse
1215 3401 1333 3458 heberet
1353 3401 1383 3456 in
1405 3399 1449 3456 his
1464 3413 1526 3470 ques
1549 3395 1667 3460 rideret,
1684 3407 1732 3448 ex·

85 3490 220 3564 iungam,
238 3491 315 3564 quod
333 3507 390 3548 non
410 3497 462 3560 est,
476 3493 505 3549 id
521 3499 573 3560 est,
592 3494 667 3567 quod
691 3495 811 3550 stultum
832 3498 893 3561 est;
934 3493 1004 3548 tolli.
1178 3485 1185 3496 '

88 3579 212 3653 ideoque
237 3584 315 3636 tecet
336 3581 381 3636 sui
401 3597 514 3648 nomen,
531 3582 655 3656 dicitque
676 3582 842 3656 simpliciter
864 3599 895 3640 ee
970 3577 997 3638 8.
1012 3581 1137 3638 Aucusr.
1155 3581 1344 3651 (llapoepsol.
1361 3577 1452 3646 cxxx).
1474 3572 1731 3645 incinerans.

87 3667 162 3724 orire
174 3668 325 3726 bominem
340 3671 386 3726 cui
399 3669 459 3726 hac
480 3670 555 3727 lacta
569 3678 645 3741 sunt,
661 3677 690 3728 et
708 3672 749 3727 sic
771 3674 896 3726 removet
935 3670 977 3725 Ne
989 3670 1170 3726 extolleretur
1182 3675 1318 3741 tanquam
1330 3667 1452 3739 iuvenis,
1463 3663 1654 3736 colaphizatur
1667 3664 1733 3716 ten·

86 3763 190 3828 sponte
204 3757 325 3829 gloriari
343 3778 350 3826 ;
372 3764 401 3815 et
414 3758 438 3814 si
451 3760 590 3832 gloriatur
603 3777 654 3834 pro
671 3759 846 3833 hujusmodi,
866 3759 894 3814 id
935 3775 1020 3831 quam
1035 3774 1121 3830 puer;
1136 3766 1164 3814 ct
1176 3775 1193 3814 a
1207 3757 1285 3830 quot
1299 3756 1342 3812 eb
1353 3755 1453 3828 angelo
1467 3754 1587 3810 Satanae.
1600 3749 1673 3816 Quid
1690 3753 1734 3804 est

85 3849 138 3910 sss,
150 3845 314 3901 secundnm
330 3846 406 3919 quod
418 3847 503 3903 homo
512 3848 574 3920 ipse
586 3846 671 3905 habet
685 3848 737 3904 has
744 3848 865 3904 visiones
877 3864 894 3902 a
935 3847 1006 3902 boc?
1020 3847 1120 3903 Dolore
1134 3848 1256 3920 quodam
1275 3845 1400 3918 corporis
1414 3842 1548 3908 trabitur,
1574 3838 1733 3910 exagitatur

85 3933 156 4001 Deo,
174 3939 206 3988 et
221 3949 313 3990 nona
332 3951 373 4004 se,
388 3952 439 4007 pro
453 3953 483 3992 se
497 3942 591 3992 numm
605 3937 672 3994 licet
685 3937 831 4010 glorietur,
848 3953 893 3991 se·
934 3934 1124 3992 vehementer.
1140 3935 1256 3991 Dolores
1278 3938 1372 3990 autem
1396 3947 1545 4004 corporum
1563 3928 1732 4002 plerumque

84 4021 215 4078 candum
232 4039 268 4076 es
282 4039 346 4096 quse
358 4023 474 4096 petitur,
486 4025 634 4097 gloriatur.
934 4023 1126 4080 immittuntur
1140 4023 1176 4079 ab
1192 4023 1300 4095 angelis
1315 4023 1425 4078 Setaea
1437 4039 1444 4089 3
1460 4019 1509 4075 sed
1527 4018 1581 4073 hoc
1599 4031 1657 4072 non
1669 4030 1732 4088 pos·

120 4111 150 4166 2.
169 4115 299 4169 Menos.
321 4115 441 4184 licptnm
460 4116 631 4186 hujusmodi.
648 4116 794 4189 Significat
807 4132 893 4188 supra
934 4119 1000 4168 sunt
1013 4113 1069 4168 nisi
1087 4112 1227 4185 permissi.
1242 4111 1314 4168 Nem
1330 4115 1359 4166 et
1374 4114 1487 4166 saunas
1505 4105 1559 4163 lob
1572 4105 1612 4160 sic
1631 4100 1732 4176 proba·

84 4197 359 4269 firmamentumin
374 4201 490 4258 ter-tium
508 4220 627 4260 numero
640 4205 741 4261 ooelum
755 4205 790 4260 de
813 4205 893 4277 spiri·
933 4205 1045 4258 tuaest.
1768 4243 1771 4250 .

84 4288 216 4345 mstibm
231 4289 310 4344 ecelis
323 4296 436 4364 raptum
450 4292 642 4365 semetipsum.
902 4261 927 4322 Β
970 4289 996 4345 9.
1013 4290 1134 4346 Anonos.
1150 4287 1263 4358 Sulpicii
1278 4291 1338 4344 tibi.
1355 4287 1529 4360 Responsum
1541 4283 1596 4338 sibi
1615 4279 1684 4337 dicit
1698 4285 1732 4338 ut

120 4375 150 4434 ³.
166 4379 226 4432 Pro
241 4378 412 4448 huiusmodi.
426 4381 480 4436 Pro
491 4380 653 4452 hujusmodi
667 4381 790 4450 bomine,
799 4381 828 4437 id
838 4386 890 4451 est,
933 4379 1073 4434 sufficeret
1087 4377 1242 4450 sibigratia
1253 4377 1314 4443 Dei,
1329 4376 1397 4449 quie
1406 4374 1479 4429 vires
1491 4371 1633 4428 tolerandi
1648 4369 1732 4426 adde·

82 4468 145 4520 tam
163 4465 274 4537 dignus
289 4473 333 4523 est
347 4467 405 4523 Deo
418 4475 451 4524 ut
467 4470 520 4524 hoc
533 4471 717 4542 experiretur,
732 4471 848 4544 gloriari
862 4487 893 4527 se
933 4467 1045 4523 bantur.
1057 4467 1138 4522 Unde
1146 4465 1322 4538 gloriandum
1334 4463 1490 4536 subjungit,
1498 4460 1611 4534 quando
1620 4457 1731 4530 injuriis

82 4553 167 4612 dicit.
185 4560 217 4609 at
230 4571 288 4610 non
302 4556 362 4612 vult
373 4563 470 4629 aperte
483 4557 576 4614 dicere
590 4557 703 4632 quiade
717 4560 891 4633 seloqnitnr,
934 4557 1134 4624 humiliatum
1147 4557 1258 4614 Christo
1266 4562 1362 4613 autem
1371 4555 1462 4611 virtus
1471 4550 1611 4609 tolerandi
1618 4547 1731 4606 adhibe·

81 4657 118 4697 ne
138 4641 266 4698 laudere
282 4660 313 4699 se
327 4643 464 4702 videatur.
932 4651 990 4705 tur.

115 4729 137 4784 1
154 4731 622 4802 Aunoeiiisiininptrmitctibns.
631 4735 891 4798 lninfirmitatibus.
969 4733 996 4793 9.
1009 4736 1113 4792 Lerne.
1128 4735 1241 4807 Seslficit
1253 4737 1304 4791 tibi
1313 4737 1408 4805 pretio
1418 4732 1521 4798 mccii
1536 4735 1588 4798 est,
1602 4729 1731 4786 sulllcerc

80 4818 193 4891 inquit,
203 4819 359 4891 gloriabor.
376 4821 521 4894 &ponere
535 4824 612 4880 enim
625 4843 772 4899 pressuras
786 4824 893 4900 passio-
933 4823 985 4881 tibi
1000 4823 1084 4880 debet
1103 4825 1197 4896 gretia
1210 4841 1283 4892 mea,
1299 4823 1327 4879 id
1346 4829 1399 4890 est,
1420 4823 1480 4878 haec
1497 4819 1648 4876 infirmitas
1668 4833 1731 4889 qnae

81 4923 152 4964 num
171 4909 400 4966 etindrroitates
414 4913 688 4984 angustiarum,non
704 4915 815 4970 videtur
830 4915 892 4987 glo·
932 4911 995 4968 idco
1008 4911 1060 4968 tibi
1075 4913 1111 4968 do
1130 4919 1163 4969 nt
1188 4913 1277 4970 virtus
1296 4919 1348 4968 toa
1369 4911 1513 4985 probetur,
1534 4914 1564 4964 et
1585 4909 1627 4964 ita
1649 4921 1731 4962 coro·

79 4997 210 5064 mmm,
227 4997 279 5053 sed
291 4998 393 5055 llebile.
409 4999 515 5056 idcirco
528 5019 559 5058 se
573 5002 603 5059 in
618 5002 663 5058 bis
675 5003 792 5076 gloriari
813 5002 889 5060 dicit.
932 5003 1025 5070 neris3
1050 5002 1141 5058 omnis
1162 5002 1237 5058 enim
1262 5003 1352 5058 virtus
1369 5018 1420 5075 per
1442 4999 1636 5057 infirmitatem
1663 5011 1731 5068 pro-

114 5085 144 5144 5.
160 5087 275 5142 inm.
286 5087 359 5143 Nom
371 5091 398 5143 si
410 5091 521 5145 votano
531 5092 659 5160 plorinri.
676 5093 739 5148 Non
752 5092 893 5164 gloriabor
934 5091 1026 5148 batur.

78 5175 207 5247 nisipro
222 5173 423 5246 hisquaelleus
434 5177 571 5234 cenosam
584 5180 891 5250 posse‚etnisisactis;
970 5181 1014 5237 10.
1029 5183 1103 5236 Nam
1125 5183 1216 5236 uirtus
1235 5183 1267 5237 in
1294 5184 1470 5251 infirmitate.
1494 5180 1651 5237 Perfectem
1676 5178 1731 5234 vir·

79 5271 109 5318 et
124 5263 190 5318 hoc
204 5262 339 5335 estquod
363 5263 450 5320 dicit:
465 5265 537 5321 Nam
558 5271 582 5321 et
597 5270 622 5321 si
632 5271 742 5324 volnere
759 5270 892 5338 ploriori,
933 5275 1023 5326 tutem
1042 5269 1111 5326 dicit
1131 5286 1202 5338 esse,
1219 5287 1281 5342 quse
1303 5268 1389 5327 habet
1407 5269 1601 5327 infirmitatem
1616 5271 1730 5324 coutra-

78 5367 206 5408 mero
214 5353 357 5421 insipims.
365 5352 505 5426 lnsipiens
515 5355 617 5428 aliquis
628 5357 662 5413 de
670 5357 730 5413 suis
740 5359 890 5430 gloriatur,
933 5361 1014 5427 riam,
1039 5375 1102 5416 cum
1124 5375 1180 5432 que
1201 5359 1326 5432 legitime
1354 5365 1452 5427 certet,
1477 5365 1510 5415 ut
1535 5362 1634 5431 postea
1650 5373 1731 5414 coro·

78 5442 156 5498 alins
166 5439 213 5495 dc
228 5439 308 5498 fletis.
319 5441 376 5498 Sed
389 5441 426 5500 de
435 5443 508 5501 dctis
517 5460 575 5502 non
582 5446 735 5519 gloriabor,
743 5448 892 5505 sennim
932 5454 1027 5506 netur.

77 5531 159 5588 eain
175 5526 288 5590 dicem
897 5601 899 5604 ,
967 5537 1013 5594 11.
1029 5539 1152 5598 ueros.
1167 5539 1237 5596 dun
1262 5541 1338 5596 enim
1360 5537 1625 5613 infirmandam
1651 5535 1730 5608 dicit,
