3856 6176
192 181 245 244 sm
683 183 715 238 ιι.
736 181 944 238 muranum
964 181 1145 238 onuruna.
1166 179 1335 238 unomen.
1503 143 1506 150 ’
1759 187 1805 248 un

190 326 258 366 nam
274 325 357 382 spero
379 325 431 381 per
446 307 588 364 orationes
604 310 711 361 uestras
729 305 828 361 donari
841 305 982 360 merobis.
998 305 1110 361 Veniam
1121 307 1197 360 enim
1211 306 1248 360 od
1263 311 1296 360 le.
1313 304 1424 362 Salutat
1435 310 1464 360 ιι
1478 304 1624 378 Epaphras
1635 313 1798 383 concaptivus

192 416 274 456 meus
287 399 317 456 in
330 399 443 456 Christo
456 399 533 465 iesu,
549 397 671 462 Marcus,
687 394 879 464 Aristarchus,
892 395 995 452 Demus
1009 395 1151 463 ethaeas,
1171 394 1316 467 adjutores
1330 395 1397 451 ruci.
1414 395 1512 452 Gratia
1526 393 1637 454 Domini
1652 401 1734 458 nostri
1749 403 1808 462 teau

192 488 300 546 Christi
314 505 380 546 com
393 487 494 560 spiritu
510 491 613 542 vestro.
627 485 728 543 Amen

264 828 593 941 EPISTOLA
621 829 681 937 Β.
711 828 914 940 PAULI
942 827 1275 940 APOSTOLI
1303 829 1393 938 AD
1420 829 1747 945 HEBRAEOS

515 1035 604 1098 ceu
626 1032 917 1097 rnrnnmerls
938 1034 977 1094 o.
1000 1033 1253 1097 nnunnnnen
1274 1033 1517 1100 crassaris

228 1205 432 1258 Aaouusuruu.
445 1226 474 1239 ·-
486 1197 518 1252 In
530 1196 629 1267 primis
639 1195 787 1251 dicendum
804 1201 846 1251 est
859 1212 910 1251 cur
919 1197 992 1268 Apo·
1000 1195 1115 1258 Alerre.
1131 1196 1203 1252 Nara
1215 1195 1299 1252 simili
1315 1196 1398 1251 modo
1412 1195 1538 1252 etiamst
1552 1196 1674 1250 Joannes
1686 1199 1818 1268 apostolus

194 1294 284 1351 stoius
294 1290 399 1348 Paulus
413 1287 443 1343 in
456 1287 509 1342 hac
525 1286 651 1358 Epistola
673 1286 820 1341 scribenda
834 1302 888 1342 non
901 1302 993 1342 serua-
1032 1290 1148 1358 propter
1160 1285 1347 1341 humilitatem
1362 1285 1391 1340 in
1406 1283 1530 1355 Epistola
1551 1301 1603 1338 sua
1621 1300 1722 1340 nomeu
1744 1303 1817 1342 suum

193 1381 266 1438 ιιιιι
279 1394 386 1435 morem
409 1392 503 1442 suum,
519 1379 551 1430 ut
565 1374 608 1429 vel
621 1374 785 1430 vocabulum
801 1375 923 1430 nominis
937 1376 991 1442 sui,
1033 1374 1131 1430 eadem
1146 1374 1256 1430 ratione
1268 1391 1324 1430 non
1339 1374 1473 1445 praetulit.
1495 1374 1573 1428 Hauc
1592 1390 1658 1445 ergo
1677 1375 1818 1446 Epistulam

194 1472 239 1526 uel
252 1468 358 1525 ordinis
381 1463 553 1521 describeret
573 1463 750 1534 dignitatem.
767 1464 833 1518 Haec
851 1470 994 1520 causaest
1032 1463 1123 1519 sertum
1135 1464 1285 1535 Apostolus
1296 1465 1333 1519 ad
1349 1463 1479 1518 Hebraeos
1492 1462 1678 1535 conscriptam
1694 1463 1820 1520 Hebraico

196 1557 323 1632 quod,ad
333 1572 380 1611 eos
395 1553 520 1610 scribens
528 1552 576 1624 qui
591 1568 624 1607 ex
641 1552 854 1608 circumcisione
867 1553 993 1608 credide·
1033 1552 1131 1624 lingua
1150 1553 1271 1610 misisse.
1291 1553 1379 1624 Cujus
1393 1568 1507 1607 sensum
1526 1557 1555 1607 et
1568 1552 1693 1608 ordinem
1708 1553 1820 1608 retinens

194 1651 269 1712 rant,
281 1644 361 1716 quasi
370 1643 499 1714 gentium
514 1640 674 1712 Apostolus,
687 1645 781 1697 etuon
792 1641 992 1712 Hebraeorum
1034 1642 1124 1697 Lucas
1138 1641 1320 1713 euangelista,
1335 1648 1398 1714 post
1413 1657 1557 1697 excessum
1572 1640 1648 1698 beati
1661 1641 1739 1700 Pauli
1760 1659 1821 1718 apo·

194 1734 286 1790 sciens
307 1745 418 1804 quoque
428 1745 526 1786 eorum
544 1728 715 1801 superbiam,
727 1747 863 1803 suamque
877 1731 995 1787 humili·
1035 1730 1109 1798 stoli,
1127 1733 1220 1788 Graeco
1232 1747 1362 1788 sermone
1376 1730 1542 1803 composuit.

195 1827 285 1880 tatem
298 1823 506 1887 demonstrans,
522 1817 653 1874 meritum
665 1818 749 1875 ollicii
760 1819 805 1875 sui
817 1821 908 1878 noluit
917 1826 995 1877 ante-

814 1941 911 2003 lmo
929 1937 1051 1995 CAPUT
1070 1937 1225 1996 PRIMUM.

217 2055 260 2112 ιι.
278 2053 305 2108 ι.
322 2053 347 2109 3.
362 2052 556 2118 Multiiariam,
573 2050 600 2108 l.
621 2051 774 2124 multisque
800 2053 891 2108 modis
911 2055 992 2121 Ιιιιιιι
1011 2055 1078 2110 olim
1101 2056 1176 2111 Deus
1200 2057 1317 2130 loquens
1341 2057 1467 2130 patribus
1480 2059 1511 2115 in
1526 2059 1681 2132 prophetis,
1697 2073 1746 2128 per
1760 2073 1822 2128 pro·

195 2145 301 2217 plectas,
318 2142 467 2198 novissime
484 2140 583 2197 diebus
599 2141 663 2197 istis
682 2142 711 2199 5.
729 2142 840 2197 locutus
851 2148 895 2198 est
904 2143 1019 2198 nobisli.
1032 2144 1061 2199 in
1068 2144 1149 2212 Filio,
1158 2161 1209 2215 per
1219 2148 1334 2214 Filium,
1347 2150 1378 2202 in
1387 2165 1426 2210 eo,
1439 2149 1511 2219 quod
1531 2150 1717 2220 numnquam
1731 2146 1825 2203 cousti-

198 2234 254 2289 tuit
264 2235 289 2289 7.
301 2231 441 2288 haeredem
455 2230 662 2297 uniuersorum,
680 2231 749 2299 (pun
764 2236 830 2285 lunc
843 2247 893 2300 per
907 2235 998 2300 ipsum
1011 2234 1087 2300 saulo
1100 2240 1177 2304 suunt)
1190 2251 1240 2305 per
1253 2236 1415 2308 quemfecit
1429 2242 1458 2292 ιι
1470 2237 1581 2304 secula,
1600 2237 1751 2292 secundum
1761 2236 1826 2304 qnod

197 2325 277 2379 Deus.
289 2321 316 2377 8.
329 2321 383 2386 Qui
392 2337 456 2375 cum
465 2321 503 2374 sit
511 2318 644 2391 splendor
655 2319 761 2390 gloriae,
777 2321 934 2388 (procedens
945 2337 962 2374 o
972 2323 1062 2387 Putre,
1072 2328 1105 2377 at
1114 2325 1244 2392 splendor
1252 2327 1341 2392 osole,
1351 2341 1407 2381 non
1419 2331 1512 2380 tomen
1522 2328 1647 2381 diuersas
1657 2327 1702 2380 sed
1711 2325 1827 2380 eamdem

200 2413 301 2468 liabens
316 2411 511 2476 substantiam)
523 2408 585 2464 eru.
598 2409 698 2479 ligura,
711 2411 823 2475 verutos,
834 2408 998 2465 substantie
1020 2412 1090 2481 ejus,
1111 2417 1292 2483 portansque,
1310 2429 1415 2481 repens,
1432 2413 1527 2469 omnia
1542 2413 1627 2470 verbo
1642 2413 1753 2469 uirtutis
1766 2429 1827 2478 suae,

194 2496 457 2572 jussespotenli,10,
474 2496 515 2554 ll.
531 2497 728 2568 purgationem
739 2501 917 2569 peccatorum
931 2497 1046 2563 faciens,
1061 2516 1118 2554 non
1133 2505 1226 2555 lamen
1233 2507 1350 2570 portans
1356 2508 1477 2570 peccota,
1493 2505 1540 2558 sod
1550 2505 1694 2573 dejiciens,
1705 2499 1746 2558 lt
1757 2501 1830 2556 sedet

199 2589 236 2645 ad
250 2589 394 2644 dexteram
406 2586 563 2658 majestatis
577 2591 651 2652 lcum
662 2587 805 2641 deuterum
815 2603 864 2641 nec
872 2589 1019 2641 sinistram
1027 2589 1098 2642 heres
1109 2589 1214 2656 lrabeat,
1226 2593 1414 2658 npnolltotem
1428 2595 1487 2660 ejus
1497 2597 1521 2646 el
1533 2593 1606 2655 Filii,
1620 2593 1734 2646 assuere
1747 2589 1827 2644 sellem

200 2677 385 2746 appellamus)
395 2676 424 2730 in
434 2675 566 2742 excelsis;
578 2678 657 2730 tanto
670 2673 771 2729 melior
780 2674 888 2745 angelis
896 2675 1021 2744 effectus,
1033 2677 1319 2748 quuutodillerentius
1335 2695 1393 2751 prae
1404 2679 1459 2734 illis
1470 2695 1574 2735 nomeu
1584 2678 1769 2736 haereditauit.
1781 2677 1829 2732 Oui

200 2767 276 2822 enim
289 2765 360 2821 dixit
372 2763 524 2836 aliquando
536 2764 701 2836 augelorum
715 2781 721 2818 :
734 2763 822 2820 Filius
831 2781 910 2819 rueus
921 2781 950 2819 es
959 2770 1005 2830 tu;
1018 2781 1070 2836 ego
1081 2765 1125 2835 13,
1136 2765 1284 2834 l-l.hodie‚
1294 2771 1325 2823 in
1334 2773 1480 2838 niernum,
1491 2769 1577 2842 genui
1592 2775 1621 2826 ιι
1631 2769 1644 2824 ι
1654 2772 1746 2835 πω
1757 2767 1831 2823 Nulli

865 2881 1162 2938 COMMENTARIUS.

189 3041 194 3050 .
236 2999 316 3055 CAP.
331 2998 354 3054 1.
368 3027 406 3041 -
417 2997 443 3053 l.
457 2998 561 3054 Lnnrn.
575 2999 777 3067 Mallifnriam,
789 3003 843 3053 etc.
863 2997 999 3053 Conscius
1008 2997 1109 3056 Adada
1122 2999 1173 3052 tibi
1185 3003 1285 3067 pentes,
1304 3003 1357 3053 etc.

200 3086 403 3159 indignationis
417 3092 447 3142 et
459 3087 569 3144 inuidia
578 3103 677 3143 eorum
692 3087 788 3143 audito
797 3088 910 3142 nomine
919 3088 1000 3144 Pauli
1074 3084 1100 3143 8.
1119 3087 1173 3155 Oui
1181 3103 1244 3141 eurus
1254 3089 1290 3141 ιιι
1299 3089 1436 3156 splendor.
1450 3087 1559 3160 Ubique
1570 3087 1685 3160 quidem
1697 3085 1834 3158 religionis

200 3177 331 3248 apostoli,
355 3176 439 3232 solita
464 3181 557 3234 cessat
578 3177 757 3244 salutatione,
774 3175 827 3231 etsi
851 3176 914 3231 ideo
939 3177 999 3247 ejus
1040 3175 1121 3230 nobis
1134 3175 1560 3247 estopusiutellectus,maxime
1574 3173 1835 3232 autemuhidelieo

200 3265 327 3337 Epistola
339 3264 505 3336 denegatur,
518 3265 584 3337 quia
596 3267 657 3337 ejus
671 3265 997 3334 nominenontitulatur;
1040 3263 1239 3335 autloquimur
1247 3264 1565 3338 autaudimus.0portet
1576 3271 1684 3332 aulem,
1692 3263 1740 3320 ubi
1749 3277 1835 3317 scrmo

199 3354 390 3421 nulliusssse,
406 3355 491 3410 simili
503 3355 613 3409 ratione
623 3353 767 3427 probatur.
1040 3351 1133 3406 ιιιιιιιι
1154 3353 1196 3408 ιιι
1218 3353 1361 3424 cogitatio,
1387 3354 1549 3425 glorificare
1572 3370 1625 3409 nos
1649 3353 1750 3419 Deum,
1766 3348 1836 3422 quod

235 3441 264 3500 2.
292 3444 492 3511 ιιιιιιιΙιινιαιιι.
515 3443 553 3499 ιιι
576 3442 611 3497 de
634 3443 771 3514 propheta
797 3443 842 3497 cui
868 3442 1000 3514 pracepit
1039 3442 1125 3495 talem
1141 3441 1229 3497 Deum
1239 3441 1375 3498 habemus
1388 3442 1655 3514 quietintcllectum
1669 3439 1838 3497 transcendit

201 3548 316 3587 uxorem
332 3532 457 3604 accipere
477 3531 655 3588 fornicariam
669 3533 736 3599 lOsc.
751 3535 781 3588 ι).
797 3532 831 3586 Et
842 3532 877 3586 de
892 3532 940 3586 illo
954 3532 999 3586 cui
1041 3535 1070 3583 et
1083 3529 1260 3600 cogitationis
1274 3531 1419 3588 intuitum.
1433 3531 1535 3587 Merito
1550 3537 1648 3587 autam
1665 3529 1836 3603 splendorem

201 3621 334 3694 pracepit
357 3637 461 3693 ponere
481 3620 610 3676 lumbare
629 3619 681 3674 sub
696 3619 799 3691 lapide,
815 3625 844 3674 ιι
858 3625 921 3691 post
934 3637 1001 3692 qua·
1042 3634 1106 3673 eum
1116 3618 1194 3682 dicit,
1206 3619 1254 3691 qui
1263 3626 1306 3675 est
1316 3621 1362 3676 lux
1373 3621 1480 3687 mundi,
1494 3621 1591 3676 lumen
1600 3622 1636 3676 de
1646 3619 1764 3684 lumine,
1775 3616 1838 3671 insi-

202 3710 334 3782 draginta
347 3710 407 3765 dies
420 3709 519 3766 visere.
532 3709 605 3780 quod
621 3708 712 3763 visens
726 3709 833 3764 invenit
842 3709 909 3781 quia
922 3726 1000 3765 com·
1041 3722 1132 3762 nuans
1142 3707 1222 3764 nobis
1236 3709 1359 3764 Patrem.
1375 3710 1430 3765 Per
1443 3709 1623 3781 splendorem
1639 3715 1736 3764 aulem
1749 3706 1837 3762 uniu-

201 3799 313 3872 putruit
325 3801 392 3871 (der.
408 3801 477 3854 ιιιιιι.
500 3798 537 3853 Ει
560 3798 595 3852 de
618 3797 666 3852 illo
689 3798 734 3854 oui
752 3799 884 3871 pracepit
898 3815 1000 3871 panem
1041 3803 1097 3852 tem
1113 3796 1266 3854 declaravit
1286 3799 1423 3864 essentiae,
1447 3804 1477 3854 ct
1494 3799 1564 3855 duas
1579 3799 1695 3870 aperuit
1710 3811 1838 3871 personas

202 3904 286 3943 suum
300 3892 395 3958 tegere
408 3886 533 3941 humano
547 3887 630 3955 ssmo;
645 3887 695 3942 sed
707 3887 839 3959 quianon
853 3894 948 3960 posset
956 3905 1001 3944 co·
1040 3885 1069 3940 in
1083 3886 1174 3958 gloria
1187 3893 1217 3942 ιι
1230 3888 1389 3959 splendore.

203 3976 289 4044 medi,
305 3980 370 4047 post
381 3975 513 4047 pracepit
523 3975 580 4046 tegi
596 3975 695 4031 bovino
711 3978 816 4045 (Erech.
833 3976 881 4048 uu).
1075 3974 1102 4030 9.
1119 3977 1222 4044 ripum
1237 3979 1404 4033 substantia.
1421 3977 1839 4050 Haeclignuraaequalilatispra·

239 4064 269 4122 3.
288 4065 489 4132 Mottisnrinm,
505 4064 533 4119 id
552 4070 604 4131 est,
619 4065 771 4137 aliquando
786 4081 931 4137 prospera,
947 4065 1000 4120 ali·
1040 4063 1089 4119 bet
1107 4065 1256 4135 judicium,
1271 4072 1299 4121 et
1313 4067 1433 4138 figuram
1449 4067 1516 4123 dicit
1539 4067 1614 4139 quod
1636 4067 1694 4123 alio
1711 4066 1771 4121 loco
1788 4063 1838 4117 lor·

204 4153 316 4224 quando
330 4153 447 4210 aduersa
460 4155 623 4226 praedicens,
635 4155 786 4227 aliquando
799 4155 999 4227 prophetarum
1041 4169 1117 4208 mam
1133 4172 1139 4207 :
1157 4157 1211 4223 One·
1224 4172 1287 4210 oum
1301 4159 1333 4211 in
1347 4158 1440 4224 sorum
1453 4157 1502 4211 Dei
1514 4161 1587 4212 essct.

101 4317 102 4320 Ἴ
201 4241 304 4310 uerbis,
314 4243 613 4315 utaliquandoeorum
637 4243 825 4300 saclislutura
838 4244 999 4301 ostendens.
1078 4241 1121 4300 10.
1134 4244 1237 4300 Laura.
1253 4247 1462 4313 Parpotionem.
1478 4246 1583 4316 Aperte
1606 4245 1652 4316 [Ι.,
1675 4244 1778 4316 aperit,
1802 4242 1840 4296 oet

211 4329 266 4388 ..l
281 4329 408 4389 Arsaos.
419 4333 672 4402 Mallispnemodis.
682 4333 920 4388 Totaintentioli.
930 4327 1130 4406 Apo-Bapud]
1153 4333 1267 4390 Patrem
1290 4333 1444 4390 exhibendo
1464 4334 1684 4440 humanitatem,
1702 4349 1787 4407 quum
1801 4347 1842 4386 as·

204 4419 300 4488 stoli,
291 4435 321 4476 tu
336 4421 469 4492 Epistola,
482 4421 614 4477 Hebraeos
628 4421 665 4476 od
678 4421 762 4476 lidum
780 4421 884 4478 christi
899 4439 1001 4478 conuo-
1041 4422 1163 4493 sumpsit
1174 4421 1324 4494 pronubis.

204 4525 278 4578 care,
294 4509 533 4581 eminentiamque.
547 4509 657 4581 gratia,
671 4525 733 4582 qua
747 4527 798 4582 per
811 4510 914 4566 Filium
935 4511 1001 4566 datu
1079 4507 1121 4566 ll.
1132 4510 1255 4567 naeuos.
1266 4513 1474 4580 Purpurionem.
1487 4512 1531 4567 Ad
1541 4513 1663 4568 homilia
1674 4509 1842 4570 uncamatm·

204 4603 258 4666 est,
275 4614 293 4653 a
304 4597 442 4670 legalibus
454 4596 613 4655 discernere
625 4598 727 4656 uerbis.
1042 4599 1086 4654 nis
1099 4599 1252 4668 descendit,
1266 4599 1378 4656 dicens:
1396 4601 1597 4673 Purgationem
1609 4607 1793 4674 peccatorum
1806 4597 1843 4652 la-

240 4687 267 4742 5.
284 4687 387 4746 Laura.
401 4689 517 4743 Leontem
536 4692 574 4743 cst
598 4691 676 4744 nobis
692 4691 725 4744 in
743 4691 825 4754 Filio,
840 4693 892 4744 etc.
918 4687 1002 4744 Com·
1043 4688 1120 4745 ciens
1134 4705 1185 4760 per
1198 4689 1366 4760 passionem.

203 4774 337 4832 mundato
351 4776 431 4844 Filio,
442 4778 620 4834 commendat
632 4779 957 4834 NouumTestamentum
966 4779 1001 4833 ab
1080 4775 1121 4834 ln.
1134 4779 1220 4834 Sedet.
1233 4777 1487 4835 Deresurrectione
1501 4783 1529 4834 ιι
1543 4781 1710 4836 ιιοιιιιιοιιι
1724 4781 1786 4851 ejus
1795 4793 1844 4832 uos

204 4864 266 4936 ipso
286 4866 402 4936 datum;
418 4872 446 4922 et
460 4867 615 4924 humiliatis
629 4869 749 4940 angelis,
763 4867 930 4931 humiliatur
951 4885 1002 4940 per
1042 4864 1165 4923 instruit.
1180 4867 1235 4922 Per
1254 4867 1398 4924 dexteram
1420 4873 1516 4924 autem
1541 4869 1773 4940 magnitudinem
1796 4866 1844 4920 de·

202 4953 266 5010 illos
279 4955 366 5010 Vetus
380 4954 488 5011 datum.
1043 4955 1208 5011 monstrarit
1222 4957 1347 5012 honoris.

238 5039 265 5100 6.
280 5044 404 5101 Annuus.
417 5048 452 5100 In
470 5047 550 5110 Filio,
566 5047 647 5118 quasi
670 5047 776 5102 diceret
791 5065 798 5100 :
815 5047 869 5102 Per
886 5047 999 5113 Filium,
1076 5043 1122 5102 13.
1140 5045 1242 5100 murs.
1254 5047 1309 5114 Epo
1322 5047 1411 5116 bodie,
1427 5046 1457 5101 id
1480 5053 1533 5112 est,
1548 5047 1579 5101 in
1601 5047 1655 5101 hac
1672 5046 1842 5110 aeternitste,

201 5133 276 5188 sicut
289 5133 319 5188 iu
332 5133 429 5189 multis
442 5134 510 5189 locis
524 5135 713 5207 Epistularum
732 5135 874 5191 iuvenitur
895 5152 999 5208 praepo
1041 5149 1092 5190 nec
1110 5133 1211 5189 melius
1224 5134 1316 5206 potuit
1329 5135 1447 5207 exprimi
1460 5137 1603 5191 aeternitas
1617 5153 1682 5208 quae
1696 5135 1845 5191 continua·

202 5220 352 5277 titionibus
365 5221 560 5278 indifferenter
573 5223 625 5280 uti.
1041 5224 1123 5279 uerit.

238 5309 264 5364 7.
280 5311 428 5379 Heredem,
443 5312 497 5369 hoc
511 5318 554 5368 est
567 5312 719 5368 Dominum
729 5312 816 5369 totius
828 5313 935 5377 mundi,
951 5329 1002 5368 nec
1079 5313 1120 5368 ll.
1136 5313 1190 5382 Epo
1205 5314 1283 5368 bodie
1292 5317 1377 5381 penui
1389 5319 1422 5381 ιι,
1438 5318 1491 5370 alc.
1505 5312 1646 5370 Probatur
1659 5313 1752 5369 Filius
1762 5328 1842 5377 esse;

199 5399 260 5468 jum
270 5399 362 5471 portio
369 5399 482 5456 Domini
488 5407 599 5457 tautum
609 5401 704 5468 Jacob,
713 5407 742 5457 ιι
751 5418 813 5458 sors
827 5403 889 5472 ejus
899 5399 998 5467 Israel,
1041 5417 1107 5456 uam
1119 5401 1180 5474 ipse
1193 5407 1236 5458 est
1247 5403 1341 5470 Pater,
1357 5401 1423 5474 quia
1441 5403 1502 5475 ipse
1515 5403 1592 5474 dicit,
1607 5401 1685 5476 quod
1700 5407 1746 5458 est
1766 5419 1772 5456 :
1790 5401 1843 5456 liro

200 5487 252 5554 sel
264 5487 338 5554 ιιιιι
350 5489 380 5546 in
394 5491 503 5562 maimo
521 5492 556 5550 da
570 5507 604 5549 eo
618 5491 723 5563 legitur
737 5504 744 5542 ε
756 5494 896 5550 Postumo
907 5507 960 5560 me,
975 5497 1001 5547 ιι
1042 5493 1088 5547 illi
1101 5493 1133 5548 in
1147 5494 1267 5558 Patrem,
1283 5495 1308 5547 ιι
1319 5495 1376 5561 ipse
1386 5495 1450 5558 erit,
1460 5496 1514 5548 etc.
