3882 6172
234 281 288 340 743
707 275 757 332 nl)
777 276 897 356 OPERA
915 279 947 336 B.
968 279 1178 336 LANFRANOI
1196 281 1391 340 APPENOIX.
1798 285 1841 346 ltl

230 412 352 469 caverat,
367 409 454 476 utque
471 399 595 456 moriens
615 405 795 472 praeceperat,
816 402 860 458 die
886 421 941 479 qua
960 405 1193 476 pro-Aadduxit,
1207 411 1239 462 nt
1251 406 1370 464 firmiori
1388 406 1443 463 side
1462 412 1491 464 et
1509 407 1662 466 ardentiori
1687 427 1776 469 amoro
1791 414 1843 484 eius

230 496 369 551 lecturum
383 511 414 548 sc
427 492 544 546 dixerat.
559 490 705 544 Portetum
727 495 770 544 est
792 507 893 564 corpus
915 495 975 564 ejus
994 494 1029 548 ad
1071 495 1193 550 audeant
1206 496 1357 568 implorare
1368 497 1397 551 in
1416 497 1475 552 suis
1487 499 1695 555 necessitatibus
1713 503 1840 566 auxilium,

231 583 375 640 dominam
404 597 485 636 suam
511 583 637 634 sanctrun
663 577 829 634 Becoensem
852 581 980 647 Mariam,
1002 589 1031 638 et
1071 589 1270 656 quatenusper
1285 585 1373 658 ipsius
1401 586 1628 642 intercessionem
1644 605 1797 662 recuperare
1807 609 1844 646 tn·

226 665 768 744 juxtasuospatressepulturn.Talibus
792 667 934 726 beneficiis
948 671 1031 728 beata
1070 672 1149 727 leant
1169 674 1232 729 Filii
1246 674 1290 729 sui
1302 674 1413 730 Domini
1430 676 1518 731 nostri
1532 677 1594 732 lesu
1610 677 1711 732 Christi
1729 681 1843 750 gratiam,

229 759 280 816 Dei
287 756 753 832 genitrixgenusCrispinorum,et
763 755 832 812 alios
847 762 1028 832 quamplures
1070 761 1118 832 qui
1133 761 1202 817 sivit
1216 768 1245 817 et
1272 771 1372 836 regnat
1391 781 1456 820 cum
1480 765 1573 834 Putre,
1601 773 1630 822 et
1649 766 1750 838 Spiritu
1762 777 1844 826 sancto

229 851 363 922 altiusque
374 848 489 918 ordinis,
502 844 660 919 etgeneris,
670 845 705 900 ad
715 861 795 900 suam
806 846 1027 906 lemiliaritutern
1069 850 1143 905 Deus
1157 833 1310 908 insaecula.
1323 854 1422 908 Amen.

532 1169 593 1231 ⁵'
662 1176 866 1304 VITA
915 1177 981 1309 S.
1035 1173 1533 1307 AUGUSTlNl

227 1403 400 1470 Aonncul
425 1403 686 1483 uunnuterlou,
715 1406 826 1471 PRlMl
861 1406 1216 1470 OAN'l'UAlllENSlUM
1254 1409 1553 1473 ARCHlEPlSGOPl
1575 1410 1626 1474 ΕΤ
1644 1408 1842 1477 ANGLORUll

946 1512 1151 1574 APOSTObl.

786 1672 819 1735 E
819 1692 842 1734 c
863 1681 976 1734 ostris.
995 1671 1151 1736 Beroensis
1166 1674 1303 1740 abbatiis.

879 1811 1202 1828 *ψ

736 1923 1031 2020 PROLOGUS
1059 1925 1118 2017 lu
1154 1925 1353 2022 vllAll.
1409 1975 1414 1990 =
1446 1961 1450 1968 ‘

156 2167 158 2184 ·
263 2139 330 2202 Qua
344 2138 379 2193 de
389 2137 476 2210 ipsius
486 2135 570 2208 primi
582 2135 734 2206 Anglorum
750 2134 920 2190 institutoris
934 2134 1058 2205 Augu-B
1068 2141 1191 2206 paterna
1205 2136 1361 2192 dilectionis
1376 2137 1441 2193 liliis
1454 2136 1716 2196 obsecundaremus.
1731 2139 1765 2194 At
1782 2139 1843 2194 bunc

226 2226 294 2281 stini
309 2226 367 2280 vita
378 2233 407 2282 et
418 2226 506 2297 signis
516 2224 683 2280 venerabilis
694 2224 776 2279 Reda
787 2223 928 2295 depromit
940 2223 1027 2278 bisto-
1068 2224 1193 2280 libellum
1209 2227 1355 2297 paululum
1371 2229 1571 2295 contraximus,
1600 2235 1635 2285 ut
1648 2230 1721 2284 inter
1732 2228 1808 2283 divini
1820 2233 1843 2282 et

226 2313 269 2370 ria
285 2313 360 2384 (79⁶1,
376 2331 494 2387 quaeque
507 2314 542 2369 ab
571 2315 632 2386 ipso
654 2313 845 2386 praetermissa
860 2312 889 2367 in
901 2312 962 2368 aliis
977 2329 1026 2368 co·
1066 2314 1308 2370 humaniconrivii
1318 2316 1465 2381 solemnia,
1483 2317 1614 2390 benignis
1624 2323 1654 2374 et
1661 2318 1784 2373 fraternis
1796 2315 1844 2398 (82)

227 2403 335 2460 dicibus
350 2405 467 2460 vetustis
482 2403 647 2476 reperimus,
665 2402 827 2457 fidelissime
841 2408 937 2457 nostro
958 2401 1027 2456 mal·
1066 2403 1223 2475 hospitibus
1250 2404 1487 2477 obtemperemus.
1514 2407 1605 2462 Simul
1621 2407 1704 2462 etiarn
1718 2407 1774 2462 alia
1788 2423 1844 2461 con·

220 2493 297 2548 leolo
313 2494 483 2550 recudimus.
498 2493 566 2558 Quae
594 2493 679 2547 etiam
706 2497 771 2563 post
785 2493 845 2562 ejus
870 2492 907 2546 ad
929 2491 1024 2547 sidem
1043 2493 1183 2573 *matrum
1200 2493 1339 2560 aecimis,
1363 2511 1415 2566 per
1435 2497 1510 2551 hune
1532 2512 1670 2552 oceanum
1690 2496 1797 2559 (liliosa,
1815 2493 1844 2548 ad

224 2583 401 2655 triumphum
420 2583 561 2638 declarata
579 2599 612 2636 ac
625 2581 764 2652 descripta
778 2581 907 2652 legimus,
924 2581 1021 2636 eadem
1065 2599 1135 2654 quas
1148 2583 1206 2637 hmo
1219 2583 1369 2654 contigerit
1390 2584 1545 2656 pervenire,
1567 2585 1663 2641 nativo
1688 2583 1844 2656 congaudeat

224 2671 362 2742 probabili
375 2672 430 2726 lule
440 2671 630 2743 adjungimus.
642 2671 709 2735 Quae
719 2687 782 2725 vero
797 2670 1020 2743 presentialiter,
1064 2677 1308 2744 amore,tanquam
1319 2673 1362 2728 sui
1372 2673 1843 2746 protoparentisallevamento

222 2760 342 2816 testibus
366 2761 486 2833 populis,
499 2765 527 2815 et
553 2759 815 2833 probatissimarum
837 2775 1021 2830 personarum
1063 2760 1214 2832 superbae
1241 2761 1399 2832 compendii
1414 2763 1602 2833 propositum,
1620 2763 1698 2818 rideo
1720 2766 1843 2818 crescente

222 2848 360 2905 indicibus
374 2850 471 2914 oculis,
491 2849 552 2904 luee
571 2848 674 2904 clarius
696 2848 822 2914 rutilant,
847 2851 906 2903 suis
936 2848 1021 2904 radiis
1063 2849 1154 2905 Elisaei
1176 2849 1237 2904 oleo
1264 2851 1437 2920 superfluere
1458 2868 1507 2906 vas
1527 2867 1635 2908 meum.
1651 2854 1765 2907 Oremus
1789 2865 1844 2920 ergo

222 2939 367 2994 credentes
378 2939 530 3005 illustrant,
540 2937 701 2993 haesitantes
712 2937 901 2993 reverberant.
918 2937 1019 2993 Posse·
1061 2953 1160 2994 omnes
1177 2939 1382 2995 eruditissimos
1395 2957 1428 2995 ac
1442 2939 1659 3012 benignissimos
1672 2941 1799 3004 docteres,
1818 2953 1845 2992 ac

221 3028 529 3100 musatinspectorum,
539 3033 568 3082 et
576 3033 738 3084 curatorum
749 3027 882 3100 pleraque
892 3032 1021 3082 retexere
1060 3028 1213 3100 discipulos
1232 3027 1518 3095 Dominioasolrolae,
1538 3035 1571 3085 ut
1594 3031 1663 3098 baec,
1684 3035 1740 3085 terii
1766 3026 1844 3084 lucide

221 3117 282 3172 loca
296 3124 325 3173 et
338 3118 463 3184 nomina,
475 3117 530 3172 nisi
555 3121 663 3171 vetaret
685 3132 800 3171 nausea.
819 3117 910 3188 Super
924 3117 1020 3172 omnia
1060 3115 1252 3189 comprobata,
1269 3132 1324 3170 non
1341 3117 1432 3171 solum
1452 3133 1508 3172 non
1530 3124 1656 3176 renuant
1676 3117 1791 3181 credere,
1805 3131 1847 3169 re·

220 3205 295 3262 beati
323 3206 452 3278 Gregorii
475 3205 577 3261 cadent
604 3205 767 3260 testimonia
788 3203 844 3272 (80)
860 3223 867 3258 ε
884 3204 932 3276 qui
946 3205 1021 3261 bunc
1062 3223 1128 3263 rum
1136 3206 1222 3260 etiam
1241 3206 1325 3278 plana
1338 3205 1533 3262 benevolentia
1545 3207 1659 3280 paterni
1671 3209 1780 3264 affectus
1792 3221 1845 3260 sus·

219 3296 331 3369 scriptis
345 3295 470 3350 declarat
496 3293 617 3366 plurima
639 3299 768 3366 patrasse
780 3294 870 3364 signa.
888 3295 954 3349 Hac
968 3295 1020 3349 ita·
1063 3295 1166 3366 cipere,
1185 3295 1301 3368 jugique
1313 3295 1377 3364 lide,
1391 3301 1489 3352 contra
1507 3297 1662 3368 improbos,
1676 3297 1799 3352 studeant
1810 3308 1846 3348 ce

218 3401 273 3456 que
297 3401 359 3456 quse
391 3384 520 3451 lectione,
541 3384 584 3439 vel
612 3383 672 3438 visu
704 3383 841 3448 novimus,
871 3383 927 3438 alio
949 3383 1020 3438 libro
1064 3384 1181 3440 labrare.

217 3473 306 3529 fusius
332 3473 512 3545 exposuimus
544 3471 612 3543 (81),
645 3475 784 3544 quatenus
814 3471 1019 3529 insatiabilibus

755 3628 1010 3724 luerem
1047 3595 1228 3726 viui.

250 3817 362 3874 Fortem
375 3823 515 3873 armatum
540 3815 621 3886 cujus
641 3813 758 3885 atrium,
773 3815 915 3883 mundus;
936 3817 1017 3886 cujus
1059 3817 1189 3888 quibuuc
1200 3813 1295 3870 diuino
1303 3814 1438 3870 instinctu
1453 3821 1620 3886 segregaret
1633 3816 1746 3886 inopus
1757 3811 1839 3870 Domi·

216 3910 438 3974 firmamentum,
449 3923 538 3978 regna
550 3911 702 3974 terrarum;
720 3906 801 3972 ouius
816 3905 1016 3976 praedmgenus
1056 3905 1161 3966 nicom.
1173 3911 1206 3960 ut
1231 3905 1373 3976 quondam
1388 3905 1488 3960 Petrus
1509 3904 1668 3972 Barnabam
1695 3909 1724 3960 et
1737 3902 1839 3960 saulum

213 3996 390 4052 humanum:
411 4002 507 4050 noster
522 4000 648 4050 armatus
660 3994 690 4049 in
703 4000 801 4049 nostra
822 3994 910 4064 etiarn
935 3994 1015 4048 imir-
1057 3993 1229 4065 (Anxani).
1245 3993 1474 4064 lntendemtipse
1484 3993 1837 4066 banopalruampraeripere,

214 4086 323 4152 mitate,
340 4087 420 4156 longe
434 4085 535 4140 fortior
559 4099 726 4154 congressus
744 4083 944 4154 potentialiter,
961 4101 1012 4154 pa·
1054 4085 1103 4140 sed
1118 4082 1264 4156 respondit
1276 4083 1411 4138 Dominus
1433 4083 1488 4137 boc
1500 4083 1679 4154 priuilegium
1704 4077 1839 4154 Augustini

214 4181 277 4231 rata
291 4177 320 4231 in
334 4192 365 4232 se
375 4191 466 4238 cruce,
477 4175 560 4246 plaga
574 4171 843 4244 nunqunmsanabili
859 4172 1010 4242 transfixit,
1054 4190 1124 4228 esse.
1141 4174 1213 4228 Nam
1226 4188 1338 4244 pueros,
1356 4171 1435 4226 niveo
1453 4171 1574 4242 candore
1597 4187 1689 4244 nuper
1703 4173 1791 4227 Roma
1804 4167 1839 4220 ri·

213 4269 243 4320 et
252 4264 347 4319 omnia
356 4261 635 4336 opprobriorumtela
649 4277 683 4314 ao
694 4260 788 4331 jacula
795 4257 848 4314 sibi
864 4259 967 4330 injecta
982 4260 1010 4315 in
1053 4279 1108 4328 sos,
1124 4262 1243 4317 audiens
1267 4260 1484 4332 Anglosrocari,
1500 4267 1530 4315 et
1544 4260 1729 4333 provinciales
1742 4258 1836 4319 lleiros,

213 4353 294 4408 illum
305 4351 444 4408 retrorsit.
456 4350 712 4420 Omninejusarmn
724 4349 850 4417 abstulit,
863 4349 1011 4422 ipsumque
1053 4367 1086 4405 ac
1100 4367 1195 4422 regem
1211 4355 1292 4405 terme
1307 4350 1368 4405 Alle
1388 4351 1563 4422 nuncupari:
1585 4373 1597 4400 a
1616 4350 1731 4422 Anglos,
1747 4345 1837 4418 inquit.

212 4447 319 4498 aterno
332 4455 484 4495 canceroso
497 4439 641 4512 suppliciis
667 4439 856 4510 mancipatum
876 4439 893 4493 ir
902 4455 1011 4494 resoca-
1053 4440 1161 4510 angelis
1173 4439 1284 4506 sedari,
1301 4439 1446 4502 etDeiros,
1459 4439 1494 4494 de
1504 4440 1544 4494 ira
1561 4440 1613 4495 liei
1622 4438 1743 4504 liberari,
1758 4432 1837 4494 acllci

213 4530 308 4586 biliter
318 4529 471 4584 damnavit.
488 4528 702 4600 Omniaspolia
728 4528 817 4600 ipsius
839 4530 904 4599 jure
914 4529 1012 4584 trium·
1054 4529 1164 4583 laudem
1176 4529 1205 4587 in
1219 4534 1296 4583 terra
1310 4527 1423 4584 alleluia
1437 4534 1549 4600 oportet
1560 4528 1712 4584 decantari.
1731 4547 1741 4579 ι

212 4619 309 4692 phata,
332 4617 492 4690 apostolicis
520 4617 636 4672 ducibus
664 4617 723 4672 suis
738 4615 883 4673 distribuit
897 4618 1012 4673 electos·
1088 4617 1198 4673 Pacatis
1227 4618 1327 4688 itaque
1352 4617 1436 4672 rebus
1464 4618 1552 4672 mittit
1578 4618 1774 4689 Augustinum.
1792 4610 1836 4666 liei

213 4725 268 4780 que
288 4707 436 4780 principes,
466 4706 825 4778 aspergentes-nationes,
855 4712 883 4761 et
911 4723 1007 4778 regna,
1051 4703 1835 4779 scientiaomniquevirtubellorentem,cumquadraginta

211 4797 358 4853 constituit
385 4797 457 4865 (tric.
484 4800 532 4863 xri.
560 4795 707 4851 Remensit
729 4795 884 4851 Britannici
904 4795 1007 4851 Oceani
1049 4795 1224 4851 electissimis
1254 4793 1414 4858 comitibus,
1448 4811 1518 4866 quos
1550 4783 1698 4866 religiosos
1723 4792 1794 4848 novit
1812 4793 1836 4844 et

211 4885 288 4941 orbis
308 4901 465 4958 aequoreus,
491 4884 526 4939 ab
554 4883 704 4938 universali
718 4883 787 4938 orbo
813 4883 1003 4940 circumcisus.
1048 4891 1192 4957 promptos
1204 4885 1232 4938 in
1261 4883 1361 4938 divinis
1381 4883 1568 4954 dogmatibus.
1583 4885 1676 4940 .Viam
1694 4883 1835 4938 salutarem

210 4975 354 5031 Huneilla
377 4991 424 5030 rex
450 4972 736 5046 prepotentissimus,
759 4973 917 5045 Augustino
932 4973 1007 5030 fideli
1048 4975 1155 5030 alacres
1168 4973 1373 5036 accelerabant.
1388 4978 1424 5028 et·
1442 4989 1493 5044 per
1518 4973 1626 5046 aliquot
1654 4974 1713 5028 dies
1733 4969 1833 5040 longius

209 5063 397 5136 dispensatori
407 5062 612 5134 suoquondem
637 5067 762 5128 venturo,
787 5062 948 5129 reservavit,
960 5062 1253 5136 quiDprocesserant.
1267 5063 1334 5117 Eece
1346 5067 1440 5117 autem
1455 5067 1572 5117 sentosa
1584 5063 1669 5128 lama,
1690 5078 1707 5116 a
1719 5059 1832 5130 maligno

208 5157 320 5209 nomem
334 5157 456 5208 verteret
469 5149 497 5205 in
511 5151 596 5214 diem,
612 5155 641 5204 et
651 5165 751 5205 novam
773 5166 806 5205 ao
823 5165 928 5217 veram,
942 5156 1008 5222 post
1048 5152 1208 5207 adversario
1222 5151 1296 5222 vulgi
1309 5167 1363 5205 ore.
1371 5151 1512 5216 ventilata,
1532 5151 1635 5206 terruit
1657 5151 1773 5206 athletas
1787 5147 1833 5201 Oo-

199 5243 349 5308 tenebras,
358 5233 1004 5314 perpetuaminfunderetluoem.Pollebatjam
1048 5241 1127 5302 mini.
1143 5259 1205 5313 quae
1216 5241 1560 5311 diceret-gentemquam
1587 5239 1720 5312 petebant
1732 5235 1831 5293 cunctis

207 5329 1001 5405 papaGregoriushumanigenerissplendorimmensus,
1045 5331 1212 5388 mortalibus
1232 5329 1483 5397 ferocioremesse,
1502 5329 1667 5401 sanguinem
1685 5329 1830 5384 humanum

209 5467 211 5470 '
243 5453 308 5528 (79⁶1
322 5456 453 5513 Historiae
466 5457 542 5528 gent.
564 5449 730 5584 Anglorur‘n,
755 5453 803 5512 lib'.
825 5453 875 5523 1,a
889 5473 950 5530 cap.
967 5451 1002 5514 23
1081 5455 1135 5528 (81)
1150 5457 1255 5513 Auctor
1267 5453 1447 5529 prolixiorem
1462 5453 1555 5511 Vitam
1566 5451 1750 5527 snugustnn
1763 5463 1829 5506 com·

152 5579 166 5600 x
208 5525 602 5610 adonem-ettamen
629 5526 679 5594 ‚3.
1040 5529 1144 5602 posuit.
1344 5599 1350 5611 ι

242 5597 713 5672 tSOtRatertS.=Bsda,ub1supra
775 5631 807 5640 ··
907 5635 909 5640 -
960 5635 962 5640 .
1075 5599 1132 5672 (82)
1145 5599 1298 5658 llonaebus
1312 5597 1376 5655 luit.
