<?xml version="1.0" encoding="UTF-8"?>
<!DOCTYPE html PUBLIC "-//W3C//DTD XHTML 1.0 Transitional//EN"
    "http://www.w3.org/TR/xhtml1/DTD/xhtml1-transitional.dtd">
<html xmlns="http://www.w3.org/1999/xhtml" xml:lang="en" lang="en">
 <head>
  <title>
</title>
<meta http-equiv="Content-Type" content="text/html;charset=utf-8" />
  <meta name='ocr-system' content='tesseract 3.04.00' />
  <meta name='ocr-capabilities' content='ocr_page ocr_carea ocr_par ocr_line ocrx_word'/>
</head>
<body>
  <div class='ocr_page' id='page_1' title='image "./patrologiaecurs92unkngoog_0322.png"; bbox 0 0 3882 6172; ppageno 0'>
   <div class='ocr_carea' id='block_1_1' title="bbox 107 292 1731 382">
    <p class='ocr_par' dir='ltr' id='par_1_1' title="bbox 107 292 1731 382">
     <span class='ocr_line' id='line_1_1' title="bbox 107 292 1731 382; baseline -0.008 -12"><span class='ocrx_word' id='word_1_1' title='bbox 107 309 155 371; x_wconf 76' lang='grc'><strong>633</strong></span> <span class='ocrx_word' id='word_1_2' title='bbox 463 307 533 382; x_wconf 82' lang='lat' dir='ltr'><strong>Lla,</strong></span> <span class='ocrx_word' id='word_1_3' title='bbox 553 311 601 368; x_wconf 77' lang='grc' dir='ltr'><strong>ΒΕ</strong></span> <span class='ocrx_word' id='word_1_4' title='bbox 619 309 790 368; x_wconf 69' lang='lat' dir='ltr'><strong>cautuae</strong></span> <span class='ocrx_word' id='word_1_5' title='bbox 808 305 979 367; x_wconf 81' lang='lat' dir='ltr'><strong>CONFESS,</strong></span> <span class='ocrx_word' id='word_1_6' title='bbox 999 333 1031 346; x_wconf 91' lang='lat'>-</span> <span class='ocrx_word' id='word_1_7' title='bbox 1051 302 1226 360; x_wconf 66' lang='lat' dir='ltr'><strong>pseustin</strong></span> <span class='ocrx_word' id='word_1_8' title='bbox 1244 301 1362 360; x_wconf 80' lang='lat' dir='ltr'><strong>NO&#39;PAE.</strong></span> <span class='ocrx_word' id='word_1_9' title='bbox 1678 292 1731 358; x_wconf 79' lang='lat' dir='ltr'><strong>tal</strong></span> 
     </span>
    </p>
   </div>
   <div class='ocr_carea' id='block_1_2' title="bbox 13 423 1783 5660">
    <p class='ocr_par' dir='ltr' id='par_1_2' title="bbox 13 423 1783 5660">
     <span class='ocr_line' id='line_1_2' title="bbox 108 423 1732 508; baseline -0.009 -14"><span class='ocrx_word' id='word_1_10' title='bbox 108 441 135 494; x_wconf 82' lang='lat' dir='ltr'><strong>iu</strong></span> <span class='ocrx_word' id='word_1_11' title='bbox 145 440 331 508; x_wconf 73' lang='lat' dir='ltr'><strong>penitentiam</strong></span> <span class='ocrx_word' id='word_1_12' title='bbox 341 437 434 492; x_wconf 83' lang='lat' dir='ltr'><strong>duale.</strong></span> <span class='ocrx_word' id='word_1_13' title='bbox 450 436 578 492; x_wconf 83' lang='lat' dir='ltr'><strong>Christus</strong></span> <span class='ocrx_word' id='word_1_14' title='bbox 592 437 728 492; x_wconf 82' lang='lat' dir='ltr'><strong>Dominus</strong></span> <span class='ocrx_word' id='word_1_15' title='bbox 741 435 786 490; x_wconf 89' lang='lat' dir='ltr'><strong>hic</strong></span> <span class='ocrx_word' id='word_1_16' title='bbox 796 433 891 490; x_wconf 88' lang='lat' dir='ltr'><strong>innui·</strong></span> <span class='ocrx_word' id='word_1_17' title='bbox 900 435 997 492; x_wconf 83' lang='lat' dir='ltr'><strong>Ausa.</strong></span> <span class='ocrx_word' id='word_1_18' title='bbox 1015 430 1097 493; x_wconf 83' lang='lat' dir='ltr'><strong>uilla,</strong></span> <span class='ocrx_word' id='word_1_19' title='bbox 1107 435 1205 500; x_wconf 77' lang='lat' dir='ltr'><strong>etqua</strong></span> <span class='ocrx_word' id='word_1_20' title='bbox 1217 428 1345 501; x_wconf 90' lang='lat' dir='ltr'><strong>sequitur</strong></span> <span class='ocrx_word' id='word_1_21' title='bbox 1354 423 1732 500; x_wconf 84' lang='lat' dir='ltr'><strong>sententia,quadrupliciter</strong></span> 
     </span>
     <span class='ocr_line' id='line_1_3' title="bbox 106 513 1737 598; baseline -0.006 -17"><span class='ocrx_word' id='word_1_22' title='bbox 106 530 156 592; x_wconf 89' lang='lat' dir='ltr'><strong>tur,</strong></span> <span class='ocrx_word' id='word_1_23' title='bbox 169 527 308 598; x_wconf 80' lang='lat' dir='ltr'><strong>siquidem</strong></span> <span class='ocrx_word' id='word_1_24' title='bbox 320 526 389 598; x_wconf 90' lang='lat' dir='ltr'><strong>ipse,</strong></span> <span class='ocrx_word' id='word_1_25' title='bbox 403 531 437 581; x_wconf 90' lang='lat' dir='ltr'><strong>ut</strong></span> <span class='ocrx_word' id='word_1_26' title='bbox 448 542 535 580; x_wconf 86' lang='lat' dir='ltr'><strong>causa</strong></span> <span class='ocrx_word' id='word_1_27' title='bbox 545 525 717 597; x_wconf 87' lang='lat' dir='ltr'><strong>principalis,</strong></span> <span class='ocrx_word' id='word_1_28' title='bbox 729 530 758 580; x_wconf 90' lang='lat' dir='ltr'><strong>et</strong></span> <span class='ocrx_word' id='word_1_29' title='bbox 770 522 895 595; x_wconf 77' lang='lat' dir='ltr'><strong>baptizat</strong></span> <span class='ocrx_word' id='word_1_30' title='bbox 934 524 1027 591; x_wconf 89' lang='lat' dir='ltr'><strong>potest</strong></span> <span class='ocrx_word' id='word_1_31' title='bbox 1037 518 1164 590; x_wconf 89' lang='lat' dir='ltr'><strong>intelligi.</strong></span> <span class='ocrx_word' id='word_1_32' title='bbox 1172 518 1266 573; x_wconf 91' lang='lat' dir='ltr'><strong>Primo</strong></span> <span class='ocrx_word' id='word_1_33' title='bbox 1276 519 1389 590; x_wconf 92' lang='lat' dir='ltr'><strong>quidem</strong></span> <span class='ocrx_word' id='word_1_34' title='bbox 1399 518 1508 574; x_wconf 86' lang='lat' dir='ltr'><strong>occulta</strong></span> <span class='ocrx_word' id='word_1_35' title='bbox 1521 513 1737 572; x_wconf 64' lang='lat' dir='ltr'><strong>dictitantium</strong></span> 
     </span>
     <span class='ocr_line' id='line_1_4' title="bbox 109 603 1731 687; baseline -0.007 -18"><span class='ocrx_word' id='word_1_36' title='bbox 109 621 132 670; x_wconf 86' lang='lat' dir='ltr'><strong>et</strong></span> <span class='ocrx_word' id='word_1_37' title='bbox 141 615 286 671; x_wconf 83' lang='lat' dir='ltr'><strong>absolvite</strong></span> <span class='ocrx_word' id='word_1_38' title='bbox 301 615 422 687; x_wconf 88' lang='lat' dir='ltr'><strong>peccatis</strong></span> <span class='ocrx_word' id='word_1_39' title='bbox 436 614 593 668; x_wconf 81' lang='lat' dir='ltr'><strong>ministerio</strong></span> <span class='ocrx_word' id='word_1_40' title='bbox 602 613 764 668; x_wconf 88' lang='lat' dir='ltr'><strong>sacerdotis.</strong></span> <span class='ocrx_word' id='word_1_41' title='bbox 935 625 984 663; x_wconf 89' lang='lat' dir='ltr'><strong>cus</strong></span> <span class='ocrx_word' id='word_1_42' title='bbox 1007 607 1165 663; x_wconf 83' lang='lat' dir='ltr'><strong>confitenda</strong></span> <span class='ocrx_word' id='word_1_43' title='bbox 1179 607 1256 663; x_wconf 86' lang='lat' dir='ltr'><strong>omni</strong></span> <span class='ocrx_word' id='word_1_44' title='bbox 1279 607 1336 662; x_wconf 84' lang='lat' dir='ltr'><strong>uiro</strong></span> <span class='ocrx_word' id='word_1_45' title='bbox 1358 606 1555 672; x_wconf 84' lang='lat' dir='ltr'><strong>ecclesiastico,</strong></span> <span class='ocrx_word' id='word_1_46' title='bbox 1577 621 1627 660; x_wconf 89' lang='lat' dir='ltr'><strong>seu</strong></span> <span class='ocrx_word' id='word_1_47' title='bbox 1645 603 1731 659; x_wconf 87' lang='lat' dir='ltr'><strong>etiam</strong></span> 
     </span>
     <span class='ocr_line' id='line_1_5' title="bbox 139 695 1732 772; baseline -0.009 -12"><span class='ocrx_word' id='word_1_48' title='bbox 139 705 163 772; x_wconf 63' lang='lat' dir='ltr'><strong>ft</strong></span> <span class='ocrx_word' id='word_1_49' title='bbox 178 705 247 760; x_wconf 79' lang='lat' dir='ltr'><strong>Cum</strong></span> <span class='ocrx_word' id='word_1_50' title='bbox 265 707 340 760; x_wconf 71' lang='lat' dir='ltr'><strong>saian</strong></span> <span class='ocrx_word' id='word_1_51' title='bbox 357 705 487 771; x_wconf 73' lang='lat' dir='ltr'><strong>confusio</strong></span> <span class='ocrx_word' id='word_1_52' title='bbox 506 706 628 772; x_wconf 70' lang='lat' dir='ltr'><strong>figarum</strong></span> <span class='ocrx_word' id='word_1_53' title='bbox 644 704 775 772; x_wconf 80' lang='lat' dir='ltr'><strong>baptismi</strong></span> <span class='ocrx_word' id='word_1_54' title='bbox 793 705 892 756; x_wconf 82' lang='lat' dir='ltr'><strong>teneat.</strong></span> <span class='ocrx_word' id='word_1_55' title='bbox 934 697 1006 752; x_wconf 91' lang='lat' dir='ltr'><strong>laico</strong></span> <span class='ocrx_word' id='word_1_56' title='bbox 1033 696 1118 764; x_wconf 84' lang='lat' dir='ltr'><strong>fideli,</strong></span> <span class='ocrx_word' id='word_1_57' title='bbox 1140 696 1176 752; x_wconf 91' lang='lat' dir='ltr'><strong>ad</strong></span> <span class='ocrx_word' id='word_1_58' title='bbox 1200 695 1252 751; x_wconf 91' lang='lat' dir='ltr'><strong>hoc</strong></span> <span class='ocrx_word' id='word_1_59' title='bbox 1275 700 1307 751; x_wconf 91' lang='lat' dir='ltr'><strong>ut</strong></span> <span class='ocrx_word' id='word_1_60' title='bbox 1329 697 1465 751; x_wconf 83' lang='lat' dir='ltr'><strong>confitens</strong></span> <span class='ocrx_word' id='word_1_61' title='bbox 1478 695 1635 749; x_wconf 89' lang='lat' dir='ltr'><strong>instruatur</strong></span> <span class='ocrx_word' id='word_1_62' title='bbox 1646 707 1732 762; x_wconf 92' lang='lat' dir='ltr'><strong>quam</strong></span> 
     </span>
     <span class='ocr_line' id='line_1_6' title="bbox 108 787 1731 864; baseline -0.003 -17"><span class='ocrx_word' id='word_1_63' title='bbox 108 794 279 864; x_wconf 70' lang='lat' dir='ltr'><strong>Rstnamque</strong></span> <span class='ocrx_word' id='word_1_64' title='bbox 288 792 520 848; x_wconf 84' lang='lat' dir='ltr'><strong>uelutisecundus</strong></span> <span class='ocrx_word' id='word_1_65' title='bbox 530 790 695 863; x_wconf 88' lang='lat' dir='ltr'><strong>baptismus,</strong></span> <span class='ocrx_word' id='word_1_66' title='bbox 705 794 734 844; x_wconf 90' lang='lat' dir='ltr'><strong>ct</strong></span> <span class='ocrx_word' id='word_1_67' title='bbox 747 809 759 842; x_wconf 80' lang='grc' dir='ltr'>ι</span> <span class='ocrx_word' id='word_1_68' title='bbox 771 787 895 843; x_wconf 90' lang='lat' dir='ltr'><strong>secunda</strong></span> <span class='ocrx_word' id='word_1_69' title='bbox 933 790 1171 860; x_wconf 81' lang='lat' dir='ltr'><strong>gravissimirum</strong></span> <span class='ocrx_word' id='word_1_70' title='bbox 1179 789 1237 844; x_wconf 90' lang='lat' dir='ltr'><strong>sint</strong></span> <span class='ocrx_word' id='word_1_71' title='bbox 1245 806 1264 845; x_wconf 89' lang='lat' dir='ltr'><strong>a</strong></span> <span class='ocrx_word' id='word_1_72' title='bbox 1274 806 1304 844; x_wconf 92' lang='lat' dir='ltr'><strong>se</strong></span> <span class='ocrx_word' id='word_1_73' title='bbox 1313 790 1462 845; x_wconf 87' lang='lat' dir='ltr'><strong>commissa</strong></span> <span class='ocrx_word' id='word_1_74' title='bbox 1471 793 1731 861; x_wconf 72' lang='lat' dir='ltr'><strong>peccamqmnam</strong></span> 
     </span>
     <span class='ocr_line' id='line_1_7' title="bbox 106 875 1729 954; baseline -0.002 -19"><span class='ocrx_word' id='word_1_75' title='bbox 106 887 161 952; x_wconf 85' lang='lat' dir='ltr'><strong>post</strong></span> <span class='ocrx_word' id='word_1_76' title='bbox 177 879 356 951; x_wconf 85' lang='lat' dir='ltr'><strong>naufragium</strong></span> <span class='ocrx_word' id='word_1_77' title='bbox 380 879 486 945; x_wconf 87' lang='lat' dir='ltr'><strong>tabula,</strong></span> <span class='ocrx_word' id='word_1_78' title='bbox 507 893 572 934; x_wconf 91' lang='lat' dir='ltr'><strong>cum</strong></span> <span class='ocrx_word' id='word_1_79' title='bbox 598 877 766 950; x_wconf 81' lang='lat' dir='ltr'><strong>peccaveris,</strong></span> <span class='ocrx_word' id='word_1_80' title='bbox 790 875 893 931; x_wconf 90' lang='lat' dir='ltr'><strong>erube·</strong></span> <span class='ocrx_word' id='word_1_81' title='bbox 934 880 1122 936; x_wconf 82' lang='lat' dir='ltr'><strong>adiuinorum</strong></span> <span class='ocrx_word' id='word_1_82' title='bbox 1138 881 1729 954; x_wconf 86' lang='lat' dir='ltr'><strong>arceantparticipationesacramentorum,</strong></span> 
     </span>
     <span class='ocr_line' id='line_1_8' title="bbox 107 965 1728 1043; baseline -0.001 -21"><span class='ocrx_word' id='word_1_83' title='bbox 107 969 287 1040; x_wconf 85' lang='lat' dir='ltr'><strong>scere,inquit</strong></span> <span class='ocrx_word' id='word_1_84' title='bbox 296 969 329 1023; x_wconf 89' lang='lat' dir='ltr'><strong>B.</strong></span> <span class='ocrx_word' id='word_1_85' title='bbox 341 968 541 1039; x_wconf 81' lang='lat' dir='ltr'><strong>Hieronymus,</strong></span> <span class='ocrx_word' id='word_1_86' title='bbox 555 969 575 1022; x_wconf 93' lang='lat' dir='ltr'><strong>l.</strong></span> <span class='ocrx_word' id='word_1_87' title='bbox 589 983 617 1033; x_wconf 84' lang='lat' dir='ltr'><strong>r,</strong></span> <span class='ocrx_word' id='word_1_88' title='bbox 631 967 730 1038; x_wconf 89' lang='lat' dir='ltr'><strong>incap.</strong></span> <span class='ocrx_word' id='word_1_89' title='bbox 749 965 891 1022; x_wconf 73' lang='lat' dir='ltr'><strong>leuzech.</strong></span> <span class='ocrx_word' id='word_1_90' title='bbox 934 974 964 1025; x_wconf 92' lang='lat' dir='ltr'><strong>et</strong></span> <span class='ocrx_word' id='word_1_91' title='bbox 976 970 1093 1043; x_wconf 88' lang='lat' dir='ltr'><strong>posthac</strong></span> <span class='ocrx_word' id='word_1_92' title='bbox 1112 969 1252 1041; x_wconf 89' lang='lat' dir='ltr'><strong>quomodo</strong></span> <span class='ocrx_word' id='word_1_93' title='bbox 1266 985 1328 1025; x_wconf 88' lang='lat' dir='ltr'><strong>sese</strong></span> <span class='ocrx_word' id='word_1_94' title='bbox 1342 987 1359 1025; x_wconf 90' lang='lat' dir='ltr'><strong>a</strong></span> <span class='ocrx_word' id='word_1_95' title='bbox 1373 969 1431 1024; x_wconf 89' lang='lat' dir='ltr'><strong>suis</strong></span> <span class='ocrx_word' id='word_1_96' title='bbox 1446 969 1554 1024; x_wconf 88' lang='lat' dir='ltr'><strong>delictis</strong></span> <span class='ocrx_word' id='word_1_97' title='bbox 1568 973 1728 1038; x_wconf 87' lang='lat' dir='ltr'><strong>temperare</strong></span> 
     </span>
     <span class='ocr_line' id='line_1_9' title="bbox 105 1055 1731 1128; baseline -0.001 -17"><span class='ocrx_word' id='word_1_98' title='bbox 105 1057 159 1113; x_wconf 86' lang='lat' dir='ltr'><strong>sub.</strong></span> <span class='ocrx_word' id='word_1_99' title='bbox 174 1058 248 1112; x_wconf 90' lang='lat' dir='ltr'><strong>med.</strong></span> <span class='ocrx_word' id='word_1_100' title='bbox 265 1057 508 1122; x_wconf 81' lang='lat' dir='ltr'><strong>Quemadmodum</strong></span> <span class='ocrx_word' id='word_1_101' title='bbox 518 1056 594 1110; x_wconf 89' lang='lat' dir='ltr'><strong>enim</strong></span> <span class='ocrx_word' id='word_1_102' title='bbox 604 1055 633 1110; x_wconf 92' lang='lat' dir='ltr'><strong>in</strong></span> <span class='ocrx_word' id='word_1_103' title='bbox 643 1056 781 1128; x_wconf 91' lang='lat' dir='ltr'><strong>baptismo</strong></span> <span class='ocrx_word' id='word_1_104' title='bbox 795 1071 894 1126; x_wconf 86' lang='lat' dir='ltr'><strong>peccu-</strong></span> <span class='ocrx_word' id='word_1_105' title='bbox 934 1057 1043 1114; x_wconf 79' lang='lat' dir='ltr'><strong>debeat.</strong></span> <span class='ocrx_word' id='word_1_106' title='bbox 1059 1059 1091 1112; x_wconf 78' lang='lat' dir='ltr'><strong>Et</strong></span> <span class='ocrx_word' id='word_1_107' title='bbox 1106 1059 1133 1112; x_wconf 82' lang='lat' dir='ltr'><strong>il</strong></span> <span class='ocrx_word' id='word_1_108' title='bbox 1151 1075 1186 1113; x_wconf 87' lang='lat' dir='ltr'><strong>ex</strong></span> <span class='ocrx_word' id='word_1_109' title='bbox 1207 1063 1302 1114; x_wconf 82' lang='lat' dir='ltr'><strong>inante</strong></span> <span class='ocrx_word' id='word_1_110' title='bbox 1315 1063 1476 1114; x_wconf 88' lang='lat' dir='ltr'><strong>sanctorum</strong></span> <span class='ocrx_word' id='word_1_111' title='bbox 1490 1058 1616 1112; x_wconf 81' lang='lat' dir='ltr'><strong>Patrem.</strong></span> <span class='ocrx_word' id='word_1_112' title='bbox 1632 1055 1661 1110; x_wconf 88' lang='lat' dir='ltr'><strong>S.</strong></span> <span class='ocrx_word' id='word_1_113' title='bbox 1676 1055 1731 1110; x_wconf 90' lang='lat' dir='ltr'><strong>Be-</strong></span> 
     </span>
     <span class='ocr_line' id='line_1_10' title="bbox 107 1143 1732 1218; baseline -0.001 -18"><span class='ocrx_word' id='word_1_114' title='bbox 107 1151 158 1200; x_wconf 88' lang='lat' dir='ltr'><strong>tum</strong></span> <span class='ocrx_word' id='word_1_115' title='bbox 167 1146 305 1216; x_wconf 79' lang='lat' dir='ltr'><strong>originale</strong></span> <span class='ocrx_word' id='word_1_116' title='bbox 319 1153 348 1201; x_wconf 91' lang='lat' dir='ltr'><strong>et</strong></span> <span class='ocrx_word' id='word_1_117' title='bbox 361 1146 470 1201; x_wconf 87' lang='lat' dir='ltr'><strong>actuale</strong></span> <span class='ocrx_word' id='word_1_118' title='bbox 482 1145 617 1212; x_wconf 89' lang='lat' dir='ltr'><strong>abluitur,</strong></span> <span class='ocrx_word' id='word_1_119' title='bbox 626 1145 666 1200; x_wconf 90' lang='lat' dir='ltr'><strong>sic</strong></span> <span class='ocrx_word' id='word_1_120' title='bbox 679 1145 708 1200; x_wconf 92' lang='lat' dir='ltr'><strong>in</strong></span> <span class='ocrx_word' id='word_1_121' title='bbox 723 1144 894 1216; x_wconf 79' lang='lat' dir='ltr'><strong>poenitentiae</strong></span> <span class='ocrx_word' id='word_1_122' title='bbox 934 1147 1063 1203; x_wconf 76' lang='lat' dir='ltr'><strong>nedictus</strong></span> <span class='ocrx_word' id='word_1_123' title='bbox 1077 1147 1180 1218; x_wconf 86' lang='lat' dir='ltr'><strong>regulae</strong></span> <span class='ocrx_word' id='word_1_124' title='bbox 1195 1163 1219 1202; x_wconf 88' lang='lat' dir='ltr'><strong>c.</strong></span> <span class='ocrx_word' id='word_1_125' title='bbox 1236 1149 1251 1202; x_wconf 82' lang='lat'>7</span> <span class='ocrx_word' id='word_1_126' title='bbox 1268 1147 1302 1202; x_wconf 92' lang='lat' dir='ltr'><strong>de</strong></span> <span class='ocrx_word' id='word_1_127' title='bbox 1316 1147 1478 1202; x_wconf 86' lang='lat' dir='ltr'><strong>humilitate</strong></span> <span class='ocrx_word' id='word_1_128' title='bbox 1492 1164 1499 1200; x_wconf 74' lang='grc' dir='ltr'>ε</span> <span class='ocrx_word' id='word_1_129' title='bbox 1513 1166 1525 1199; x_wconf 80' lang='grc' dir='ltr'>ι</span> <span class='ocrx_word' id='word_1_130' title='bbox 1546 1145 1666 1210; x_wconf 82' lang='lat' dir='ltr'><strong>Quintus</strong></span> <span class='ocrx_word' id='word_1_131' title='bbox 1680 1143 1732 1198; x_wconf 91' lang='lat' dir='ltr'><strong>hu·</strong></span> 
     </span>
     <span class='ocr_line' id='line_1_11' title="bbox 106 1232 1732 1306; baseline -0.002 -18"><span class='ocrx_word' id='word_1_132' title='bbox 106 1239 272 1290; x_wconf 87' lang='lat' dir='ltr'><strong>sacramento</strong></span> <span class='ocrx_word' id='word_1_133' title='bbox 293 1235 426 1290; x_wconf 84' lang='lat' dir='ltr'><strong>universa</strong></span> <span class='ocrx_word' id='word_1_134' title='bbox 449 1234 570 1289; x_wconf 79' lang='lat' dir='ltr'><strong>actualia</strong></span> <span class='ocrx_word' id='word_1_135' title='bbox 595 1239 709 1306; x_wconf 86' lang='lat' dir='ltr'><strong>peccata</strong></span> <span class='ocrx_word' id='word_1_136' title='bbox 737 1234 892 1288; x_wconf 82' lang='lat' dir='ltr'><strong>solvuntur.</strong></span> <span class='ocrx_word' id='word_1_137' title='bbox 934 1235 1062 1291; x_wconf 87' lang='lat' dir='ltr'><strong>militatis</strong></span> <span class='ocrx_word' id='word_1_138' title='bbox 1076 1237 1182 1306; x_wconf 85' lang='lat' dir='ltr'><strong>gradus</strong></span> <span class='ocrx_word' id='word_1_139' title='bbox 1205 1241 1257 1302; x_wconf 89' lang='lat' dir='ltr'><strong>est,</strong></span> <span class='ocrx_word' id='word_1_140' title='bbox 1280 1237 1304 1291; x_wconf 90' lang='lat' dir='ltr'><strong>si</strong></span> <span class='ocrx_word' id='word_1_141' title='bbox 1327 1252 1425 1291; x_wconf 90' lang='lat' dir='ltr'><strong>omnes</strong></span> <span class='ocrx_word' id='word_1_142' title='bbox 1445 1232 1732 1306; x_wconf 89' lang='lat' dir='ltr'><strong>cogitationesmalas</strong></span> 
     </span>
     <span class='ocr_line' id='line_1_12' title="bbox 106 1321 1732 1394; baseline -0.001 -18"><span class='ocrx_word' id='word_1_143' title='bbox 106 1323 197 1378; x_wconf 80' lang='lat' dir='ltr'><strong>lerum</strong></span> <span class='ocrx_word' id='word_1_144' title='bbox 211 1323 380 1394; x_wconf 82' lang='lat' dir='ltr'><strong>pmnitentia</strong></span> <span class='ocrx_word' id='word_1_145' title='bbox 392 1322 585 1377; x_wconf 83' lang='lat' dir='ltr'><strong>omnimodam</strong></span> <span class='ocrx_word' id='word_1_146' title='bbox 595 1321 725 1392; x_wconf 83' lang='lat' dir='ltr'><strong>baptismi</strong></span> <span class='ocrx_word' id='word_1_147' title='bbox 736 1321 813 1376; x_wconf 85' lang='lat' dir='ltr'><strong>haud</strong></span> <span class='ocrx_word' id='word_1_148' title='bbox 823 1337 894 1393; x_wconf 87' lang='lat' dir='ltr'><strong>qua·</strong></span> <span class='ocrx_word' id='word_1_149' title='bbox 935 1325 1012 1379; x_wconf 91' lang='lat' dir='ltr'><strong>cordi</strong></span> <span class='ocrx_word' id='word_1_150' title='bbox 1026 1342 1078 1380; x_wconf 88' lang='lat' dir='ltr'><strong>suo</strong></span> <span class='ocrx_word' id='word_1_151' title='bbox 1091 1325 1281 1391; x_wconf 84' lang='lat' dir='ltr'><strong>aduenientes,</strong></span> <span class='ocrx_word' id='word_1_152' title='bbox 1300 1326 1341 1379; x_wconf 86' lang='lat' dir='ltr'><strong>vel</strong></span> <span class='ocrx_word' id='word_1_153' title='bbox 1357 1325 1432 1379; x_wconf 89' lang='lat' dir='ltr'><strong>mala</strong></span> <span class='ocrx_word' id='word_1_154' title='bbox 1445 1341 1462 1379; x_wconf 90' lang='lat' dir='ltr'><strong>a</strong></span> <span class='ocrx_word' id='word_1_155' title='bbox 1478 1340 1508 1378; x_wconf 89' lang='lat' dir='ltr'><strong>se</strong></span> <span class='ocrx_word' id='word_1_156' title='bbox 1520 1322 1732 1378; x_wconf 88' lang='lat' dir='ltr'><strong>absconseeom·</strong></span> 
     </span>
     <span class='ocr_line' id='line_1_13' title="bbox 106 1408 1732 1484; baseline -0.003 -17"><span class='ocrx_word' id='word_1_157' title='bbox 106 1427 179 1482; x_wconf 90' lang='lat' dir='ltr'><strong>quam</strong></span> <span class='ocrx_word' id='word_1_158' title='bbox 191 1428 250 1484; x_wconf 78' lang='lat' dir='ltr'><strong>prm</strong></span> <span class='ocrx_word' id='word_1_159' title='bbox 264 1428 294 1466; x_wconf 93' lang='lat' dir='ltr'><strong>se</strong></span> <span class='ocrx_word' id='word_1_160' title='bbox 306 1412 362 1466; x_wconf 90' lang='lat' dir='ltr'><strong>fert</strong></span> <span class='ocrx_word' id='word_1_161' title='bbox 376 1412 506 1482; x_wconf 88' lang='lat' dir='ltr'><strong>figuram,</strong></span> <span class='ocrx_word' id='word_1_162' title='bbox 521 1417 555 1465; x_wconf 90' lang='lat' dir='ltr'><strong>ut</strong></span> <span class='ocrx_word' id='word_1_163' title='bbox 565 1410 685 1483; x_wconf 88' lang='lat' dir='ltr'><strong>probant</strong></span> <span class='ocrx_word' id='word_1_164' title='bbox 695 1411 722 1465; x_wconf 92' lang='lat' dir='ltr'><strong>S.</strong></span> <span class='ocrx_word' id='word_1_165' title='bbox 735 1409 895 1465; x_wconf 88' lang='lat' dir='ltr'><strong>Thomasin</strong></span> <span class='ocrx_word' id='word_1_166' title='bbox 935 1412 1030 1476; x_wconf 87' lang='lat' dir='ltr'><strong>missa,</strong></span> <span class='ocrx_word' id='word_1_167' title='bbox 1047 1429 1098 1484; x_wconf 92' lang='lat' dir='ltr'><strong>per</strong></span> <span class='ocrx_word' id='word_1_168' title='bbox 1112 1412 1247 1467; x_wconf 89' lang='lat' dir='ltr'><strong>humilem</strong></span> <span class='ocrx_word' id='word_1_169' title='bbox 1266 1413 1469 1468; x_wconf 89' lang='lat' dir='ltr'><strong>confessionem</strong></span> <span class='ocrx_word' id='word_1_170' title='bbox 1484 1409 1578 1467; x_wconf 90' lang='lat' dir='ltr'><strong>abbati</strong></span> <span class='ocrx_word' id='word_1_171' title='bbox 1591 1425 1648 1464; x_wconf 91' lang='lat' dir='ltr'><strong>non</strong></span> <span class='ocrx_word' id='word_1_172' title='bbox 1661 1408 1732 1462; x_wconf 88' lang='lat' dir='ltr'><strong>cela-</strong></span> 
     </span>
     <span class='ocr_line' id='line_1_14' title="bbox 105 1495 1734 1571; baseline -0.002 -18"><span class='ocrx_word' id='word_1_173' title='bbox 105 1498 208 1566; x_wconf 76' lang='lat' dir='ltr'><strong>dseut,</strong></span> <span class='ocrx_word' id='word_1_174' title='bbox 225 1499 295 1554; x_wconf 90' lang='lat' dir='ltr'><strong>dist.</strong></span> <span class='ocrx_word' id='word_1_175' title='bbox 306 1498 351 1563; x_wconf 82' lang='lat' dir='ltr'><strong>lt,</strong></span> <span class='ocrx_word' id='word_1_176' title='bbox 365 1515 391 1554; x_wconf 86' lang='lat' dir='ltr'><strong>a.</strong></span> <span class='ocrx_word' id='word_1_177' title='bbox 405 1498 433 1565; x_wconf 82' lang='lat'><strong>3,</strong></span> <span class='ocrx_word' id='word_1_178' title='bbox 448 1497 483 1552; x_wconf 86' lang='lat' dir='ltr'><strong>ad</strong></span> <span class='ocrx_word' id='word_1_179' title='bbox 493 1495 672 1566; x_wconf 72' lang='lat' dir='ltr'><strong>2Don1iaic.;</strong></span> <span class='ocrx_word' id='word_1_180' title='bbox 690 1498 793 1554; x_wconf 87' lang='lat' dir='ltr'><strong>Sotoin</strong></span> <span class='ocrx_word' id='word_1_181' title='bbox 802 1497 892 1553; x_wconf 66' lang='lat' dir='ltr'><strong>laist,</strong></span> <span class='ocrx_word' id='word_1_182' title='bbox 935 1501 1075 1558; x_wconf 83' lang='lat' dir='ltr'><strong>ueritsuo.</strong></span> <span class='ocrx_word' id='word_1_183' title='bbox 1100 1501 1191 1565; x_wconf 72' lang='lat' dir='ltr'><strong>›Quei</strong></span> <span class='ocrx_word' id='word_1_184' title='bbox 1201 1517 1269 1556; x_wconf 87' lang='lat' dir='ltr'><strong>sane</strong></span> <span class='ocrx_word' id='word_1_185' title='bbox 1278 1501 1441 1556; x_wconf 81' lang='lat' dir='ltr'><strong>directionis</strong></span> <span class='ocrx_word' id='word_1_186' title='bbox 1453 1499 1546 1571; x_wconf 89' lang='lat' dir='ltr'><strong>gratia</strong></span> <span class='ocrx_word' id='word_1_187' title='bbox 1559 1496 1663 1570; x_wconf 71' lang='lat' dir='ltr'><strong>aperiri</strong></span> <span class='ocrx_word' id='word_1_188' title='bbox 1674 1496 1734 1551; x_wconf 86' lang='lat' dir='ltr'><strong>vult</strong></span> 
     </span>
     <span class='ocr_line' id='line_1_15' title="bbox 105 1585 1732 1659; baseline -0.009 -5"><span class='ocrx_word' id='word_1_189' title='bbox 105 1587 142 1654; x_wconf 59' lang='lat'><strong>1&amp;</strong></span> <span class='ocrx_word' id='word_1_190' title='bbox 157 1605 184 1659; x_wconf 80' lang='lat' dir='ltr'><strong>q·</strong></span> <span class='ocrx_word' id='word_1_191' title='bbox 201 1585 230 1654; x_wconf 69' lang='grc'><strong>4,</strong></span> <span class='ocrx_word' id='word_1_192' title='bbox 247 1593 304 1642; x_wconf 72' lang='lat' dir='ltr'><strong>art·</strong></span> <span class='ocrx_word' id='word_1_193' title='bbox 315 1589 342 1642; x_wconf 75' lang='lat'><strong>1·</strong></span> <span class='ocrx_word' id='word_1_194' title='bbox 357 1588 392 1642; x_wconf 67' lang='lat' dir='ltr'><strong>Et</strong></span> <span class='ocrx_word' id='word_1_195' title='bbox 403 1586 451 1642; x_wconf 64' lang='lat' dir='ltr'><strong>alil</strong></span> <span class='ocrx_word' id='word_1_196' title='bbox 468 1587 582 1659; x_wconf 66' lang='lat' dir='ltr'><strong>passim·</strong></span> <span class='ocrx_word' id='word_1_197' title='bbox 936 1590 1115 1646; x_wconf 90' lang='lat' dir='ltr'><strong>beatissimus</strong></span> <span class='ocrx_word' id='word_1_198' title='bbox 1134 1591 1227 1654; x_wconf 85' lang='lat' dir='ltr'><strong>Pater,</strong></span> <span class='ocrx_word' id='word_1_199' title='bbox 1244 1607 1308 1648; x_wconf 87' lang='lat' dir='ltr'><strong>nam</strong></span> <span class='ocrx_word' id='word_1_200' title='bbox 1330 1591 1359 1644; x_wconf 92' lang='lat' dir='ltr'><strong>in</strong></span> <span class='ocrx_word' id='word_1_201' title='bbox 1380 1590 1554 1646; x_wconf 90' lang='lat' dir='ltr'><strong>confessione</strong></span> <span class='ocrx_word' id='word_1_202' title='bbox 1571 1601 1732 1642; x_wconf 88' lang='lat' dir='ltr'><strong>sacramen·</strong></span> 
     </span>
     <span class='ocr_line' id='line_1_16' title="bbox 135 1673 1741 1749; baseline 0 -17"><span class='ocrx_word' id='word_1_203' title='bbox 135 1677 159 1746; x_wconf 58' lang='grc' dir='ltr'><strong>(ὅ)</strong></span> <span class='ocrx_word' id='word_1_204' title='bbox 174 1679 210 1732; x_wconf 86' lang='lat' dir='ltr'><strong>Its</strong></span> <span class='ocrx_word' id='word_1_205' title='bbox 223 1680 348 1733; x_wconf 81' lang='lat' dir='ltr'><strong>crimine</strong></span> <span class='ocrx_word' id='word_1_206' title='bbox 362 1681 441 1746; x_wconf 78' lang='lat' dir='ltr'><strong>repat</strong></span> <span class='ocrx_word' id='word_1_207' title='bbox 456 1681 545 1732; x_wconf 86' lang='lat' dir='ltr'><strong>teneri</strong></span> <span class='ocrx_word' id='word_1_208' title='bbox 558 1681 590 1732; x_wconf 86' lang='lat' dir='ltr'><strong>ia</strong></span> <span class='ocrx_word' id='word_1_209' title='bbox 605 1678 782 1745; x_wconf 78' lang='lat' dir='ltr'><strong>consessione.</strong></span> <span class='ocrx_word' id='word_1_210' title='bbox 801 1677 832 1731; x_wconf 92' lang='lat' dir='ltr'><strong>ld</strong></span> <span class='ocrx_word' id='word_1_211' title='bbox 852 1681 895 1732; x_wconf 89' lang='lat' dir='ltr'><strong>est</strong></span> <span class='ocrx_word' id='word_1_212' title='bbox 936 1679 986 1734; x_wconf 90' lang='lat' dir='ltr'><strong>tali</strong></span> <span class='ocrx_word' id='word_1_213' title='bbox 1008 1694 1064 1734; x_wconf 88' lang='lat' dir='ltr'><strong>non</strong></span> <span class='ocrx_word' id='word_1_214' title='bbox 1087 1679 1177 1733; x_wconf 89' lang='lat' dir='ltr'><strong>solum</strong></span> <span class='ocrx_word' id='word_1_215' title='bbox 1191 1679 1308 1744; x_wconf 89' lang='lat' dir='ltr'><strong>occulta,</strong></span> <span class='ocrx_word' id='word_1_216' title='bbox 1334 1679 1383 1734; x_wconf 89' lang='lat' dir='ltr'><strong>sed</strong></span> <span class='ocrx_word' id='word_1_217' title='bbox 1407 1684 1436 1733; x_wconf 92' lang='lat' dir='ltr'><strong>et</strong></span> <span class='ocrx_word' id='word_1_218' title='bbox 1458 1682 1557 1749; x_wconf 89' lang='lat' dir='ltr'><strong>aperta</strong></span> <span class='ocrx_word' id='word_1_219' title='bbox 1582 1673 1741 1732; x_wconf 77' lang='lat' dir='ltr'><strong>involando.</strong></span> 
     </span>
     <span class='ocr_line' id='line_1_17' title="bbox 103 1746 1732 1838; baseline -0.002 -20"><span class='ocrx_word' id='word_1_220' title='bbox 103 1765 142 1834; x_wconf 89' lang='lat' dir='ltr'><strong>(ut</strong></span> <span class='ocrx_word' id='word_1_221' title='bbox 154 1767 225 1836; x_wconf 78' lang='lat' dir='ltr'><strong>reerl</strong></span> <span class='ocrx_word' id='word_1_222' title='bbox 240 1771 359 1838; x_wconf 83' lang='lat' dir='ltr'><strong>peccata</strong></span> <span class='ocrx_word' id='word_1_223' title='bbox 369 1766 549 1821; x_wconf 89' lang='lat' dir='ltr'><strong>confitentem</strong></span> <span class='ocrx_word' id='word_1_224' title='bbox 568 1766 684 1838; x_wconf 85' lang='lat' dir='ltr'><strong>posthac</strong></span> <span class='ocrx_word' id='word_1_225' title='bbox 700 1765 805 1820; x_wconf 88' lang='lat' dir='ltr'><strong>eisdem</strong></span> <span class='ocrx_word' id='word_1_226' title='bbox 817 1746 1011 1837; x_wconf 77' lang='lat' dir='ltr'><strong>optatsssunt.</strong></span> <span class='ocrx_word' id='word_1_227' title='bbox 1036 1769 1144 1823; x_wconf 89' lang='lat' dir='ltr'><strong>Docent</strong></span> <span class='ocrx_word' id='word_1_228' title='bbox 1164 1767 1221 1822; x_wconf 77' lang='lat' dir='ltr'><strong>haec</strong></span> <span class='ocrx_word' id='word_1_229' title='bbox 1243 1768 1328 1822; x_wconf 88' lang='lat' dir='ltr'><strong>etiam</strong></span> <span class='ocrx_word' id='word_1_230' title='bbox 1355 1773 1469 1822; x_wconf 90' lang='lat' dir='ltr'><strong>sanctus</strong></span> <span class='ocrx_word' id='word_1_231' title='bbox 1487 1765 1609 1821; x_wconf 88' lang='lat' dir='ltr'><strong>Basilius</strong></span> <span class='ocrx_word' id='word_1_232' title='bbox 1628 1762 1732 1832; x_wconf 73' lang='lat' dir='ltr'><strong>regule</strong></span> 
     </span>
     <span class='ocr_line' id='line_1_18' title="bbox 104 1851 1733 1928; baseline -0.003 -18"><span class='ocrx_word' id='word_1_233' title='bbox 104 1856 193 1922; x_wconf 68' lang='lat' dir='ltr'><strong>anem,</strong></span> <span class='ocrx_word' id='word_1_234' title='bbox 208 1855 320 1910; x_wconf 88' lang='lat' dir='ltr'><strong>scilicet</strong></span> <span class='ocrx_word' id='word_1_235' title='bbox 335 1872 386 1926; x_wconf 91' lang='lat' dir='ltr'><strong>pro</strong></span> <span class='ocrx_word' id='word_1_236' title='bbox 408 1854 495 1927; x_wconf 91' lang='lat' dir='ltr'><strong>impio</strong></span> <span class='ocrx_word' id='word_1_237' title='bbox 518 1853 625 1920; x_wconf 89' lang='lat' dir='ltr'><strong>haberi,</strong></span> <span class='ocrx_word' id='word_1_238' title='bbox 647 1870 680 1908; x_wconf 89' lang='lat' dir='ltr'><strong>ac</strong></span> <span class='ocrx_word' id='word_1_239' title='bbox 700 1853 730 1908; x_wconf 91' lang='lat' dir='ltr'><strong>in</strong></span> <span class='ocrx_word' id='word_1_240' title='bbox 751 1869 893 1908; x_wconf 88' lang='lat' dir='ltr'><strong>summum</strong></span> <span class='ocrx_word' id='word_1_241' title='bbox 934 1857 1069 1928; x_wconf 81' lang='lat' dir='ltr'><strong>interrog.</strong></span> <span class='ocrx_word' id='word_1_242' title='bbox 1084 1854 1145 1912; x_wconf 70' lang='lat'><strong>²29.</strong></span> <span class='ocrx_word' id='word_1_243' title='bbox 1157 1856 1294 1912; x_wconf 78' lang='lat' dir='ltr'><strong>concord.</strong></span> <span class='ocrx_word' id='word_1_244' title='bbox 1309 1857 1482 1928; x_wconf 85' lang='lat' dir='ltr'><strong>regularum,</strong></span> <span class='ocrx_word' id='word_1_245' title='bbox 1494 1870 1554 1926; x_wconf 87' lang='lat' dir='ltr'><strong>cap.</strong></span> <span class='ocrx_word' id='word_1_246' title='bbox 1569 1852 1601 1910; x_wconf 75' lang='lat' dir='ltr'><strong>&#39;lb</strong></span> <span class='ocrx_word' id='word_1_247' title='bbox 1615 1871 1621 1906; x_wconf 92' lang='lat'>:</span> <span class='ocrx_word' id='word_1_248' title='bbox 1636 1872 1648 1904; x_wconf 78' lang='grc' dir='ltr'>ι</span> <span class='ocrx_word' id='word_1_249' title='bbox 1661 1851 1733 1906; x_wconf 83' lang='lat' dir='ltr'><strong>Cou-</strong></span> 
     </span>
     <span class='ocr_line' id='line_1_19' title="bbox 103 1938 1732 2017; baseline -0.001 -21"><span class='ocrx_word' id='word_1_250' title='bbox 103 1943 157 1996; x_wconf 81' lang='lat' dir='ltr'><strong>rite</strong></span> <span class='ocrx_word' id='word_1_251' title='bbox 174 1943 331 1998; x_wconf 83' lang='lat' dir='ltr'><strong>discrimen</strong></span> <span class='ocrx_word' id='word_1_252' title='bbox 348 1941 462 1999; x_wconf 89' lang='lat' dir='ltr'><strong>adduci.</strong></span> <span class='ocrx_word' id='word_1_253' title='bbox 481 1943 545 1997; x_wconf 89' lang='lat' dir='ltr'><strong>Non</strong></span> <span class='ocrx_word' id='word_1_254' title='bbox 565 1957 645 1996; x_wconf 89' lang='lat' dir='ltr'><strong>secus</strong></span> <span class='ocrx_word' id='word_1_255' title='bbox 668 1941 742 1996; x_wconf 90' lang='lat' dir='ltr'><strong>enim</strong></span> <span class='ocrx_word' id='word_1_256' title='bbox 757 1957 790 1996; x_wconf 88' lang='lat' dir='ltr'><strong>ac</strong></span> <span class='ocrx_word' id='word_1_257' title='bbox 807 1941 894 1996; x_wconf 87' lang='lat' dir='ltr'><strong>ludas</strong></span> <span class='ocrx_word' id='word_1_258' title='bbox 934 1946 1017 2002; x_wconf 88' lang='lat' dir='ltr'><strong>fessio</strong></span> <span class='ocrx_word' id='word_1_259' title='bbox 1032 1949 1209 2017; x_wconf 83' lang='lat' dir='ltr'><strong>peccatorum</strong></span> <span class='ocrx_word' id='word_1_260' title='bbox 1222 1946 1294 2000; x_wconf 91' lang='lat' dir='ltr'><strong>hanc</strong></span> <span class='ocrx_word' id='word_1_261' title='bbox 1303 1945 1390 2000; x_wconf 85' lang='lat' dir='ltr'><strong>habet</strong></span> <span class='ocrx_word' id='word_1_262' title='bbox 1398 1944 1535 1999; x_wconf 86' lang='lat' dir='ltr'><strong>rationem</strong></span> <span class='ocrx_word' id='word_1_263' title='bbox 1546 1955 1632 2013; x_wconf 87' lang='lat' dir='ltr'><strong>quam</strong></span> <span class='ocrx_word' id='word_1_264' title='bbox 1646 1938 1732 1994; x_wconf 88' lang='lat' dir='ltr'><strong>habet</strong></span> 
     </span>
     <span class='ocr_line' id='line_1_20' title="bbox 102 2028 1731 2107; baseline -0.002 -21"><span class='ocrx_word' id='word_1_265' title='bbox 102 2032 179 2087; x_wconf 81' lang='lat' dir='ltr'><strong>ossuli</strong></span> <span class='ocrx_word' id='word_1_266' title='bbox 193 2033 278 2102; x_wconf 91' lang='lat' dir='ltr'><strong>signo</strong></span> <span class='ocrx_word' id='word_1_267' title='bbox 294 2031 386 2086; x_wconf 80' lang='lat' dir='ltr'><strong>effecit</strong></span> <span class='ocrx_word' id='word_1_268' title='bbox 406 2035 438 2086; x_wconf 91' lang='lat' dir='ltr'><strong>ut</strong></span> <span class='ocrx_word' id='word_1_269' title='bbox 459 2031 490 2085; x_wconf 90' lang='lat' dir='ltr'><strong>in</strong></span> <span class='ocrx_word' id='word_1_270' title='bbox 508 2031 652 2089; x_wconf 86' lang='lat' dir='ltr'><strong>Christum</strong></span> <span class='ocrx_word' id='word_1_271' title='bbox 674 2047 775 2084; x_wconf 86' lang='lat' dir='ltr'><strong>munus</strong></span> <span class='ocrx_word' id='word_1_272' title='bbox 795 2030 893 2101; x_wconf 85' lang='lat' dir='ltr'><strong>injice·</strong></span> <span class='ocrx_word' id='word_1_273' title='bbox 936 2035 1037 2090; x_wconf 88' lang='lat' dir='ltr'><strong>vulnus</strong></span> <span class='ocrx_word' id='word_1_274' title='bbox 1051 2035 1165 2106; x_wconf 88' lang='lat' dir='ltr'><strong>aliquod</strong></span> <span class='ocrx_word' id='word_1_275' title='bbox 1177 2035 1313 2107; x_wconf 88' lang='lat' dir='ltr'><strong>corporis,</strong></span> <span class='ocrx_word' id='word_1_276' title='bbox 1335 2034 1378 2088; x_wconf 81' lang='lat' dir='ltr'><strong>vel</strong></span> <span class='ocrx_word' id='word_1_277' title='bbox 1398 2031 1492 2105; x_wconf 85' lang='lat' dir='ltr'><strong>passio</strong></span> <span class='ocrx_word' id='word_1_278' title='bbox 1511 2047 1573 2103; x_wconf 84' lang='lat' dir='ltr'><strong>quae</strong></span> <span class='ocrx_word' id='word_1_279' title='bbox 1587 2028 1731 2083; x_wconf 78' lang='lat' dir='ltr'><strong>medicinae</strong></span> 
     </span>
     <span class='ocr_line' id='line_1_21' title="bbox 103 2118 1732 2194; baseline -0.001 -20"><span class='ocrx_word' id='word_1_280' title='bbox 103 2120 266 2187; x_wconf 78' lang='lat' dir='ltr'><strong>rentludaei,</strong></span> <span class='ocrx_word' id='word_1_281' title='bbox 274 2123 360 2190; x_wconf 85' lang='lat' dir='ltr'><strong>utque</strong></span> <span class='ocrx_word' id='word_1_282' title='bbox 370 2120 441 2174; x_wconf 87' lang='lat' dir='ltr'><strong>adeo</strong></span> <span class='ocrx_word' id='word_1_283' title='bbox 449 2119 533 2174; x_wconf 92' lang='lat' dir='ltr'><strong>morti</strong></span> <span class='ocrx_word' id='word_1_284' title='bbox 543 2119 689 2174; x_wconf 88' lang='lat' dir='ltr'><strong>traderent</strong></span> <span class='ocrx_word' id='word_1_285' title='bbox 700 2137 705 2172; x_wconf 94' lang='lat'><strong>:</strong></span> <span class='ocrx_word' id='word_1_286' title='bbox 717 2119 758 2173; x_wconf 89' lang='lat' dir='ltr'><strong>ita</strong></span> <span class='ocrx_word' id='word_1_287' title='bbox 766 2119 896 2174; x_wconf 83' lang='lat' dir='ltr'><strong>sacerdos</strong></span> <span class='ocrx_word' id='word_1_288' title='bbox 936 2125 1155 2180; x_wconf 86' lang='lat' dir='ltr'><strong>demonstranda</strong></span> <span class='ocrx_word' id='word_1_289' title='bbox 1182 2130 1233 2180; x_wconf 88' lang='lat' dir='ltr'><strong>est.</strong></span> <span class='ocrx_word' id='word_1_290' title='bbox 1261 2125 1339 2180; x_wconf 86' lang='lat' dir='ltr'><strong>Sicut</strong></span> <span class='ocrx_word' id='word_1_291' title='bbox 1364 2139 1431 2194; x_wconf 89' lang='lat' dir='ltr'><strong>ergo</strong></span> <span class='ocrx_word' id='word_1_292' title='bbox 1450 2137 1507 2178; x_wconf 89' lang='lat' dir='ltr'><strong>non</strong></span> <span class='ocrx_word' id='word_1_293' title='bbox 1525 2119 1655 2176; x_wconf 89' lang='lat' dir='ltr'><strong>omnibus</strong></span> <span class='ocrx_word' id='word_1_294' title='bbox 1670 2118 1732 2190; x_wconf 90' lang='lat' dir='ltr'><strong>quis</strong></span> 
     </span>
     <span class='ocr_line' id='line_1_22' title="bbox 102 2206 1733 2285; baseline -0.001 -22"><span class='ocrx_word' id='word_1_295' title='bbox 102 2207 240 2280; x_wconf 81' lang='lat' dir='ltr'><strong>penitenti</strong></span> <span class='ocrx_word' id='word_1_296' title='bbox 275 2207 356 2279; x_wconf 90' lang='lat' dir='ltr'><strong>quasi</strong></span> <span class='ocrx_word' id='word_1_297' title='bbox 386 2208 513 2263; x_wconf 89' lang='lat' dir='ltr'><strong>osculum</strong></span> <span class='ocrx_word' id='word_1_298' title='bbox 541 2207 662 2271; x_wconf 83' lang='lat' dir='ltr'><strong>exhibet,</strong></span> <span class='ocrx_word' id='word_1_299' title='bbox 684 2207 750 2262; x_wconf 93' lang='lat' dir='ltr'><strong>dum</strong></span> <span class='ocrx_word' id='word_1_300' title='bbox 782 2206 896 2262; x_wconf 88' lang='lat' dir='ltr'><strong>sinistra</strong></span> <span class='ocrx_word' id='word_1_301' title='bbox 936 2213 1060 2269; x_wconf 83' lang='lat' dir='ltr'><strong>vitiauel</strong></span> <span class='ocrx_word' id='word_1_302' title='bbox 1076 2214 1191 2268; x_wconf 87' lang='lat' dir='ltr'><strong>uulnera</strong></span> <span class='ocrx_word' id='word_1_303' title='bbox 1205 2214 1329 2285; x_wconf 88' lang='lat' dir='ltr'><strong>corporis</strong></span> <span class='ocrx_word' id='word_1_304' title='bbox 1344 2213 1388 2268; x_wconf 92' lang='lat' dir='ltr'><strong>sui</strong></span> <span class='ocrx_word' id='word_1_305' title='bbox 1402 2212 1518 2277; x_wconf 82' lang='lat' dir='ltr'><strong>revelat,</strong></span> <span class='ocrx_word' id='word_1_306' title='bbox 1531 2226 1584 2266; x_wconf 91' lang='lat' dir='ltr'><strong>nec</strong></span> <span class='ocrx_word' id='word_1_307' title='bbox 1598 2207 1733 2280; x_wconf 90' lang='lat' dir='ltr'><strong>quibusli-</strong></span> 
     </span>
     <span class='ocr_line' id='line_1_23' title="bbox 102 2295 1732 2373; baseline 0.001 -23"><span class='ocrx_word' id='word_1_308' title='bbox 102 2303 187 2352; x_wconf 86' lang='lat' dir='ltr'><strong>meute</strong></span> <span class='ocrx_word' id='word_1_309' title='bbox 196 2295 252 2368; x_wconf 90' lang='lat' dir='ltr'><strong>ipsi</strong></span> <span class='ocrx_word' id='word_1_310' title='bbox 263 2297 293 2352; x_wconf 89' lang='lat' dir='ltr'><strong>iu</strong></span> <span class='ocrx_word' id='word_1_311' title='bbox 308 2296 481 2352; x_wconf 86' lang='lat' dir='ltr'><strong>confessione</strong></span> <span class='ocrx_word' id='word_1_312' title='bbox 493 2301 643 2368; x_wconf 78' lang='lat' dir='ltr'><strong>paterarum</strong></span> <span class='ocrx_word' id='word_1_313' title='bbox 660 2296 801 2362; x_wconf 78' lang='lat' dir='ltr'><strong>affectum,</strong></span> <span class='ocrx_word' id='word_1_314' title='bbox 813 2295 896 2351; x_wconf 89' lang='lat' dir='ltr'><strong>bene·</strong></span> <span class='ocrx_word' id='word_1_315' title='bbox 936 2301 993 2369; x_wconf 90' lang='lat' dir='ltr'><strong>bet,</strong></span> <span class='ocrx_word' id='word_1_316' title='bbox 1007 2304 1056 2358; x_wconf 89' lang='lat' dir='ltr'><strong>sed</strong></span> <span class='ocrx_word' id='word_1_317' title='bbox 1067 2303 1111 2358; x_wconf 90' lang='lat' dir='ltr'><strong>his</strong></span> <span class='ocrx_word' id='word_1_318' title='bbox 1125 2303 1321 2358; x_wconf 86' lang='lat' dir='ltr'><strong>tantummodo</strong></span> <span class='ocrx_word' id='word_1_319' title='bbox 1336 2301 1384 2373; x_wconf 90' lang='lat' dir='ltr'><strong>qui</strong></span> <span class='ocrx_word' id='word_1_320' title='bbox 1400 2317 1518 2356; x_wconf 72' lang='lat' dir='ltr'><strong>summae</strong></span> <span class='ocrx_word' id='word_1_321' title='bbox 1533 2297 1641 2370; x_wconf 82' lang='lat' dir='ltr'><strong>peritiae</strong></span> <span class='ocrx_word' id='word_1_322' title='bbox 1653 2296 1732 2352; x_wconf 87' lang='lat' dir='ltr'><strong>testi·</strong></span> 
     </span>
     <span class='ocr_line' id='line_1_24' title="bbox 102 2385 1730 2458; baseline 0.002 -21"><span class='ocrx_word' id='word_1_323' title='bbox 102 2385 256 2452; x_wconf 79' lang='lat' dir='ltr'><strong>nolentiam,</strong></span> <span class='ocrx_word' id='word_1_324' title='bbox 280 2402 367 2457; x_wconf 91' lang='lat' dir='ltr'><strong>seque</strong></span> <span class='ocrx_word' id='word_1_325' title='bbox 391 2385 527 2456; x_wconf 81' lang='lat' dir='ltr'><strong>singulari</strong></span> <span class='ocrx_word' id='word_1_326' title='bbox 552 2386 612 2456; x_wconf 81' lang='lat' dir='ltr'><strong>ejus</strong></span> <span class='ocrx_word' id='word_1_327' title='bbox 636 2385 735 2439; x_wconf 88' lang='lat' dir='ltr'><strong>salutis</strong></span> <span class='ocrx_word' id='word_1_328' title='bbox 757 2385 896 2440; x_wconf 88' lang='lat' dir='ltr'><strong>desiderio</strong></span> <span class='ocrx_word' id='word_1_329' title='bbox 936 2391 1063 2447; x_wconf 83' lang='lat' dir='ltr'><strong>monium</strong></span> <span class='ocrx_word' id='word_1_330' title='bbox 1080 2391 1196 2458; x_wconf 77' lang='lat' dir='ltr'><strong>hahent,</strong></span> <span class='ocrx_word' id='word_1_331' title='bbox 1211 2396 1240 2446; x_wconf 76' lang='lat' dir='ltr'><strong>et</strong></span> <span class='ocrx_word' id='word_1_332' title='bbox 1253 2407 1327 2446; x_wconf 78' lang='lat' dir='ltr'><strong>curae</strong></span> <span class='ocrx_word' id='word_1_333' title='bbox 1349 2397 1378 2445; x_wconf 82' lang='lat' dir='ltr'><strong>et</strong></span> <span class='ocrx_word' id='word_1_334' title='bbox 1400 2388 1516 2444; x_wconf 76' lang='lat' dir='ltr'><strong>modeim</strong></span> <span class='ocrx_word' id='word_1_335' title='bbox 1535 2386 1730 2458; x_wconf 67' lang='lat' dir='ltr'><strong>disciplinam</strong></span> 
     </span>
     <span class='ocr_line' id='line_1_25' title="bbox 101 2474 1733 2552; baseline 0.001 -24"><span class='ocrx_word' id='word_1_336' title='bbox 101 2475 386 2546; x_wconf 60' lang='lat' dir='ltr'><strong>tagramprofitetur,</strong></span> <span class='ocrx_word' id='word_1_337' title='bbox 395 2474 583 2529; x_wconf 88' lang='lat' dir='ltr'><strong>utiabeodem</strong></span> <span class='ocrx_word' id='word_1_338' title='bbox 592 2474 745 2545; x_wconf 66' lang='lat' dir='ltr'><strong>paenitente</strong></span> <span class='ocrx_word' id='word_1_339' title='bbox 761 2475 895 2544; x_wconf 89' lang='lat' dir='ltr'><strong>majorem</strong></span> <span class='ocrx_word' id='word_1_340' title='bbox 937 2481 978 2535; x_wconf 88' lang='lat' dir='ltr'><strong>ita</strong></span> <span class='ocrx_word' id='word_1_341' title='bbox 992 2487 1020 2536; x_wconf 89' lang='lat' dir='ltr'><strong>et</strong></span> <span class='ocrx_word' id='word_1_342' title='bbox 1034 2481 1171 2534; x_wconf 87' lang='lat' dir='ltr'><strong>confessio</strong></span> <span class='ocrx_word' id='word_1_343' title='bbox 1185 2487 1364 2552; x_wconf 89' lang='lat' dir='ltr'><strong>peccatorum</strong></span> <span class='ocrx_word' id='word_1_344' title='bbox 1379 2479 1440 2534; x_wconf 88' lang='lat' dir='ltr'><strong>lieri</strong></span> <span class='ocrx_word' id='word_1_345' title='bbox 1455 2477 1529 2550; x_wconf 89' lang='lat' dir='ltr'><strong>apud</strong></span> <span class='ocrx_word' id='word_1_346' title='bbox 1545 2493 1592 2531; x_wconf 92' lang='lat' dir='ltr'><strong>eos</strong></span> <span class='ocrx_word' id='word_1_347' title='bbox 1606 2480 1733 2531; x_wconf 86' lang='lat' dir='ltr'><strong>tantum·</strong></span> 
     </span>
     <span class='ocr_line' id='line_1_26' title="bbox 100 2563 1733 2641; baseline 0.001 -23"><span class='ocrx_word' id='word_1_348' title='bbox 100 2569 274 2633; x_wconf 87' lang='lat' dir='ltr'><strong>peccatorum</strong></span> <span class='ocrx_word' id='word_1_349' title='bbox 288 2563 418 2618; x_wconf 88' lang='lat' dir='ltr'><strong>notitiam</strong></span> <span class='ocrx_word' id='word_1_350' title='bbox 434 2563 523 2635; x_wconf 87' lang='lat' dir='ltr'><strong>possit</strong></span> <span class='ocrx_word' id='word_1_351' title='bbox 536 2563 646 2628; x_wconf 89' lang='lat' dir='ltr'><strong>elicere,</strong></span> <span class='ocrx_word' id='word_1_352' title='bbox 667 2568 696 2617; x_wconf 90' lang='lat' dir='ltr'><strong>et</strong></span> <span class='ocrx_word' id='word_1_353' title='bbox 716 2563 894 2634; x_wconf 90' lang='lat' dir='ltr'><strong>postmodum</strong></span> <span class='ocrx_word' id='word_1_354' title='bbox 937 2570 1020 2624; x_wconf 87' lang='lat' dir='ltr'><strong>modo</strong></span> <span class='ocrx_word' id='word_1_355' title='bbox 1047 2569 1140 2635; x_wconf 84' lang='lat' dir='ltr'><strong>debet,</strong></span> <span class='ocrx_word' id='word_1_356' title='bbox 1156 2570 1206 2641; x_wconf 88' lang='lat' dir='ltr'><strong>qui</strong></span> <span class='ocrx_word' id='word_1_357' title='bbox 1227 2585 1325 2624; x_wconf 89' lang='lat' dir='ltr'><strong>curare</strong></span> <span class='ocrx_word' id='word_1_358' title='bbox 1350 2569 1409 2623; x_wconf 88' lang='lat' dir='ltr'><strong>haec</strong></span> <span class='ocrx_word' id='word_1_359' title='bbox 1430 2566 1582 2638; x_wconf 86' lang='lat' dir='ltr'><strong>praevalent</strong></span> <span class='ocrx_word' id='word_1_360' title='bbox 1595 2571 1733 2620; x_wconf 90' lang='lat' dir='ltr'><strong>etemeu·</strong></span> 
     </span>
     <span class='ocr_line' id='line_1_27' title="bbox 100 2650 1733 2728; baseline -0.001 -20"><span class='ocrx_word' id='word_1_361' title='bbox 100 2668 205 2724; x_wconf 62' lang='lat' dir='ltr'><strong>eaquae</strong></span> <span class='ocrx_word' id='word_1_362' title='bbox 213 2658 325 2708; x_wconf 81' lang='lat' dir='ltr'><strong>aeterna</strong></span> <span class='ocrx_word' id='word_1_363' title='bbox 335 2651 473 2707; x_wconf 87' lang='lat' dir='ltr'><strong>oblivione</strong></span> <span class='ocrx_word' id='word_1_364' title='bbox 488 2650 643 2706; x_wconf 85' lang='lat' dir='ltr'><strong>debuerant</strong></span> <span class='ocrx_word' id='word_1_365' title='bbox 657 2651 896 2722; x_wconf 83' lang='lat' dir='ltr'><strong>obvolvi,euulgat</strong></span> <span class='ocrx_word' id='word_1_366' title='bbox 936 2659 1013 2724; x_wconf 87' lang='lat' dir='ltr'><strong>dare,</strong></span> <span class='ocrx_word' id='word_1_367' title='bbox 1031 2664 1084 2713; x_wconf 88' lang='lat' dir='ltr'><strong>etc.</strong></span> <span class='ocrx_word' id='word_1_368' title='bbox 1102 2659 1131 2713; x_wconf 90' lang='lat' dir='ltr'><strong>S.</strong></span> <span class='ocrx_word' id='word_1_369' title='bbox 1149 2658 1258 2725; x_wconf 66' lang='lat' dir='ltr'><strong>isidor,</strong></span> <span class='ocrx_word' id='word_1_370' title='bbox 1273 2675 1298 2711; x_wconf 89' lang='lat' dir='ltr'><strong>c.</strong></span> <span class='ocrx_word' id='word_1_371' title='bbox 1313 2657 1348 2714; x_wconf 82' lang='lat'><strong>13</strong></span> <span class='ocrx_word' id='word_1_372' title='bbox 1361 2657 1482 2728; x_wconf 76' lang='lat' dir='ltr'><strong>regula:</strong></span> <span class='ocrx_word' id='word_1_373' title='bbox 1502 2655 1583 2719; x_wconf 81' lang='lat' dir='ltr'><strong>«Qui</strong></span> <span class='ocrx_word' id='word_1_374' title='bbox 1594 2659 1733 2708; x_wconf 89' lang='lat' dir='ltr'><strong>nocturna</strong></span> 
     </span>
     <span class='ocr_line' id='line_1_28' title="bbox 99 2739 1733 2818; baseline -0.009 -10"><span class='ocrx_word' id='word_1_375' title='bbox 99 2741 291 2814; x_wconf 69' lang='lat' dir='ltr'><strong>inpublifflms</strong></span> <span class='ocrx_word' id='word_1_376' title='bbox 308 2743 405 2814; x_wconf 63' lang='lat' dir='ltr'><strong>Sitque</strong></span> <span class='ocrx_word' id='word_1_377' title='bbox 424 2742 504 2796; x_wconf 75' lang='lat' dir='ltr'><strong>illum</strong></span> <span class='ocrx_word' id='word_1_378' title='bbox 519 2741 554 2796; x_wconf 67' lang='lat' dir='ltr'><strong>ab</strong></span> <span class='ocrx_word' id='word_1_379' title='bbox 566 2741 630 2796; x_wconf 68' lang='lat' dir='ltr'><strong>aliis</strong></span> <span class='ocrx_word' id='word_1_380' title='bbox 645 2740 767 2796; x_wconf 69' lang='lat' dir='ltr'><strong>intendit</strong></span> <span class='ocrx_word' id='word_1_381' title='bbox 782 2740 894 2796; x_wconf 69' lang='lat' dir='ltr'><strong>Sceleris</strong></span> <span class='ocrx_word' id='word_1_382' title='bbox 934 2745 1065 2802; x_wconf 91' lang='lat' dir='ltr'><strong>illusione</strong></span> <span class='ocrx_word' id='word_1_383' title='bbox 1080 2739 1227 2818; x_wconf 83' lang='lat' dir='ltr'><strong>polluitur,</strong></span> <span class='ocrx_word' id='word_1_384' title='bbox 1244 2745 1387 2818; x_wconf 87' lang='lat' dir='ltr'><strong>publicare</strong></span> <span class='ocrx_word' id='word_1_385' title='bbox 1400 2745 1453 2800; x_wconf 89' lang='lat' dir='ltr'><strong>hoc</strong></span> <span class='ocrx_word' id='word_1_386' title='bbox 1467 2741 1545 2798; x_wconf 88' lang='lat' dir='ltr'><strong>Patri</strong></span> <span class='ocrx_word' id='word_1_387' title='bbox 1568 2740 1733 2796; x_wconf 83' lang='lat' dir='ltr'><strong>monasterii</strong></span> 
     </span>
     <span class='ocr_line' id='line_1_29' title="bbox 99 2829 1734 2906; baseline -0.011 -6"><span class='ocrx_word' id='word_1_388' title='bbox 99 2831 184 2902; x_wconf 64' lang='lat' dir='ltr'><strong>”Bilis</strong></span> <span class='ocrx_word' id='word_1_389' title='bbox 203 2829 359 2904; x_wconf 88' lang='lat' dir='ltr'><strong>opprobrio</strong></span> <span class='ocrx_word' id='word_1_390' title='bbox 382 2830 464 2898; x_wconf 84' lang='lat' dir='ltr'><strong>affici,</strong></span> <span class='ocrx_word' id='word_1_391' title='bbox 487 2847 519 2886; x_wconf 73' lang='lat'><strong>1²0</strong></span> <span class='ocrx_word' id='word_1_392' title='bbox 538 2831 653 2885; x_wconf 60' lang='lat' dir='ltr'><strong>tandem</strong></span> <span class='ocrx_word' id='word_1_393' title='bbox 674 2830 773 2885; x_wconf 65' lang='lat' dir='ltr'><strong>mortis</strong></span> <span class='ocrx_word' id='word_1_394' title='bbox 793 2829 897 2902; x_wconf 72' lang='lat' dir='ltr'><strong>dignus</strong></span> <span class='ocrx_word' id='word_1_395' title='bbox 937 2840 1149 2902; x_wconf 89' lang='lat' dir='ltr'><strong>nonmoretur;</strong></span> <span class='ocrx_word' id='word_1_396' title='bbox 1167 2835 1380 2906; x_wconf 79' lang='lat' dir='ltr'><strong>culpaequesuae</strong></span> <span class='ocrx_word' id='word_1_397' title='bbox 1394 2831 1503 2888; x_wconf 90' lang='lat' dir='ltr'><strong>meritis</strong></span> <span class='ocrx_word' id='word_1_398' title='bbox 1518 2829 1635 2895; x_wconf 88' lang='lat' dir='ltr'><strong>tribuat,</strong></span> <span class='ocrx_word' id='word_1_399' title='bbox 1649 2834 1734 2883; x_wconf 89' lang='lat' dir='ltr'><strong>etoc-</strong></span> 
     </span>
     <span class='ocr_line' id='line_1_30' title="bbox 98 2919 1733 2996; baseline -0.009 -8"><span class='ocrx_word' id='word_1_400' title='bbox 98 2919 223 2988; x_wconf 63' lang='lat' dir='ltr'><strong>t&#39;fldissffl’·</strong></span> <span class='ocrx_word' id='word_1_401' title='bbox 938 2924 1013 2980; x_wconf 88' lang='lat' dir='ltr'><strong>culte</strong></span> <span class='ocrx_word' id='word_1_402' title='bbox 1034 2924 1228 2996; x_wconf 72' lang='lat' dir='ltr'><strong>paenitentiam</strong></span> <span class='ocrx_word' id='word_1_403' title='bbox 1251 2927 1327 2993; x_wconf 88' lang='lat' dir='ltr'><strong>agat,</strong></span> <span class='ocrx_word' id='word_1_404' title='bbox 1345 2942 1356 2973; x_wconf 77' lang='grc' dir='ltr'><strong><em>ι</em></strong></span> <span class='ocrx_word' id='word_1_405' title='bbox 1372 2927 1425 2977; x_wconf 91' lang='lat' dir='ltr'><strong>etc.</strong></span> <span class='ocrx_word' id='word_1_406' title='bbox 1442 2921 1471 2976; x_wconf 88' lang='lat' dir='ltr'><strong>S.</strong></span> <span class='ocrx_word' id='word_1_407' title='bbox 1485 2920 1665 2985; x_wconf 86' lang='lat' dir='ltr'><strong>Fructuosus,</strong></span> <span class='ocrx_word' id='word_1_408' title='bbox 1687 2933 1733 2973; x_wconf 88' lang='lat' dir='ltr'><strong>re-</strong></span> 
     </span>
     <span class='ocr_line' id='line_1_31' title="bbox 131 3007 1734 3086; baseline -0.004 -18"><span class='ocrx_word' id='word_1_409' title='bbox 131 3011 160 3082; x_wconf 63' lang='lat' dir='ltr'><strong>ti</strong></span> <span class='ocrx_word' id='word_1_410' title='bbox 178 3011 327 3066; x_wconf 80' lang='lat' dir='ltr'><strong>Videamus</strong></span> <span class='ocrx_word' id='word_1_411' title='bbox 340 3010 441 3079; x_wconf 80' lang='lat' dir='ltr'><strong>quitus</strong></span> <span class='ocrx_word' id='word_1_412' title='bbox 456 3014 523 3064; x_wconf 85' lang='lat' dir='ltr'><strong>tunc</strong></span> <span class='ocrx_word' id='word_1_413' title='bbox 540 3009 725 3077; x_wconf 72' lang='lat' dir='ltr'><strong>confitendum</strong></span> <span class='ocrx_word' id='word_1_414' title='bbox 742 3010 787 3062; x_wconf 80' lang='lat' dir='ltr'><strong>sit.</strong></span> <span class='ocrx_word' id='word_1_415' title='bbox 810 3009 897 3064; x_wconf 80' lang='lat' dir='ltr'><strong>Notas</strong></span> <span class='ocrx_word' id='word_1_416' title='bbox 937 3015 1010 3086; x_wconf 81' lang='lat' dir='ltr'><strong>gula</strong></span> <span class='ocrx_word' id='word_1_417' title='bbox 1024 3029 1085 3086; x_wconf 82' lang='lat' dir='ltr'><strong>cap.</strong></span> <span class='ocrx_word' id='word_1_418' title='bbox 1102 3011 1136 3070; x_wconf 81' lang='lat'><strong>13</strong></span> <span class='ocrx_word' id='word_1_419' title='bbox 1152 3029 1158 3066; x_wconf 73' lang='grc' dir='ltr'><strong><em>ε</em></strong></span> <span class='ocrx_word' id='word_1_420' title='bbox 1176 3030 1190 3065; x_wconf 77' lang='lat' dir='ltr'><strong>a</strong></span> <span class='ocrx_word' id='word_1_421' title='bbox 1206 3013 1311 3067; x_wconf 89' lang='lat' dir='ltr'><strong>Omnes</strong></span> <span class='ocrx_word' id='word_1_422' title='bbox 1323 3016 1403 3066; x_wconf 84' lang='lat' dir='ltr'><strong>actus</strong></span> <span class='ocrx_word' id='word_1_423' title='bbox 1422 3009 1479 3064; x_wconf 83' lang='lat' dir='ltr'><strong>sive</strong></span> <span class='ocrx_word' id='word_1_424' title='bbox 1490 3007 1668 3063; x_wconf 82' lang='lat' dir='ltr'><strong>occasionum</strong></span> <span class='ocrx_word' id='word_1_425' title='bbox 1683 3023 1734 3061; x_wconf 90' lang='lat' dir='ltr'><strong>ne·</strong></span> 
     </span>
     <span class='ocr_line' id='line_1_32' title="bbox 99 3096 1734 3173; baseline 0 -23"><span class='ocrx_word' id='word_1_426' title='bbox 99 3099 175 3153; x_wconf 80' lang='lat' dir='ltr'><strong>selim</strong></span> <span class='ocrx_word' id='word_1_427' title='bbox 183 3099 310 3154; x_wconf 85' lang='lat' dir='ltr'><strong>hocloco</strong></span> <span class='ocrx_word' id='word_1_428' title='bbox 319 3114 377 3153; x_wconf 90' lang='lat' dir='ltr'><strong>non</strong></span> <span class='ocrx_word' id='word_1_429' title='bbox 385 3097 608 3165; x_wconf 86' lang='lat' dir='ltr'><strong>dici,videndum</strong></span> <span class='ocrx_word' id='word_1_430' title='bbox 618 3096 735 3168; x_wconf 88' lang='lat' dir='ltr'><strong>quinam</strong></span> <span class='ocrx_word' id='word_1_431' title='bbox 747 3102 823 3163; x_wconf 88' lang='lat' dir='ltr'><strong>tunc,</strong></span> <span class='ocrx_word' id='word_1_432' title='bbox 831 3103 899 3168; x_wconf 78' lang='lat' dir='ltr'><strong>puta</strong></span> <span class='ocrx_word' id='word_1_433' title='bbox 939 3102 1126 3159; x_wconf 87' lang='lat' dir='ltr'><strong>cessitudines</strong></span> <span class='ocrx_word' id='word_1_434' title='bbox 1138 3117 1250 3173; x_wconf 88' lang='lat' dir='ltr'><strong>semper</strong></span> <span class='ocrx_word' id='word_1_435' title='bbox 1263 3115 1375 3155; x_wconf 90' lang='lat' dir='ltr'><strong>necesse</strong></span> <span class='ocrx_word' id='word_1_436' title='bbox 1388 3104 1431 3154; x_wconf 88' lang='lat' dir='ltr'><strong>est</strong></span> <span class='ocrx_word' id='word_1_437' title='bbox 1448 3103 1481 3153; x_wconf 93' lang='lat' dir='ltr'><strong>ut</strong></span> <span class='ocrx_word' id='word_1_438' title='bbox 1490 3097 1644 3152; x_wconf 90' lang='lat' dir='ltr'><strong>monachus</strong></span> <span class='ocrx_word' id='word_1_439' title='bbox 1656 3096 1734 3151; x_wconf 88' lang='lat' dir='ltr'><strong>Patri</strong></span> 
     </span>
     <span class='ocr_line' id='line_1_33' title="bbox 100 3185 1734 3260; baseline -0.002 -17"><span class='ocrx_word' id='word_1_440' title='bbox 100 3187 127 3242; x_wconf 88' lang='lat' dir='ltr'><strong>in</strong></span> <span class='ocrx_word' id='word_1_441' title='bbox 141 3205 172 3243; x_wconf 91' lang='lat' dir='ltr'><strong>eo</strong></span> <span class='ocrx_word' id='word_1_442' title='bbox 183 3204 255 3243; x_wconf 90' lang='lat' dir='ltr'><strong>casu</strong></span> <span class='ocrx_word' id='word_1_443' title='bbox 272 3204 328 3258; x_wconf 92' lang='lat' dir='ltr'><strong>quo</strong></span> <span class='ocrx_word' id='word_1_444' title='bbox 344 3187 474 3259; x_wconf 84' lang='lat' dir='ltr'><strong>proprius</strong></span> <span class='ocrx_word' id='word_1_445' title='bbox 496 3186 626 3242; x_wconf 88' lang='lat' dir='ltr'><strong>sacerdos</strong></span> <span class='ocrx_word' id='word_1_446' title='bbox 643 3185 772 3257; x_wconf 83' lang='lat' dir='ltr'><strong>infringit</strong></span> <span class='ocrx_word' id='word_1_447' title='bbox 790 3186 898 3240; x_wconf 88' lang='lat' dir='ltr'><strong>confes·</strong></span> <span class='ocrx_word' id='word_1_448' title='bbox 939 3197 1055 3257; x_wconf 85' lang='lat' dir='ltr'><strong>reseret,</strong></span> <span class='ocrx_word' id='word_1_449' title='bbox 1066 3197 1094 3246; x_wconf 89' lang='lat' dir='ltr'><strong>et</strong></span> <span class='ocrx_word' id='word_1_450' title='bbox 1108 3207 1140 3245; x_wconf 86' lang='lat' dir='ltr'><strong>ex</strong></span> <span class='ocrx_word' id='word_1_451' title='bbox 1155 3190 1231 3245; x_wconf 92' lang='lat' dir='ltr'><strong>illius</strong></span> <span class='ocrx_word' id='word_1_452' title='bbox 1242 3187 1564 3260; x_wconf 89' lang='lat' dir='ltr'><strong>cognoscatdiscretione</strong></span> <span class='ocrx_word' id='word_1_453' title='bbox 1575 3186 1618 3240; x_wconf 88' lang='lat' dir='ltr'><strong>uel</strong></span> <span class='ocrx_word' id='word_1_454' title='bbox 1628 3185 1734 3256; x_wconf 81' lang='lat' dir='ltr'><strong>judicio</strong></span> 
     </span>
     <span class='ocr_line' id='line_1_34' title="bbox 99 3273 1734 3352; baseline 0 -24"><span class='ocrx_word' id='word_1_455' title='bbox 99 3275 180 3332; x_wconf 87' lang='lat' dir='ltr'><strong>sionis</strong></span> <span class='ocrx_word' id='word_1_456' title='bbox 191 3275 331 3347; x_wconf 89' lang='lat' dir='ltr'><strong>sigillum,</strong></span> <span class='ocrx_word' id='word_1_457' title='bbox 341 3275 464 3330; x_wconf 84' lang='lat' dir='ltr'><strong>babeant</strong></span> <span class='ocrx_word' id='word_1_458' title='bbox 476 3280 644 3347; x_wconf 87' lang='lat' dir='ltr'><strong>potestatem</strong></span> <span class='ocrx_word' id='word_1_459' title='bbox 659 3275 831 3340; x_wconf 87' lang='lat' dir='ltr'><strong>absoluendi,</strong></span> <span class='ocrx_word' id='word_1_460' title='bbox 846 3274 896 3329; x_wconf 89' lang='lat' dir='ltr'><strong>scd</strong></span> <span class='ocrx_word' id='word_1_461' title='bbox 942 3280 1009 3352; x_wconf 88' lang='lat' dir='ltr'><strong>quid</strong></span> <span class='ocrx_word' id='word_1_462' title='bbox 1026 3280 1164 3334; x_wconf 89' lang='lat' dir='ltr'><strong>attendat.</strong></span> <span class='ocrx_word' id='word_1_463' title='bbox 1186 3278 1387 3349; x_wconf 79' lang='lat' dir='ltr'><strong>Cogitationes,</strong></span> <span class='ocrx_word' id='word_1_464' title='bbox 1407 3275 1600 3341; x_wconf 83' lang='lat' dir='ltr'><strong>revelationes,</strong></span> <span class='ocrx_word' id='word_1_465' title='bbox 1624 3273 1734 3330; x_wconf 93' lang='lat' dir='ltr'><strong>illusio·</strong></span> 
     </span>
     <span class='ocr_line' id='line_1_35' title="bbox 98 3363 1732 3439; baseline 0 -21"><span class='ocrx_word' id='word_1_466' title='bbox 98 3365 306 3432; x_wconf 89' lang='lat' dir='ltr'><strong>tantummodo,</strong></span> <span class='ocrx_word' id='word_1_467' title='bbox 331 3367 432 3434; x_wconf 85' lang='lat' dir='ltr'><strong>quibas</strong></span> <span class='ocrx_word' id='word_1_468' title='bbox 453 3371 520 3419; x_wconf 85' lang='lat' dir='ltr'><strong>tunc</strong></span> <span class='ocrx_word' id='word_1_469' title='bbox 544 3366 730 3432; x_wconf 70' lang='lat' dir='ltr'><strong>confitendum</strong></span> <span class='ocrx_word' id='word_1_470' title='bbox 750 3368 796 3418; x_wconf 85' lang='lat' dir='ltr'><strong>sit.</strong></span> <span class='ocrx_word' id='word_1_471' title='bbox 817 3364 897 3419; x_wconf 81' lang='lat' dir='ltr'><strong>Unde</strong></span> <span class='ocrx_word' id='word_1_472' title='bbox 937 3386 989 3424; x_wconf 90' lang='lat' dir='ltr'><strong>nes</strong></span> <span class='ocrx_word' id='word_1_473' title='bbox 1001 3375 1030 3425; x_wconf 91' lang='lat' dir='ltr'><strong>et</strong></span> <span class='ocrx_word' id='word_1_474' title='bbox 1042 3369 1228 3439; x_wconf 88' lang='lat' dir='ltr'><strong>negligentias</strong></span> <span class='ocrx_word' id='word_1_475' title='bbox 1242 3366 1370 3438; x_wconf 89' lang='lat' dir='ltr'><strong>proprias</strong></span> <span class='ocrx_word' id='word_1_476' title='bbox 1387 3365 1491 3420; x_wconf 89' lang='lat' dir='ltr'><strong>seniori</strong></span> <span class='ocrx_word' id='word_1_477' title='bbox 1504 3364 1598 3419; x_wconf 92' lang='lat' dir='ltr'><strong>nullus</strong></span> <span class='ocrx_word' id='word_1_478' title='bbox 1610 3363 1732 3428; x_wconf 88' lang='lat' dir='ltr'><strong>obcelet;</strong></span> 
     </span>
     <span class='ocr_line' id='line_1_36' title="bbox 96 3452 1735 3528; baseline -0.001 -20"><span class='ocrx_word' id='word_1_479' title='bbox 96 3452 211 3525; x_wconf 83' lang='lat' dir='ltr'><strong>intelligi</strong></span> <span class='ocrx_word' id='word_1_480' title='bbox 234 3454 325 3509; x_wconf 90' lang='lat' dir='ltr'><strong>datur</strong></span> <span class='ocrx_word' id='word_1_481' title='bbox 344 3452 388 3520; x_wconf 87' lang='lat' dir='ltr'><strong>iis,</strong></span> <span class='ocrx_word' id='word_1_482' title='bbox 414 3469 484 3526; x_wconf 87' lang='lat' dir='ltr'><strong>quos</strong></span> <span class='ocrx_word' id='word_1_483' title='bbox 505 3459 604 3525; x_wconf 87' lang='lat' dir='ltr'><strong>postea</strong></span> <span class='ocrx_word' id='word_1_484' title='bbox 627 3453 724 3518; x_wconf 83' lang='lat' dir='ltr'><strong>refert,</strong></span> <span class='ocrx_word' id='word_1_485' title='bbox 741 3453 897 3524; x_wconf 83' lang='lat' dir='ltr'><strong>detegenda</strong></span> <span class='ocrx_word' id='word_1_486' title='bbox 938 3458 1109 3528; x_wconf 87' lang='lat' dir='ltr'><strong>sedsempcr</strong></span> <span class='ocrx_word' id='word_1_487' title='bbox 1123 3455 1318 3527; x_wconf 85' lang='lat' dir='ltr'><strong>hujuscemodi</strong></span> <span class='ocrx_word' id='word_1_488' title='bbox 1330 3455 1398 3509; x_wconf 87' lang='lat' dir='ltr'><strong>vitia</strong></span> <span class='ocrx_word' id='word_1_489' title='bbox 1416 3470 1480 3509; x_wconf 89' lang='lat' dir='ltr'><strong>cum</strong></span> <span class='ocrx_word' id='word_1_490' title='bbox 1504 3453 1636 3524; x_wconf 85' lang='lat' dir='ltr'><strong>lacrymis</strong></span> <span class='ocrx_word' id='word_1_491' title='bbox 1649 3457 1735 3523; x_wconf 91' lang='lat' dir='ltr'><strong>atque</strong></span> 
     </span>
     <span class='ocr_line' id='line_1_37' title="bbox 98 3541 1736 3618; baseline 0 -22"><span class='ocrx_word' id='word_1_492' title='bbox 98 3541 231 3598; x_wconf 82' lang='lat' dir='ltr'><strong>duntaxat</strong></span> <span class='ocrx_word' id='word_1_493' title='bbox 261 3542 364 3598; x_wconf 90' lang='lat' dir='ltr'><strong>humili</strong></span> <span class='ocrx_word' id='word_1_494' title='bbox 386 3542 560 3598; x_wconf 88' lang='lat' dir='ltr'><strong>confessione</strong></span> <span class='ocrx_word' id='word_1_495' title='bbox 585 3547 708 3614; x_wconf 86' lang='lat' dir='ltr'><strong>peccata,</strong></span> <span class='ocrx_word' id='word_1_496' title='bbox 738 3547 770 3597; x_wconf 86' lang='lat' dir='ltr'><strong>ut</strong></span> <span class='ocrx_word' id='word_1_497' title='bbox 798 3542 897 3596; x_wconf 87' lang='lat' dir='ltr'><strong>exinde</strong></span> <span class='ocrx_word' id='word_1_498' title='bbox 937 3546 1152 3618; x_wconf 90' lang='lat' dir='ltr'><strong>compunctione</strong></span> <span class='ocrx_word' id='word_1_499' title='bbox 1165 3545 1350 3617; x_wconf 89' lang='lat' dir='ltr'><strong>cordisatque</strong></span> <span class='ocrx_word' id='word_1_500' title='bbox 1363 3541 1676 3599; x_wconf 86' lang='lat' dir='ltr'><strong>humilitateuerissime</strong></span> <span class='ocrx_word' id='word_1_501' title='bbox 1689 3541 1736 3596; x_wconf 87' lang='lat' dir='ltr'><strong>ab·</strong></span> 
     </span>
     <span class='ocr_line' id='line_1_38' title="bbox 98 3629 1737 3706; baseline -0.001 -20"><span class='ocrx_word' id='word_1_502' title='bbox 98 3629 299 3702; x_wconf 76' lang='lat' dir='ltr'><strong>penitentibus</strong></span> <span class='ocrx_word' id='word_1_503' title='bbox 313 3631 405 3702; x_wconf 88' lang='lat' dir='ltr'><strong>magis</strong></span> <span class='ocrx_word' id='word_1_504' title='bbox 426 3631 554 3686; x_wconf 82' lang='lat' dir='ltr'><strong>contritis</strong></span> <span class='ocrx_word' id='word_1_505' title='bbox 575 3631 651 3686; x_wconf 89' lang='lat' dir='ltr'><strong>Deus</strong></span> <span class='ocrx_word' id='word_1_506' title='bbox 674 3630 895 3687; x_wconf 89' lang='lat' dir='ltr'><strong>misericordiam</strong></span> <span class='ocrx_word' id='word_1_507' title='bbox 937 3633 1005 3698; x_wconf 86' lang='lat' dir='ltr'><strong>bati,</strong></span> <span class='ocrx_word' id='word_1_508' title='bbox 1020 3634 1181 3706; x_wconf 86' lang='lat' dir='ltr'><strong>praeposito,</strong></span> <span class='ocrx_word' id='word_1_509' title='bbox 1196 3634 1253 3688; x_wconf 84' lang='lat' dir='ltr'><strong>sive</strong></span> <span class='ocrx_word' id='word_1_510' title='bbox 1268 3633 1390 3704; x_wconf 74' lang='lat' dir='ltr'><strong>praelatis</strong></span> <span class='ocrx_word' id='word_1_511' title='bbox 1411 3630 1569 3687; x_wconf 88' lang='lat' dir='ltr'><strong>senioribus</strong></span> <span class='ocrx_word' id='word_1_512' title='bbox 1588 3630 1737 3686; x_wconf 84' lang='lat' dir='ltr'><strong>revelanda</strong></span> 
     </span>
     <span class='ocr_line' id='line_1_39' title="bbox 97 3718 1736 3792; baseline 0.001 -17"><span class='ocrx_word' id='word_1_513' title='bbox 97 3718 251 3792; x_wconf 86' lang='lat' dir='ltr'><strong>impendat,</strong></span> <span class='ocrx_word' id='word_1_514' title='bbox 269 3725 355 3791; x_wconf 88' lang='lat' dir='ltr'><strong>atque</strong></span> <span class='ocrx_word' id='word_1_515' title='bbox 368 3720 482 3775; x_wconf 86' lang='lat' dir='ltr'><strong>interna</strong></span> <span class='ocrx_word' id='word_1_516' title='bbox 490 3719 624 3786; x_wconf 89' lang='lat' dir='ltr'><strong>subsidia,</strong></span> <span class='ocrx_word' id='word_1_517' title='bbox 640 3719 713 3774; x_wconf 89' lang='lat' dir='ltr'><strong>vires</strong></span> <span class='ocrx_word' id='word_1_518' title='bbox 727 3725 756 3773; x_wconf 90' lang='lat' dir='ltr'><strong>et</strong></span> <span class='ocrx_word' id='word_1_519' title='bbox 769 3719 894 3786; x_wconf 85' lang='lat' dir='ltr'><strong>consilia,</strong></span> <span class='ocrx_word' id='word_1_520' title='bbox 938 3731 1014 3788; x_wconf 87' lang='lat' dir='ltr'><strong>sunt,</strong></span> <span class='ocrx_word' id='word_1_521' title='bbox 1040 3729 1069 3778; x_wconf 92' lang='lat' dir='ltr'><strong>et</strong></span> <span class='ocrx_word' id='word_1_522' title='bbox 1091 3723 1292 3786; x_wconf 89' lang='lat' dir='ltr'><strong>consolatione,</strong></span> <span class='ocrx_word' id='word_1_523' title='bbox 1311 3719 1449 3788; x_wconf 88' lang='lat' dir='ltr'><strong>oratione,</strong></span> <span class='ocrx_word' id='word_1_524' title='bbox 1469 3720 1653 3791; x_wconf 84' lang='lat' dir='ltr'><strong>castigatione</strong></span> <span class='ocrx_word' id='word_1_525' title='bbox 1678 3721 1736 3776; x_wconf 82' lang='lat' dir='ltr'><strong>sive</strong></span> 
     </span>
     <span class='ocr_line' id='line_1_40' title="bbox 97 3808 1736 3881; baseline 0.001 -18"><span class='ocrx_word' id='word_1_526' title='bbox 97 3809 194 3879; x_wconf 90' lang='lat' dir='ltr'><strong>quibus</strong></span> <span class='ocrx_word' id='word_1_527' title='bbox 208 3809 242 3864; x_wconf 89' lang='lat' dir='ltr'><strong>in</strong></span> <span class='ocrx_word' id='word_1_528' title='bbox 256 3814 401 3880; x_wconf 83' lang='lat' dir='ltr'><strong>posterum</strong></span> <span class='ocrx_word' id='word_1_529' title='bbox 411 3809 446 3864; x_wconf 91' lang='lat' dir='ltr'><strong>ad</strong></span> <span class='ocrx_word' id='word_1_530' title='bbox 460 3809 606 3865; x_wconf 89' lang='lat' dir='ltr'><strong>meliorem</strong></span> <span class='ocrx_word' id='word_1_531' title='bbox 618 3808 727 3879; x_wconf 88' lang='lat' dir='ltr'><strong>frugem</strong></span> <span class='ocrx_word' id='word_1_532' title='bbox 741 3808 833 3864; x_wconf 89' lang='lat' dir='ltr'><strong>redire</strong></span> <span class='ocrx_word' id='word_1_533' title='bbox 849 3826 898 3864; x_wconf 89' lang='lat' dir='ltr'><strong>ua·</strong></span> <span class='ocrx_word' id='word_1_534' title='bbox 938 3812 1023 3867; x_wconf 88' lang='lat' dir='ltr'><strong>etiam</strong></span> <span class='ocrx_word' id='word_1_535' title='bbox 1044 3811 1243 3867; x_wconf 86' lang='lat' dir='ltr'><strong>exercitatione</strong></span> <span class='ocrx_word' id='word_1_536' title='bbox 1261 3810 1354 3866; x_wconf 89' lang='lat' dir='ltr'><strong>idonei</strong></span> <span class='ocrx_word' id='word_1_537' title='bbox 1368 3809 1461 3881; x_wconf 87' lang='lat' dir='ltr'><strong>operis</strong></span> <span class='ocrx_word' id='word_1_538' title='bbox 1474 3809 1647 3880; x_wconf 84' lang='lat' dir='ltr'><strong>castiganda.</strong></span> <span class='ocrx_word' id='word_1_539' title='bbox 1671 3827 1683 3862; x_wconf 80' lang='grc' dir='ltr'><strong><em>ι</em></strong></span> <span class='ocrx_word' id='word_1_540' title='bbox 1697 3809 1736 3864; x_wconf 80' lang='lat' dir='ltr'><strong>Ex</strong></span> 
     </span>
     <span class='ocr_line' id='line_1_41' title="bbox 97 3894 1736 3972; baseline 0 -20"><span class='ocrx_word' id='word_1_541' title='bbox 97 3894 227 3964; x_wconf 80' lang='lat' dir='ltr'><strong>leant,ab</strong></span> <span class='ocrx_word' id='word_1_542' title='bbox 243 3897 433 3954; x_wconf 87' lang='lat' dir='ltr'><strong>ecclesiastico</strong></span> <span class='ocrx_word' id='word_1_543' title='bbox 447 3898 516 3967; x_wconf 85' lang='lat' dir='ltr'><strong>uiro,</strong></span> <span class='ocrx_word' id='word_1_544' title='bbox 533 3915 584 3954; x_wconf 91' lang='lat' dir='ltr'><strong>seu</strong></span> <span class='ocrx_word' id='word_1_545' title='bbox 599 3897 684 3954; x_wconf 87' lang='lat' dir='ltr'><strong>etiam</strong></span> <span class='ocrx_word' id='word_1_546' title='bbox 699 3913 717 3951; x_wconf 90' lang='lat' dir='ltr'><strong>a</strong></span> <span class='ocrx_word' id='word_1_547' title='bbox 730 3896 801 3953; x_wconf 87' lang='lat' dir='ltr'><strong>laico</strong></span> <span class='ocrx_word' id='word_1_548' title='bbox 810 3897 897 3970; x_wconf 90' lang='lat' dir='ltr'><strong>probo</strong></span> <span class='ocrx_word' id='word_1_549' title='bbox 937 3901 1036 3972; x_wconf 86' lang='lat' dir='ltr'><strong>regula</strong></span> <span class='ocrx_word' id='word_1_550' title='bbox 1047 3901 1194 3971; x_wconf 88' lang='lat' dir='ltr'><strong>cujusdam</strong></span> <span class='ocrx_word' id='word_1_551' title='bbox 1208 3916 1269 3971; x_wconf 87' lang='lat' dir='ltr'><strong>cap.</strong></span> <span class='ocrx_word' id='word_1_552' title='bbox 1285 3901 1312 3960; x_wconf 82' lang='lat'><strong>7,</strong></span> <span class='ocrx_word' id='word_1_553' title='bbox 1327 3899 1357 3953; x_wconf 88' lang='lat' dir='ltr'><strong>in</strong></span> <span class='ocrx_word' id='word_1_554' title='bbox 1371 3914 1432 3970; x_wconf 88' lang='lat' dir='ltr'><strong>cap.</strong></span> <span class='ocrx_word' id='word_1_555' title='bbox 1445 3897 1482 3952; x_wconf 87' lang='lat' dir='ltr'><strong>l5</strong></span> <span class='ocrx_word' id='word_1_556' title='bbox 1501 3897 1638 3953; x_wconf 85' lang='lat' dir='ltr'><strong>concord.</strong></span> <span class='ocrx_word' id='word_1_557' title='bbox 1652 3913 1736 3968; x_wconf 90' lang='lat' dir='ltr'><strong>regu-</strong></span> 
     </span>
     <span class='ocr_line' id='line_1_42' title="bbox 96 3985 1737 4060; baseline 0.001 -19"><span class='ocrx_word' id='word_1_558' title='bbox 96 3985 358 4043; x_wconf 85' lang='lat' dir='ltr'><strong>subministrentur.</strong></span> <span class='ocrx_word' id='word_1_559' title='bbox 938 3990 1030 4045; x_wconf 87' lang='lat' dir='ltr'><strong>larum</strong></span> <span class='ocrx_word' id='word_1_560' title='bbox 1050 4009 1056 4044; x_wconf 91' lang='lat'>:</span> <span class='ocrx_word' id='word_1_561' title='bbox 1074 4009 1087 4042; x_wconf 78' lang='lat' dir='ltr'><strong>a</strong></span> <span class='ocrx_word' id='word_1_562' title='bbox 1103 3988 1207 4058; x_wconf 85' lang='lat' dir='ltr'><strong>Abbas,</strong></span> <span class='ocrx_word' id='word_1_563' title='bbox 1228 3988 1272 4042; x_wconf 85' lang='lat' dir='ltr'><strong>vel</strong></span> <span class='ocrx_word' id='word_1_564' title='bbox 1294 3987 1469 4060; x_wconf 84' lang='lat' dir='ltr'><strong>praepositus,</strong></span> <span class='ocrx_word' id='word_1_565' title='bbox 1494 3987 1538 4041; x_wconf 82' lang='lat' dir='ltr'><strong>vel</strong></span> <span class='ocrx_word' id='word_1_566' title='bbox 1557 3985 1673 4057; x_wconf 90' lang='lat' dir='ltr'><strong>quilibet</strong></span> <span class='ocrx_word' id='word_1_567' title='bbox 1695 4002 1737 4042; x_wconf 89' lang='lat' dir='ltr'><strong>se·</strong></span> 
     </span>
     <span class='ocr_line' id='line_1_43' title="bbox 128 4073 1737 4147; baseline -0.001 -16"><span class='ocrx_word' id='word_1_568' title='bbox 128 4074 211 4144; x_wconf 70' lang='lat' dir='ltr'><strong>i&#39;ifft&#39;</strong></span> <span class='ocrx_word' id='word_1_569' title='bbox 225 4079 263 4131; x_wconf 83' lang='lat' dir='ltr'><strong>im</strong></span> <span class='ocrx_word' id='word_1_570' title='bbox 270 4077 424 4145; x_wconf 69' lang='lat' dir='ltr'><strong>priminae</strong></span> <span class='ocrx_word' id='word_1_571' title='bbox 437 4079 537 4146; x_wconf 84' lang='lat' dir='ltr'><strong>quibas</strong></span> <span class='ocrx_word' id='word_1_572' title='bbox 550 4079 806 4147; x_wconf 76' lang='lat' dir='ltr'><strong>diutinus,caoendi</strong></span> <span class='ocrx_word' id='word_1_573' title='bbox 819 4083 896 4134; x_wconf 85' lang='lat' dir='ltr'><strong>sunt.</strong></span> <span class='ocrx_word' id='word_1_574' title='bbox 938 4079 1204 4142; x_wconf 73' lang='lat' dir='ltr'><strong>niorumfratrum,</strong></span> <span class='ocrx_word' id='word_1_575' title='bbox 1219 4076 1264 4132; x_wconf 90' lang='lat' dir='ltr'><strong>cui</strong></span> <span class='ocrx_word' id='word_1_576' title='bbox 1279 4077 1315 4130; x_wconf 90' lang='lat' dir='ltr'><strong>ab</strong></span> <span class='ocrx_word' id='word_1_577' title='bbox 1332 4075 1433 4130; x_wconf 87' lang='lat' dir='ltr'><strong>abbate</strong></span> <span class='ocrx_word' id='word_1_578' title='bbox 1451 4074 1632 4130; x_wconf 88' lang='lat' dir='ltr'><strong>commissum</strong></span> <span class='ocrx_word' id='word_1_579' title='bbox 1650 4073 1737 4129; x_wconf 89' lang='lat' dir='ltr'><strong>fuerit</strong></span> 
     </span>
     <span class='ocr_line' id='line_1_44' title="bbox 96 4161 1736 4238; baseline -0.002 -18"><span class='ocrx_word' id='word_1_580' title='bbox 96 4163 333 4236; x_wconf 84' lang='lat' dir='ltr'><strong>Quandoquidem</strong></span> <span class='ocrx_word' id='word_1_581' title='bbox 359 4164 390 4220; x_wconf 91' lang='lat' dir='ltr'><strong>in</strong></span> <span class='ocrx_word' id='word_1_582' title='bbox 414 4165 650 4237; x_wconf 87' lang='lat' dir='ltr'><strong>consequentibus</strong></span> <span class='ocrx_word' id='word_1_583' title='bbox 674 4182 771 4221; x_wconf 88' lang='lat' dir='ltr'><strong>omnes</strong></span> <span class='ocrx_word' id='word_1_584' title='bbox 785 4165 898 4220; x_wconf 88' lang='lat' dir='ltr'><strong>ordines</strong></span> <span class='ocrx_word' id='word_1_585' title='bbox 938 4172 971 4222; x_wconf 91' lang='lat' dir='ltr'><strong>ut</strong></span> <span class='ocrx_word' id='word_1_586' title='bbox 981 4167 1167 4223; x_wconf 89' lang='lat' dir='ltr'><strong>confessiones</strong></span> <span class='ocrx_word' id='word_1_587' title='bbox 1181 4166 1308 4238; x_wconf 85' lang='lat' dir='ltr'><strong>recipiat,</strong></span> <span class='ocrx_word' id='word_1_588' title='bbox 1325 4164 1443 4219; x_wconf 89' lang='lat' dir='ltr'><strong>crimina</strong></span> <span class='ocrx_word' id='word_1_589' title='bbox 1452 4164 1563 4234; x_wconf 74' lang='lat' dir='ltr'><strong>maiora</strong></span> <span class='ocrx_word' id='word_1_590' title='bbox 1571 4163 1616 4217; x_wconf 83' lang='lat' dir='ltr'><strong>uel</strong></span> <span class='ocrx_word' id='word_1_591' title='bbox 1627 4161 1736 4217; x_wconf 87' lang='lat' dir='ltr'><strong>minora</strong></span> 
     </span>
     <span class='ocr_line' id='line_1_45' title="bbox 97 4251 1735 4326; baseline -0.001 -19"><span class='ocrx_word' id='word_1_592' title='bbox 97 4259 223 4308; x_wconf 82' lang='lat' dir='ltr'><strong>recenset</strong></span> <span class='ocrx_word' id='word_1_593' title='bbox 243 4251 278 4307; x_wconf 86' lang='grc' dir='ltr'><strong>Β.</strong></span> <span class='ocrx_word' id='word_1_594' title='bbox 301 4251 487 4318; x_wconf 88' lang='lat' dir='ltr'><strong>Lanfrancus,</strong></span> <span class='ocrx_word' id='word_1_595' title='bbox 503 4253 538 4308; x_wconf 93' lang='lat' dir='ltr'><strong>de</strong></span> <span class='ocrx_word' id='word_1_596' title='bbox 550 4255 664 4326; x_wconf 87' lang='lat' dir='ltr'><strong>proprio</strong></span> <span class='ocrx_word' id='word_1_597' title='bbox 675 4253 819 4309; x_wconf 89' lang='lat' dir='ltr'><strong>sacerdote</strong></span> <span class='ocrx_word' id='word_1_598' title='bbox 832 4254 898 4309; x_wconf 88' lang='lat' dir='ltr'><strong>inii·</strong></span> <span class='ocrx_word' id='word_1_599' title='bbox 938 4257 1100 4312; x_wconf 88' lang='lat' dir='ltr'><strong>nuliatenus</strong></span> <span class='ocrx_word' id='word_1_600' title='bbox 1117 4255 1287 4320; x_wconf 82' lang='lat' dir='ltr'><strong>manifestet,</strong></span> <span class='ocrx_word' id='word_1_601' title='bbox 1312 4253 1368 4308; x_wconf 89' lang='lat' dir='ltr'><strong>nisi</strong></span> <span class='ocrx_word' id='word_1_602' title='bbox 1388 4253 1441 4308; x_wconf 91' lang='lat' dir='ltr'><strong>soli</strong></span> <span class='ocrx_word' id='word_1_603' title='bbox 1464 4253 1541 4322; x_wconf 84' lang='lat' dir='ltr'><strong>justo</strong></span> <span class='ocrx_word' id='word_1_604' title='bbox 1560 4251 1661 4322; x_wconf 83' lang='lat' dir='ltr'><strong>judici,</strong></span> <span class='ocrx_word' id='word_1_605' title='bbox 1686 4251 1735 4322; x_wconf 89' lang='lat' dir='ltr'><strong>qui</strong></span> 
     </span>
     <span class='ocr_line' id='line_1_46' title="bbox 97 4337 1735 4419; baseline 0.001 -25"><span class='ocrx_word' id='word_1_606' title='bbox 97 4337 158 4419; x_wconf 83' lang='lat' dir='ltr'><strong>deli,</strong></span> <span class='ocrx_word' id='word_1_607' title='bbox 174 4342 233 4398; x_wconf 88' lang='lat' dir='ltr'><strong>hoc</strong></span> <span class='ocrx_word' id='word_1_608' title='bbox 259 4345 304 4396; x_wconf 88' lang='lat' dir='ltr'><strong>est</strong></span> <span class='ocrx_word' id='word_1_609' title='bbox 326 4346 441 4412; x_wconf 85' lang='lat' dir='ltr'><strong>peccata</strong></span> <span class='ocrx_word' id='word_1_610' title='bbox 460 4342 638 4398; x_wconf 87' lang='lat' dir='ltr'><strong>subditarum</strong></span> <span class='ocrx_word' id='word_1_611' title='bbox 660 4342 715 4398; x_wconf 85' lang='lat' dir='ltr'><strong>sibi</strong></span> <span class='ocrx_word' id='word_1_612' title='bbox 740 4343 1068 4402; x_wconf 88' lang='lat' dir='ltr'><strong>animarumDomnium</strong></span> <span class='ocrx_word' id='word_1_613' title='bbox 1087 4343 1281 4400; x_wconf 85' lang='lat' dir='ltr'><strong>confitentium</strong></span> <span class='ocrx_word' id='word_1_614' title='bbox 1293 4341 1413 4396; x_wconf 87' lang='lat' dir='ltr'><strong>crimina</strong></span> <span class='ocrx_word' id='word_1_615' title='bbox 1433 4342 1517 4396; x_wconf 88' lang='lat' dir='ltr'><strong>lavat.</strong></span> <span class='ocrx_word' id='word_1_616' title='bbox 1536 4361 1547 4392; x_wconf 77' lang='grc' dir='ltr'><strong><em>ι</em></strong></span> <span class='ocrx_word' id='word_1_617' title='bbox 1563 4341 1653 4406; x_wconf 85' lang='lat' dir='ltr'><strong>Quam</strong></span> <span class='ocrx_word' id='word_1_618' title='bbox 1666 4355 1735 4397; x_wconf 87' lang='lat' dir='ltr'><strong>sane</strong></span> 
     </span>
     <span class='ocr_line' id='line_1_47' title="bbox 97 4429 1736 4502; baseline 0.001 -18"><span class='ocrx_word' id='word_1_619' title='bbox 97 4431 264 4501; x_wconf 86' lang='lat' dir='ltr'><strong>propalante</strong></span> <span class='ocrx_word' id='word_1_620' title='bbox 278 4429 410 4502; x_wconf 87' lang='lat' dir='ltr'><strong>superius</strong></span> <span class='ocrx_word' id='word_1_621' title='bbox 423 4430 510 4486; x_wconf 89' lang='lat' dir='ltr'><strong>fuisse</strong></span> <span class='ocrx_word' id='word_1_622' title='bbox 522 4431 658 4498; x_wconf 89' lang='lat' dir='ltr'><strong>locutum,</strong></span> <span class='ocrx_word' id='word_1_623' title='bbox 670 4433 827 4488; x_wconf 87' lang='lat' dir='ltr'><strong>necessario</strong></span> <span class='ocrx_word' id='word_1_624' title='bbox 841 4433 899 4488; x_wconf 89' lang='lat' dir='ltr'><strong>col·</strong></span> <span class='ocrx_word' id='word_1_625' title='bbox 940 4433 1096 4488; x_wconf 89' lang='lat' dir='ltr'><strong>doctrinam</strong></span> <span class='ocrx_word' id='word_1_626' title='bbox 1107 4437 1231 4487; x_wconf 89' lang='lat' dir='ltr'><strong>mentem</strong></span> <span class='ocrx_word' id='word_1_627' title='bbox 1241 4432 1352 4502; x_wconf 87' lang='lat' dir='ltr'><strong>assequi</strong></span> <span class='ocrx_word' id='word_1_628' title='bbox 1363 4430 1558 4496; x_wconf 86' lang='lat' dir='ltr'><strong>auctoris,uon</strong></span> <span class='ocrx_word' id='word_1_629' title='bbox 1568 4430 1608 4485; x_wconf 86' lang='lat' dir='ltr'><strong>ita</strong></span> <span class='ocrx_word' id='word_1_630' title='bbox 1618 4429 1736 4486; x_wconf 89' lang='lat' dir='ltr'><strong>obscure</strong></span> 
     </span>
     <span class='ocr_line' id='line_1_48' title="bbox 95 4515 1736 4594; baseline 0 -20"><span class='ocrx_word' id='word_1_631' title='bbox 95 4515 242 4589; x_wconf 57' lang='lat' dir='ltr'><strong>Quidum</strong></span> <span class='ocrx_word' id='word_1_632' title='bbox 266 4517 397 4586; x_wconf 61' lang='lat' dir='ltr'><strong>videtum</strong></span> <span class='ocrx_word' id='word_1_633' title='bbox 419 4520 623 4593; x_wconf 89' lang='lat' dir='ltr'><strong>consulereque</strong></span> <span class='ocrx_word' id='word_1_634' title='bbox 638 4537 673 4576; x_wconf 90' lang='lat' dir='ltr'><strong>ue</strong></span> <span class='ocrx_word' id='word_1_635' title='bbox 688 4521 825 4593; x_wconf 76' lang='lat' dir='ltr'><strong>eiusmodi</strong></span> <span class='ocrx_word' id='word_1_636' title='bbox 838 4527 898 4577; x_wconf 88' lang='lat' dir='ltr'><strong>tra·</strong></span> <span class='ocrx_word' id='word_1_637' title='bbox 939 4521 1068 4594; x_wconf 89' lang='lat' dir='ltr'><strong>superior</strong></span> <span class='ocrx_word' id='word_1_638' title='bbox 1086 4521 1203 4593; x_wconf 83' lang='lat' dir='ltr'><strong>mystica</strong></span> <span class='ocrx_word' id='word_1_639' title='bbox 1215 4519 1561 4591; x_wconf 85' lang='lat' dir='ltr'><strong>ordinuminterpretatio,</strong></span> <span class='ocrx_word' id='word_1_640' title='bbox 1578 4536 1611 4574; x_wconf 84' lang='lat' dir='ltr'><strong>ex</strong></span> <span class='ocrx_word' id='word_1_641' title='bbox 1626 4519 1736 4574; x_wconf 85' lang='lat' dir='ltr'><strong>Veteris</strong></span> 
     </span>
     <span class='ocr_line' id='line_1_49' title="bbox 95 4607 1574 4681; baseline 0.001 -19"><span class='ocrx_word' id='word_1_642' title='bbox 95 4607 188 4676; x_wconf 71' lang='lat' dir='ltr'><strong>ditoni,</strong></span> <span class='ocrx_word' id='word_1_643' title='bbox 203 4607 259 4664; x_wconf 92' lang='lat' dir='ltr'><strong>Dei</strong></span> <span class='ocrx_word' id='word_1_644' title='bbox 274 4607 439 4670; x_wconf 81' lang='lat' dir='ltr'><strong>Ecclesiam,</strong></span> <span class='ocrx_word' id='word_1_645' title='bbox 456 4625 518 4680; x_wconf 82' lang='lat' dir='ltr'><strong>quae</strong></span> <span class='ocrx_word' id='word_1_646' title='bbox 528 4625 586 4665; x_wconf 88' lang='lat' dir='ltr'><strong>una</strong></span> <span class='ocrx_word' id='word_1_647' title='bbox 605 4616 649 4666; x_wconf 89' lang='lat' dir='ltr'><strong>est</strong></span> <span class='ocrx_word' id='word_1_648' title='bbox 659 4615 784 4678; x_wconf 89' lang='lat' dir='ltr'><strong>etcasta,</strong></span> <span class='ocrx_word' id='word_1_649' title='bbox 796 4611 900 4666; x_wconf 88' lang='lat' dir='ltr'><strong>divide·</strong></span> <span class='ocrx_word' id='word_1_650' title='bbox 938 4611 1111 4667; x_wconf 85' lang='lat' dir='ltr'><strong>Testamenti</strong></span> <span class='ocrx_word' id='word_1_651' title='bbox 1125 4610 1218 4665; x_wconf 89' lang='lat' dir='ltr'><strong>allatis</strong></span> <span class='ocrx_word' id='word_1_652' title='bbox 1230 4609 1373 4681; x_wconf 88' lang='lat' dir='ltr'><strong>exemplis,</strong></span> <span class='ocrx_word' id='word_1_653' title='bbox 1388 4609 1574 4664; x_wconf 88' lang='lat' dir='ltr'><strong>demonstrat.</strong></span> 
     </span>
     <span class='ocr_line' id='line_1_50' title="bbox 94 4697 1783 4772; baseline 0.001 -20"><span class='ocrx_word' id='word_1_654' title='bbox 94 4711 124 4752; x_wconf 88' lang='lat' dir='ltr'><strong>re</strong></span> <span class='ocrx_word' id='word_1_655' title='bbox 143 4703 237 4769; x_wconf 87' lang='lat' dir='ltr'><strong>atque</strong></span> <span class='ocrx_word' id='word_1_656' title='bbox 257 4697 397 4752; x_wconf 78' lang='lat' dir='ltr'><strong>infamare</strong></span> <span class='ocrx_word' id='word_1_657' title='bbox 421 4699 544 4767; x_wconf 86' lang='lat' dir='ltr'><strong>consuti,</strong></span> <span class='ocrx_word' id='word_1_658' title='bbox 571 4699 769 4756; x_wconf 89' lang='lat' dir='ltr'><strong>conscientiam</strong></span> <span class='ocrx_word' id='word_1_659' title='bbox 789 4700 900 4772; x_wconf 82' lang='lat' dir='ltr'><strong>aperiat</strong></span> <span class='ocrx_word' id='word_1_660' title='bbox 975 4699 1005 4758; x_wconf 75' lang='grc'><strong>2.</strong></span> <span class='ocrx_word' id='word_1_661' title='bbox 1020 4699 1192 4754; x_wconf 84' lang='lat' dir='ltr'><strong>Perocculta</strong></span> <span class='ocrx_word' id='word_1_662' title='bbox 1206 4704 1319 4770; x_wconf 89' lang='lat' dir='ltr'><strong>peccata</strong></span> <span class='ocrx_word' id='word_1_663' title='bbox 1343 4698 1472 4766; x_wconf 83' lang='lat' dir='ltr'><strong>venialia,</strong></span> <span class='ocrx_word' id='word_1_664' title='bbox 1490 4715 1541 4769; x_wconf 89' lang='lat' dir='ltr'><strong>per</strong></span> <span class='ocrx_word' id='word_1_665' title='bbox 1560 4703 1667 4770; x_wconf 87' lang='lat' dir='ltr'><strong>aperta,</strong></span> <span class='ocrx_word' id='word_1_666' title='bbox 1685 4699 1737 4754; x_wconf 92' lang='lat' dir='ltr'><strong>hoc</strong></span> <span class='ocrx_word' id='word_1_667' title='bbox 1775 4745 1783 4758; x_wconf 85' lang='lat'>.</span> 
     </span>
     <span class='ocr_line' id='line_1_51' title="bbox 94 4785 1734 4859; baseline 0 -17"><span class='ocrx_word' id='word_1_668' title='bbox 94 4787 141 4857; x_wconf 87' lang='lat' dir='ltr'><strong>qui</strong></span> <span class='ocrx_word' id='word_1_669' title='bbox 151 4785 311 4842; x_wconf 77' lang='lat' dir='ltr'><strong>consilium</strong></span> <span class='ocrx_word' id='word_1_670' title='bbox 325 4785 460 4857; x_wconf 87' lang='lat' dir='ltr'><strong>postulat.</strong></span> <span class='ocrx_word' id='word_1_671' title='bbox 940 4793 983 4844; x_wconf 90' lang='lat' dir='ltr'><strong>est</strong></span> <span class='ocrx_word' id='word_1_672' title='bbox 996 4793 1092 4859; x_wconf 82' lang='lat' dir='ltr'><strong>aperte</strong></span> <span class='ocrx_word' id='word_1_673' title='bbox 1108 4788 1192 4852; x_wconf 87' lang='lat' dir='ltr'><strong>mala,</strong></span> <span class='ocrx_word' id='word_1_674' title='bbox 1218 4787 1333 4842; x_wconf 88' lang='lat' dir='ltr'><strong>lethalia</strong></span> <span class='ocrx_word' id='word_1_675' title='bbox 1349 4792 1468 4859; x_wconf 89' lang='lat' dir='ltr'><strong>possunt</strong></span> <span class='ocrx_word' id='word_1_676' title='bbox 1487 4787 1617 4858; x_wconf 89' lang='lat' dir='ltr'><strong>intelligi.</strong></span> <span class='ocrx_word' id='word_1_677' title='bbox 1634 4789 1681 4843; x_wconf 90' lang='lat' dir='ltr'><strong>Sic</strong></span> <span class='ocrx_word' id='word_1_678' title='bbox 1692 4788 1734 4842; x_wconf 92' lang='lat' dir='ltr'><strong>in·</strong></span> 
     </span>
     <span class='ocr_line' id='line_1_52' title="bbox 127 4875 1736 4950; baseline 0 -20"><span class='ocrx_word' id='word_1_679' title='bbox 127 4875 207 4946; x_wconf 76' lang='lat' dir='ltr'><strong>(⁹)In</strong></span> <span class='ocrx_word' id='word_1_680' title='bbox 221 4876 275 4930; x_wconf 78' lang='lat' dir='ltr'><strong>laec</strong></span> <span class='ocrx_word' id='word_1_681' title='bbox 288 4878 474 4942; x_wconf 70' lang='lat' dir='ltr'><strong>cognoscimus</strong></span> <span class='ocrx_word' id='word_1_682' title='bbox 487 4878 555 4944; x_wconf 86' lang='lat' dir='ltr'><strong>qaia</strong></span> <span class='ocrx_word' id='word_1_683' title='bbox 570 4876 601 4931; x_wconf 81' lang='lat' dir='ltr'><strong>da</strong></span> <span class='ocrx_word' id='word_1_684' title='bbox 616 4879 813 4932; x_wconf 85' lang='lat' dir='ltr'><strong>occultisomni</strong></span> <span class='ocrx_word' id='word_1_685' title='bbox 822 4881 900 4934; x_wconf 86' lang='lat' dir='ltr'><strong>cccle-</strong></span> <span class='ocrx_word' id='word_1_686' title='bbox 940 4882 1080 4950; x_wconf 87' lang='lat' dir='ltr'><strong>terpretor</strong></span> <span class='ocrx_word' id='word_1_687' title='bbox 1094 4878 1123 4932; x_wconf 88' lang='lat' dir='ltr'><strong>S.</strong></span> <span class='ocrx_word' id='word_1_688' title='bbox 1139 4877 1221 4932; x_wconf 82' lang='lat' dir='ltr'><strong>liedae</strong></span> <span class='ocrx_word' id='word_1_689' title='bbox 1238 4878 1340 4943; x_wconf 91' lang='lat' dir='ltr'><strong>locum,</strong></span> <span class='ocrx_word' id='word_1_690' title='bbox 1357 4877 1385 4931; x_wconf 92' lang='lat' dir='ltr'><strong>in</strong></span> <span class='ocrx_word' id='word_1_691' title='bbox 1400 4894 1424 4931; x_wconf 92' lang='lat' dir='ltr'><strong>c.</strong></span> <span class='ocrx_word' id='word_1_692' title='bbox 1442 4877 1457 4932; x_wconf 84' lang='lat'><strong>5</strong></span> <span class='ocrx_word' id='word_1_693' title='bbox 1477 4877 1556 4948; x_wconf 90' lang='lat' dir='ltr'><strong>Epist</strong></span> <span class='ocrx_word' id='word_1_694' title='bbox 1581 4877 1612 4932; x_wconf 90' lang='lat' dir='ltr'><strong>B.</strong></span> <span class='ocrx_word' id='word_1_695' title='bbox 1630 4877 1736 4942; x_wconf 82' lang='lat' dir='ltr'><strong>iacobi,</strong></span> 
     </span>
     <span class='ocr_line' id='line_1_53' title="bbox 92 4958 1738 5035; baseline 0.002 -17"><span class='ocrx_word' id='word_1_696' title='bbox 92 4967 204 5020; x_wconf 71' lang='lat' dir='ltr'><strong>nautico</strong></span> <span class='ocrx_word' id='word_1_697' title='bbox 221 4965 324 5020; x_wconf 84' lang='lat' dir='ltr'><strong>ordini</strong></span> <span class='ocrx_word' id='word_1_698' title='bbox 338 4967 463 5032; x_wconf 70' lang='lat' dir='ltr'><strong>confiteri</strong></span> <span class='ocrx_word' id='word_1_699' title='bbox 475 4958 611 5019; x_wconf 75' lang='lat' dir='ltr'><strong>debemus</strong></span> <span class='ocrx_word' id='word_1_700' title='bbox 624 4966 683 5020; x_wconf 93' lang='lat' dir='ltr'><strong>Hoc</strong></span> <span class='ocrx_word' id='word_1_701' title='bbox 695 4965 811 5021; x_wconf 84' lang='lat' dir='ltr'><strong>uerbum</strong></span> <span class='ocrx_word' id='word_1_702' title='bbox 825 4968 901 5021; x_wconf 85' lang='lat' dir='ltr'><strong>debe-</strong></span> <span class='ocrx_word' id='word_1_703' title='bbox 940 4965 1130 5022; x_wconf 84' lang='lat' dir='ltr'><strong>adheecuerba</strong></span> <span class='ocrx_word' id='word_1_704' title='bbox 1141 4985 1147 5019; x_wconf 92' lang='lat'>:</span> <span class='ocrx_word' id='word_1_705' title='bbox 1159 4965 1512 5034; x_wconf 77' lang='lat' dir='ltr'><strong>Confiteminialteratram</strong></span> <span class='ocrx_word' id='word_1_706' title='bbox 1518 4970 1627 5035; x_wconf 83' lang='lat' dir='ltr'><strong>peccatu</strong></span> <span class='ocrx_word' id='word_1_707' title='bbox 1637 4971 1738 5034; x_wconf 71' lang='lat' dir='ltr'><strong>vestrm</strong></span> 
     </span>
     <span class='ocr_line' id='line_1_54' title="bbox 92 5051 1739 5130; baseline 0.002 -26"><span class='ocrx_word' id='word_1_708' title='bbox 92 5069 155 5108; x_wconf 81' lang='lat' dir='ltr'><strong>snus</strong></span> <span class='ocrx_word' id='word_1_709' title='bbox 164 5069 230 5110; x_wconf 84' lang='lat' dir='ltr'><strong>non</strong></span> <span class='ocrx_word' id='word_1_710' title='bbox 243 5067 356 5124; x_wconf 89' lang='lat' dir='ltr'><strong>semper</strong></span> <span class='ocrx_word' id='word_1_711' title='bbox 368 5051 564 5130; x_wconf 85' lang='lat' dir='ltr'><strong>necessitatem</strong></span> <span class='ocrx_word' id='word_1_712' title='bbox 577 5059 628 5108; x_wconf 85' lang='lat' dir='ltr'><strong>aut</strong></span> <span class='ocrx_word' id='word_1_713' title='bbox 641 5061 809 5127; x_wconf 76' lang='lat' dir='ltr'><strong>preceptum</strong></span> <span class='ocrx_word' id='word_1_714' title='bbox 825 5054 901 5126; x_wconf 88' lang='lat' dir='ltr'><strong>inge-</strong></span> <span class='ocrx_word' id='word_1_715' title='bbox 940 5055 1010 5112; x_wconf 92' lang='lat' dir='ltr'><strong>dicit</strong></span> <span class='ocrx_word' id='word_1_716' title='bbox 1023 5074 1052 5109; x_wconf 81' lang='lat' dir='ltr'><strong>:r</strong></span> <span class='ocrx_word' id='word_1_717' title='bbox 1068 5056 1101 5111; x_wconf 94' lang='lat' dir='ltr'><strong>ln</strong></span> <span class='ocrx_word' id='word_1_718' title='bbox 1115 5055 1167 5110; x_wconf 90' lang='lat' dir='ltr'><strong>hac</strong></span> <span class='ocrx_word' id='word_1_719' title='bbox 1180 5059 1275 5109; x_wconf 90' lang='lat' dir='ltr'><strong>autem</strong></span> <span class='ocrx_word' id='word_1_720' title='bbox 1292 5056 1433 5110; x_wconf 86' lang='lat' dir='ltr'><strong>sententia</strong></span> <span class='ocrx_word' id='word_1_721' title='bbox 1447 5054 1496 5111; x_wconf 90' lang='lat' dir='ltr'><strong>illa</strong></span> <span class='ocrx_word' id='word_1_722' title='bbox 1514 5055 1597 5111; x_wconf 89' lang='lat' dir='ltr'><strong>debet</strong></span> <span class='ocrx_word' id='word_1_723' title='bbox 1615 5071 1677 5110; x_wconf 90' lang='lat' dir='ltr'><strong>esse</strong></span> <span class='ocrx_word' id='word_1_724' title='bbox 1698 5055 1739 5109; x_wconf 90' lang='lat' dir='ltr'><strong>di·</strong></span> 
     </span>
     <span class='ocr_line' id='line_1_55' title="bbox 92 5141 1737 5217; baseline 0.001 -21"><span class='ocrx_word' id='word_1_725' title='bbox 92 5143 138 5208; x_wconf 87' lang='lat' dir='ltr'><strong>rit,</strong></span> <span class='ocrx_word' id='word_1_726' title='bbox 159 5143 217 5197; x_wconf 87' lang='lat' dir='ltr'><strong>sed</strong></span> <span class='ocrx_word' id='word_1_727' title='bbox 248 5141 399 5196; x_wconf 91' lang='lat' dir='ltr'><strong>consilium</strong></span> <span class='ocrx_word' id='word_1_728' title='bbox 419 5142 587 5214; x_wconf 85' lang='lat' dir='ltr'><strong>quandoque</strong></span> <span class='ocrx_word' id='word_1_729' title='bbox 601 5143 737 5214; x_wconf 85' lang='lat' dir='ltr'><strong>suggerit,</strong></span> <span class='ocrx_word' id='word_1_730' title='bbox 760 5144 801 5199; x_wconf 93' lang='lat' dir='ltr'><strong>uti</strong></span> <span class='ocrx_word' id='word_1_731' title='bbox 826 5145 901 5200; x_wconf 88' lang='lat' dir='ltr'><strong>inter</strong></span> <span class='ocrx_word' id='word_1_732' title='bbox 941 5145 1042 5201; x_wconf 88' lang='lat' dir='ltr'><strong>scretio</strong></span> <span class='ocrx_word' id='word_1_733' title='bbox 1057 5151 1088 5200; x_wconf 92' lang='lat' dir='ltr'><strong>ut</strong></span> <span class='ocrx_word' id='word_1_734' title='bbox 1102 5144 1267 5216; x_wconf 90' lang='lat' dir='ltr'><strong>quotidiana</strong></span> <span class='ocrx_word' id='word_1_735' title='bbox 1286 5145 1413 5216; x_wconf 82' lang='lat' dir='ltr'><strong>leviaque</strong></span> <span class='ocrx_word' id='word_1_736' title='bbox 1434 5151 1549 5217; x_wconf 89' lang='lat' dir='ltr'><strong>peccata</strong></span> <span class='ocrx_word' id='word_1_737' title='bbox 1569 5145 1737 5198; x_wconf 88' lang='lat' dir='ltr'><strong>alterutrum</strong></span> 
     </span>
     <span class='ocr_line' id='line_1_56' title="bbox 92 5229 1740 5305; baseline 0.001 -21"><span class='ocrx_word' id='word_1_738' title='bbox 92 5230 365 5296; x_wconf 62' lang='lat' dir='ltr'><strong>aliosdocetzsa</strong></span> <span class='ocrx_word' id='word_1_739' title='bbox 374 5231 440 5286; x_wconf 85' lang='lat' dir='ltr'><strong>Soio</strong></span> <span class='ocrx_word' id='word_1_740' title='bbox 450 5229 597 5297; x_wconf 80' lang='lat' dir='ltr'><strong>inlsent,</strong></span> <span class='ocrx_word' id='word_1_741' title='bbox 613 5231 680 5290; x_wconf 87' lang='lat' dir='ltr'><strong>dist.</strong></span> <span class='ocrx_word' id='word_1_742' title='bbox 706 5234 745 5288; x_wconf 86' lang='lat'><strong>18.</strong></span> <span class='ocrx_word' id='word_1_743' title='bbox 758 5250 785 5304; x_wconf 93' lang='lat' dir='ltr'><strong>q.</strong></span> <span class='ocrx_word' id='word_1_744' title='bbox 800 5234 827 5298; x_wconf 81' lang='lat' dir='ltr'><strong>t,</strong></span> <span class='ocrx_word' id='word_1_745' title='bbox 843 5239 897 5288; x_wconf 87' lang='lat' dir='ltr'><strong>art.</strong></span> <span class='ocrx_word' id='word_1_746' title='bbox 940 5233 1127 5305; x_wconf 68' lang='lat' dir='ltr'><strong>coequalibus</strong></span> <span class='ocrx_word' id='word_1_747' title='bbox 1140 5234 1495 5304; x_wconf 79' lang='lat' dir='ltr'><strong>confiteamur,eorumque</strong></span> <span class='ocrx_word' id='word_1_748' title='bbox 1510 5231 1740 5304; x_wconf 90' lang='lat' dir='ltr'><strong>quotidianacre·</strong></span> 
     </span>
     <span class='ocr_line' id='line_1_57' title="bbox 90 5318 1738 5392; baseline 0 -18"><span class='ocrx_word' id='word_1_749' title='bbox 90 5318 118 5384; x_wconf 82' lang='lat' dir='ltr'><strong>t,</strong></span> <span class='ocrx_word' id='word_1_750' title='bbox 141 5322 173 5375; x_wconf 87' lang='lat' dir='ltr'><strong>iu</strong></span> <span class='ocrx_word' id='word_1_751' title='bbox 203 5319 276 5386; x_wconf 79' lang='lat' dir='ltr'><strong>fine,</strong></span> <span class='ocrx_word' id='word_1_752' title='bbox 301 5334 388 5389; x_wconf 88' lang='lat' dir='ltr'><strong>agens</strong></span> <span class='ocrx_word' id='word_1_753' title='bbox 408 5319 443 5374; x_wconf 91' lang='lat' dir='ltr'><strong>de</strong></span> <span class='ocrx_word' id='word_1_754' title='bbox 465 5319 639 5375; x_wconf 91' lang='lat' dir='ltr'><strong>confessione</strong></span> <span class='ocrx_word' id='word_1_755' title='bbox 654 5321 724 5376; x_wconf 86' lang='lat' dir='ltr'><strong>laico</strong></span> <span class='ocrx_word' id='word_1_756' title='bbox 748 5321 897 5376; x_wconf 86' lang='lat' dir='ltr'><strong>facienda:</strong></span> <span class='ocrx_word' id='word_1_757' title='bbox 940 5323 1041 5378; x_wconf 90' lang='lat' dir='ltr'><strong>damus</strong></span> <span class='ocrx_word' id='word_1_758' title='bbox 1055 5323 1182 5377; x_wconf 86' lang='lat' dir='ltr'><strong>oratione</strong></span> <span class='ocrx_word' id='word_1_759' title='bbox 1201 5323 1314 5378; x_wconf 77' lang='lat' dir='ltr'><strong>salvari.</strong></span> <span class='ocrx_word' id='word_1_760' title='bbox 1330 5323 1418 5378; x_wconf 84' lang='lat' dir='ltr'><strong>Porro</strong></span> <span class='ocrx_word' id='word_1_761' title='bbox 1431 5320 1568 5392; x_wconf 87' lang='lat' dir='ltr'><strong>grauioris</strong></span> <span class='ocrx_word' id='word_1_762' title='bbox 1586 5319 1670 5390; x_wconf 71' lang='lat' dir='ltr'><strong>lepras</strong></span> <span class='ocrx_word' id='word_1_763' title='bbox 1684 5319 1738 5374; x_wconf 95' lang='lat' dir='ltr'><strong>im-</strong></span> 
     </span>
     <span class='ocr_line' id='line_1_58' title="bbox 93 5405 1740 5482; baseline 0.004 -24"><span class='ocrx_word' id='word_1_764' title='bbox 93 5425 106 5458; x_wconf 78' lang='lat'><strong>«</strong></span> <span class='ocrx_word' id='word_1_765' title='bbox 125 5407 262 5463; x_wconf 83' lang='lat' dir='ltr'><strong>Verbum</strong></span> <span class='ocrx_word' id='word_1_766' title='bbox 277 5405 371 5474; x_wconf 90' lang='lat' dir='ltr'><strong>debet,</strong></span> <span class='ocrx_word' id='word_1_767' title='bbox 386 5408 427 5463; x_wconf 90' lang='lat' dir='ltr'><strong>ait</strong></span> <span class='ocrx_word' id='word_1_768' title='bbox 440 5409 497 5474; x_wconf 89' lang='lat' dir='ltr'><strong>ille,</strong></span> <span class='ocrx_word' id='word_1_769' title='bbox 514 5425 571 5464; x_wconf 92' lang='lat' dir='ltr'><strong>non</strong></span> <span class='ocrx_word' id='word_1_770' title='bbox 582 5419 665 5464; x_wconf 87' lang='lat' dir='ltr'><strong>sonat</strong></span> <span class='ocrx_word' id='word_1_771' title='bbox 677 5416 856 5482; x_wconf 71' lang='lat' dir='ltr'><strong>preceptum,</strong></span> <span class='ocrx_word' id='word_1_772' title='bbox 868 5415 901 5465; x_wconf 92' lang='lat' dir='ltr'><strong>ut</strong></span> <span class='ocrx_word' id='word_1_773' title='bbox 941 5411 1110 5466; x_wconf 89' lang='lat' dir='ltr'><strong>munditiam</strong></span> <span class='ocrx_word' id='word_1_774' title='bbox 1123 5412 1204 5481; x_wconf 76' lang='lat' dir='ltr'><strong>Juxta</strong></span> <span class='ocrx_word' id='word_1_775' title='bbox 1217 5411 1309 5482; x_wconf 86' lang='lat' dir='ltr'><strong>legem</strong></span> <span class='ocrx_word' id='word_1_776' title='bbox 1323 5409 1461 5466; x_wconf 85' lang='lat' dir='ltr'><strong>sacerdoti</strong></span> <span class='ocrx_word' id='word_1_777' title='bbox 1477 5408 1644 5481; x_wconf 89' lang='lat' dir='ltr'><strong>pandamus,</strong></span> <span class='ocrx_word' id='word_1_778' title='bbox 1654 5413 1740 5480; x_wconf 89' lang='lat' dir='ltr'><strong>atque</strong></span> 
     </span>
     <span class='ocr_line' id='line_1_59' title="bbox 13 5496 1749 5580; baseline 0.002 -30"><span class='ocrx_word' id='word_1_779' title='bbox 13 5557 14 5580; x_wconf 15' lang='grc' dir='ltr'><strong>χ</strong></span> <span class='ocrx_word' id='word_1_780' title='bbox 90 5496 444 5553; x_wconf 84' lang='lat' dir='ltr'><strong>nonnulliexSuramistis</strong></span> <span class='ocrx_word' id='word_1_781' title='bbox 460 5496 646 5566; x_wconf 89' lang='lat' dir='ltr'><strong>arbitrantur,</strong></span> <span class='ocrx_word' id='word_1_782' title='bbox 668 5498 717 5554; x_wconf 90' lang='lat' dir='ltr'><strong>sed</strong></span> <span class='ocrx_word' id='word_1_783' title='bbox 732 5499 900 5568; x_wconf 84' lang='lat' dir='ltr'><strong>decentiam,</strong></span> <span class='ocrx_word' id='word_1_784' title='bbox 942 5499 977 5554; x_wconf 92' lang='lat' dir='ltr'><strong>ad</strong></span> <span class='ocrx_word' id='word_1_785' title='bbox 988 5500 1049 5569; x_wconf 88' lang='lat' dir='ltr'><strong>ejus</strong></span> <span class='ocrx_word' id='word_1_786' title='bbox 1063 5499 1223 5566; x_wconf 86' lang='lat' dir='ltr'><strong>arbitrium,</strong></span> <span class='ocrx_word' id='word_1_787' title='bbox 1237 5499 1360 5571; x_wconf 83' lang='lat' dir='ltr'><strong>qualiter</strong></span> <span class='ocrx_word' id='word_1_788' title='bbox 1374 5504 1403 5552; x_wconf 90' lang='lat' dir='ltr'><strong>et</strong></span> <span class='ocrx_word' id='word_1_789' title='bbox 1416 5500 1522 5568; x_wconf 88' lang='lat' dir='ltr'><strong>quanto</strong></span> <span class='ocrx_word' id='word_1_790' title='bbox 1538 5501 1665 5568; x_wconf 88' lang='lat' dir='ltr'><strong>tempore</strong></span> <span class='ocrx_word' id='word_1_791' title='bbox 1680 5499 1749 5568; x_wconf 50' lang='lat' dir='ltr'><strong>jus&lt;</strong></span> 
     </span>
     <span class='ocr_line' id='line_1_60' title="bbox 13 5585 1741 5660; baseline 0.001 -18"><span class='ocrx_word' id='word_1_792' title='bbox 13 5607 14 5642; x_wconf 65' lang='lat' dir='ltr'><strong>l</strong></span> <span class='ocrx_word' id='word_1_793' title='bbox 92 5599 154 5654; x_wconf 78' lang='lat' dir='ltr'><strong>quae</strong></span> <span class='ocrx_word' id='word_1_794' title='bbox 183 5589 322 5654; x_wconf 84' lang='lat' dir='ltr'><strong>tempore</strong></span> <span class='ocrx_word' id='word_1_795' title='bbox 345 5585 434 5641; x_wconf 89' lang='lat' dir='ltr'><strong>sancti</strong></span> <span class='ocrx_word' id='word_1_796' title='bbox 457 5585 571 5642; x_wconf 80' lang='lat' dir='ltr'><strong>Thomas</strong></span> <span class='ocrx_word' id='word_1_797' title='bbox 591 5585 768 5658; x_wconf 87' lang='lat' dir='ltr'><strong>frequentior</strong></span> <span class='ocrx_word' id='word_1_798' title='bbox 789 5591 852 5644; x_wconf 89' lang='lat' dir='ltr'><strong>erat</strong></span> <span class='ocrx_word' id='word_1_799' title='bbox 872 5587 903 5642; x_wconf 91' lang='lat' dir='ltr'><strong>in</strong></span> <span class='ocrx_word' id='word_1_800' title='bbox 943 5588 1183 5660; x_wconf 81' lang='lat' dir='ltr'><strong>serit‚purifrcare</strong></span> <span class='ocrx_word' id='word_1_801' title='bbox 1201 5605 1341 5644; x_wconf 60' lang='lat' dir='ltr'><strong>curemus,</strong></span> <span class='ocrx_word' id='word_1_802' title='bbox 1355 5587 1482 5642; x_wconf 71' lang='lat' dir='ltr'><strong>avenes.</strong></span> <span class='ocrx_word' id='word_1_803' title='bbox 1497 5585 1579 5642; x_wconf 80' lang='lat' dir='ltr'><strong>Beda</strong></span> <span class='ocrx_word' id='word_1_804' title='bbox 1594 5587 1741 5644; x_wconf 77' lang='lat' dir='ltr'><strong>sententie</strong></span> 
     </span>
    </p>
   </div>
   <div class='ocr_carea' id='block_1_3' title="bbox 0 0 1946 6168">
    <p class='ocr_par' dir='ltr' id='par_1_3' title="bbox 0 0 1946 6168">
     <span class='ocr_line' id='line_1_61' title="bbox 0 0 1946 6168; baseline 0 0"><span class='ocrx_word' id='word_1_805' title='bbox 0 0 1946 6168; x_wconf 95' lang='lat' dir='ltr'><strong> </strong></span> 
     </span>
    </p>
   </div>
  </div>
 </body>
</html>
