3872 6162
214 215 269 276 975
728 216 758 271 S.
778 214 976 272 curtinum
994 213 1146 270 lunaris
1164 212 1335 270 musano.
1757 226 1796 286 ιι(

215 347 278 416 post
290 341 440 400 Dominum
456 355 516 396 esse
530 338 613 394 debet
632 339 796 410 potissimus
810 341 963 396 ordinator.
982 340 1043 400 Sia
1053 338 1173 404 cuculla,
1185 339 1240 393 nisi
1259 343 1288 393 et
1301 336 1444 410 pellicium
1460 342 1490 393 et
1502 337 1677 408 noemmin
1686 343 1800 406 Gunelam

215 434 272 488 tale
285 431 351 504 quid
364 430 389 486 ei
402 429 542 500 contingit
554 429 583 482 in
598 435 689 494 nocte,
707 428 781 500 quod
795 445 846 484 nes
860 430 1016 484 verecunde
1057 427 1160 483 hebeat
1179 428 1317 494 indutam,
1333 444 1369 482 ne
1384 426 1451 499 quid
1470 427 1603 484 nuditatis
1623 447 1673 486 sue
1688 437 1762 505 possit
1776 439 1803 493 ab

216 520 390 593 appellamus
404 519 591 588 {ropilitotcm
604 516 668 585 (97),
680 518 957 574 anteconlessionem
967 535 1014 576 un.
1056 517 1150 587 aliquo
1163 517 1260 572 videri.
1677 573 1683 582 ,

215 613 324 680 septem
338 608 461 680 psalmos
480 607 688 678 poenitentiales
709 605 785 667 dicit,
799 607 843 660 vel
854 606 878 661 si
892 607 1015 678 psalmos
1092 607 1148 660 'Et
1158 606 1181 660 si
1191 623 1225 661 ea
1236 606 1409 669 luerithora,
1421 622 1485 677 qna,
1500 613 1641 684 postquam
1658 627 1684 664 sc
1697 613 1804 682 vadent,

214 699 314 764 nescit,
328 697 504 752 Dominicam
520 696 676 751 cretionem
692 695 806 767 septies,
822 701 852 749 et
865 701 1013 767 postquam
1055 695 1089 748 ad
1104 695 1311 762 dormiendum,
1327 694 1457 750 collocari
1472 711 1530 750 non
1549 695 1645 752 debeat
1656 705 1737 770 operto
1749 702 1805 757 lecto

213 787 356 864 consessus
379 785 474 852 siverit,
488 786 542 840 hoc
561 785 636 856 quod
660 772 864 840 sibi'sacerdos
885 784 1011 855 jusserit,
1055 784 1128 854 quod
1151 781 1353 855 alio·tempore
1374 783 1517 839 nonlicet
1538 800 1619 856 snper
1636 790 1804 858 coopertorium

212 876 289 932 dicit.
1053 873 1133 926 sedet
1148 888 1154 928 :
1169 871 1286 944 pedibus
1297 889 1381 945 super
1395 872 1548 928 scabellum
1560 873 1661 945 positis.
1672 889 1713 932 un.
1722 877 1804 934 Εοάιιιι

249 967 261 990 ·
276 964 318 1020 Ee
333 964 441 1020 dienec
454 968 563 1018 textum
585 961 721 1033 evangelii
740 961 893 1030 osculatur,
907 979 959 1017 nec
975 963 1011 1017 ad
1053 977 1164 1033 quoquc
1191 968 1329 1033 tempore,
1354 977 1424 1033 quos
1451 963 1538 1028 exuit,
1563 963 1652 1018 statim
1676 966 1804 1037 complicat,

213 1071 311 1127 pacem
330 1053 416 1119 venit,
439 1069 491 1107 nec
514 1052 550 1106 ad
578 1051 761 1118 offerendum,
781 1067 833 1106 nec
858 1051 893 1106 ad
922 1051 1011 1106 altare
1050 1050 1328 1106 femoraliainvolrit
1350 1051 1498 1106 stamineo.
1522 1057 1551 1107 et
1571 1069 1632 1108 cunr
1650 1053 1809 1122 ejusmonicis

212 1143 329 1209 accedit,
345 1141 440 1197 necin
454 1137 629 1213 presbyterio
643 1139 737 1206 servit,
750 1155 800 1194 nec
816 1139 921 1211 aliquid
936 1141 1011 1211 quod
1052 1144 1172 1211 utraque
1182 1140 1298 1210 colligat
1310 1140 1340 1194 in
1349 1141 1482 1208 armario,
1494 1141 1585 1212 'qnod
1595 1141 1622 1196 in
1632 1140 1740 1196 claustro
1747 1144 1810 1212 jum

211 1233 255 1288 est
268 1248 380 1288 sacrum
394 1231 437 1285 ael
450 1231 480 1284 in
493 1229 575 1294 vasis,
589 1234 639 1284 aut
661 1228 691 1284 in
709 1227 816 1284 caeteris
830 1228 1008 1296 utensilibus,
1051 1245 1197 1284 ascensum
1213 1228 1370 1284 dormitorii
1383 1229 1426 1283 vel
1439 1229 1469 1284 in
1481 1229 1536 1284 alio
1550 1229 1709 1300 competenti
1720 1231 1771 1286 loco
1779 1236 1812 1284 est

211 1322 286 1394 quod
300 1326 344 1376 est
357 1319 545 1386 benedictum,
558 1317 667 1388 tangit3
683 1323 809 1388 excepto,
826 1317 901 1388 quod
915 1317 946 1371 in
960 1333 1010 1388 pu·
1050 1318 1086 1373 ad
1104 1318 1157 1372 hoc
1171 1317 1346 1389 deputatum,
1363 1318 1421 1372 sive
1445 1317 1504 1384 illa,
1526 1317 1584 1373 sive
1601 1318 1655 1372 alia
1674 1318 1715 1372 die
1727 1335 1811 1390 ponen-

210 1410 366 1466 rilicstione
378 1413 481 1464 sanctie
495 1406 601 1471 Mariae,
614 1411 642 1460 et
655 1405 686 1460 in
699 1405 818 1460 Psalmis
832 1411 946 1477 propter
957 1406 1009 1460 hoc
1050 1405 1087 1460 da
1101 1427 1106 1461 :
1121 1407 1272 1461 dnmmodo
1284 1407 1314 1460 in
1328 1405 1400 1460 serie
1411 1407 1570 1478 tertiepost
1583 1406 1748 1477 Evangelium
1757 1408 1814 1478 prio

210 1499 355 1555 candelam
369 1497 412 1553 vel
428 1511 522 1550 ramos
535 1494 697 1549 benedictos
711 1493 811 1548 ollerre
823 1509 880 1548 non
892 1494 1007 1549 omittit.
1050 1495 1089 1549 ris
1104 1495 1195 1550 missae
1209 1494 1245 1549 ad
1261 1494 1409 1550 lavandum
1422 1495 1575 1551 auferenda
1597 1495 1634 1550 ibi
1653 1496 1812 1560 inveniantur,

210 1587 245 1644 In
258 1585 405 1643 relectorio
425 1601 478 1640 nec
496 1583 604 1638 oblatas
618 1581 689 1654 (98),
709 1598 761 1638 nec
785 1581 1009 1638 benedictionem
1050 1600 1111 1655 qnae
1125 1589 1222 1639 tamen
1245 1584 1295 1650 sic,
1309 1590 1342 1639 ut
1354 1584 1509 1639 Conventui
1531 1600 1589 1640 non
1601 1589 1728 1651 occurrat,
1749 1584 1815 1640 dcbet

208 1675 295 1742 dabit,
312 1674 367 1730 nisi
382 1673 586 1738 administros,
603 1671 626 1726 si
648 1687 763 1726 necesse
782 1671 876 1746 luerit.
906 1672 1005 1727 Sacer·
1015 1689 1039 1750 Β
1049 1678 1172 1744 portare.
1191 1672 1271 1727 Unde
1285 1672 1337 1726 sub
1352 1671 1483 1740 scabello,
1506 1673 1580 1745 quod
1593 1678 1636 1728 est
1648 1679 1709 1728 ante
1719 1674 1813 1739 lecturo,

207 1765 303 1821 dotem
319 1764 354 1819 ud
369 1762 462 1818 missas
487 1760 704 1817 celebrationem
726 1776 778 1815 nec
801 1760 930 1828 induere,
955 1777 1006 1816 nee
1048 1760 1151 1816 debent
1169 1761 1284 1828 servari,
1307 1761 1396 1816 donec
1419 1762 1455 1816 ad
1477 1762 1631 1816 armarium
1652 1766 1816 1834 competenter

207 1871 311 1912 exuere
329 1854 453 1925 adjuvet,
479 1867 531 1906 nco
554 1851 615 1922 ipse
641 1848 734 1904 albam
755 1854 946 1904 consecratam
964 1849 1006 1904 in·
1046 1850 1155 1922 possint
1168 1850 1283 1921 portari.
1307 1851 1430 1906 'l'becam
1444 1867 1555 1923 quoqne
1570 1850 1717 1923 pulvinaris
1737 1850 1817 1904 eadem

206 1945 276 2000 duet
291 1963 297 1999 :
314 1960 381 1999 narn
396 1941 501 2012 absque
516 1939 560 1994 his
580 1955 641 2010 quta
655 1938 690 1992 ad
704 1938 805 1993 missas
824 1938 1005 1993 celebrandas
1045 1939 1115 1994 hora
1131 1939 1198 1996 illuc
1223 1945 1326 2012 portat,
1340 1941 1365 1996 si
1388 1945 1484 1995 tamen
1503 1956 1574 2012 opus
1595 1944 1637 1994 est
1652 1955 1711 1994 enm
1722 1939 1812 2004 lavare,

206 2039 274 2090 sunt
291 2033 440 2104 deputatae,
457 2033 563 2085 ceterae
585 2026 656 2082 albe
672 2027 826 2082 secundum
850 2033 1002 2082 consuetu·
1043 2029 1092 2083 sed
1110 2045 1195 2100 super
1208 2046 1321 2084 murum
1336 2045 1468 2086 asrtensus
1483 2029 1641 2084 dormitorii
1658 2029 1699 2083 vel
1718 2027 1815 2083 seorsim

204 2125 299 2180 dinem
314 2127 440 2178 nostram
453 2137 510 2175 non
529 2123 594 2174 sunt
616 2117 770 2173 benedicte
788 2135 794 2171 :
810 2123 840 2173 et
851 2117 915 2172 ideo
934 2134 1002 2190 quo·
1042 2117 1126 2173 debet
1137 2117 1214 2173 illam
1227 2135 1342 2190 ponere.

202 2213 387 2282 tienscunque
408 2226 453 2264 res
478 2208 574 2279 erigit,
598 2206 642 2261 his
665 2207 761 2262 vestiri
785 2205 898 2279 poterit.
923 2206 1000 2262 Scire
1077 2206 1106 2261 Si
1120 2213 1214 2262 custos
1227 2223 1292 2262 cum
1313 2209 1416 2280 juvene
1435 2224 1485 2262 suo
1505 2208 1566 2262 vult
1587 2213 1704 2275 mutare,
1720 2205 1815 2262 interim

203 2306 299 2358 eutem
322 2316 387 2355 enm
411 2303 530 2370 oportet,
557 2295 632 2368 qnod
652 2311 831 2368 nequaquam
855 2295 891 2350 ad
915 2311 957 2362 ea,
984 2311 1002 2350 a
1041 2294 1124 2350 debet
1148 2296 1227 2351 illam
1252 2296 1300 2351 alii
1323 2295 1522 2352 commendare
1540 2297 1657 2368 ipseque
1682 2296 1710 2350 in
1736 2295 1815 2364 aliquo

202 2389 304 2468 quibus
318 2387 476 2462 prohibitus
499 2391 551 2452 est,
574 2384 726 2456 aliquando
739 2385 883 2440 licentiam
903 2389 999 2456 petere
1042 2401 1128 2440 vacuo
1142 2385 1215 2441 lecto
1230 2391 1351 2440 mutare.
1366 2386 1443 2440 Hora
1456 2391 1551 2441 antem
1568 2384 1696 2441 mutandi
1704 2382 1821 2439 discerni·

201 2478 294 2546 debet,
310 2477 396 2532 etiem
410 2475 434 2531 si
452 2475 547 2545 aliqua
569 2473 709 2545 praecipua
724 2473 888 2528 solemnitas
902 2472 998 2527 instet.
1043 2479 1100 2540 tur,
1116 2491 1188 2546 quae,
1205 2475 1328 2546 exceptis
1344 2475 1460 2546 privatis
1479 2475 1580 2530 diebus
1598 2473 1745 2530 aculcndis
1759 2477 1821 2526 octo·

200 2569 335 2623 Attamen
347 2563 517 2621 inPaschali
531 2562 586 2628 die,
596 2567 625 2617 et
634 2562 662 2616 in
675 2561 767 2616 tribus
775 2561 997 2633 praecedentibus
1042 2561 1100 2618 bris
1118 2564 1259 2636 usquead
1283 2565 1413 2619 calendas
1435 2563 1596 2619 novembris
1621 2569 1650 2618 et
1671 2563 1724 2618 illie
1746 2559 1823 2616 tribus

200 2656 355 2712 secundum
364 2651 596 2709 consuetudinem
610 2649 716 2718 nullus,
727 2650 785 2705 sive
799 2667 849 2722 pro
860 2650 924 2717 ista,
940 2650 999 2705 sive
1042 2651 1140 2706 diebus
1154 2656 1219 2706 ante
1234 2653 1350 2718 Pascha,
1368 2653 1445 2706 omni
1465 2657 1594 2726 tempore
1616 2657 1658 2708 est
1672 2655 1733 2724 post
1744 2649 1823 2703 Matu-

200 2761 252 2818 pro
266 2743 362 2816 alique
373 2741 551 2804 necessitate,
568 2731 626 2794 'nisi
646 2754 697 2811 pro
721 2738 861 2794 criminali
877 2744 999 2810 peccato,
1041 2739 1144 2808 tinum,
1162 2741 1274 2812 quando
1290 2740 1391 2796 fratres
1403 2748 1557 2812 repausant
1572 2743 1602 2797 in
1616 2740 1782 2802 lectislunc,
1792 2736 1825 2790 in·

201 2851 233 2888 se
257 2831 433 2888 subtrahite
457 2827 665 2885 communione.
687 2827 767 2892 Quod
794 2827 817 2882 si
840 2828 952 2899 quando
972 2828 1001 2882 in
1042 2845 1137 2901 quarn,
1154 2829 1212 2883 sive
1234 2833 1388 2901 antequam
1405 2845 1436 2884 se
1450 2829 1611 2896 recollocet,
1631 2830 1689 2884 sive
1708 2831 1767 2899 post
1782 2824 1825 2877 hoc

189 2918 447 2999 ,meridiehoctibi
460 2916 592 2983 evenerit,
608 2921 723 2990 propter
743 2916 797 2971 hoc
815 2916 844 2971 in
866 2917 998 2983 crastino,
1042 2923 1108 2972 ante
1134 2918 1258 2973 sonitum
1279 2917 1424 2989 evigilans,
1444 2924 1556 2974 mutare
1585 2921 1688 2990 potest,
1715 2913 1825 2987 quisquis

199 3011 224 3068 si
240 3009 375 3066 confessio
389 3006 542 3080 precessit,
557 3006 592 3060 ab
601 3005 655 3070 his,
669 3021 731 3076 quse
746 3005 909 3076 prescripta
923 3011 998 3074 sunt,
1010 3007 1033 3068 G
1043 3007 1171 3074 voluerit,
1187 3006 1242 3062 nisi
1255 3007 1293 3062 sit
1304 3007 1426 3078 juvenis,
1446 3011 1475 3062 et
1494 3008 1518 3062 si
1539 3007 1708 3080 priusquam
1721 3003 1828 3060 sonitum

200 3116 258 3156 non
271 3097 436 3154 abstinebis.
457 3095 487 3151 Si
504 3099 599 3150 eutem
617 3110 717 3148 rasura
737 3093 778 3148 vel
800 3093 876 3148 aliud
896 3094 1003 3166 quode
1043 3096 1174 3162 audierit,
1200 3096 1321 3167 caligam
1343 3112 1430 3150 unam
1452 3097 1571 3164 exuerit,
1593 3097 1639 3151 vel
1662 3096 1758 3150 saltem
1777 3090 1829 3144 bra·

200 3188 374 3245 confessione
388 3201 453 3241 eum
465 3183 636 3254 impedierit,
651 3183 682 3237 in
699 3181 777 3237 aliud
801 3185 915 3253 tempus
938 3199 1002 3238 eam
1043 3183 1115 3239 chile
1131 3181 1204 3253 (100)
1219 3183 1402 3239 femoralibus
1410 3183 1636 3251 inseruerit,hoc
1648 3197 1776 3256 peragere
1783 3193 1830 3232 non

200 3277 311 3343 differt3
328 3292 380 3332 nec
402 3279 498 3328 tamen
514 3271 629 3327 interim
653 3270 736 3325 alicui
758 3269 956 3341 predictorum
971 3287 1001 3326 se
1042 3272 1163 3341 desistit,
1178 3273 1283 3345 sicque,
1305 3272 1329 3326 si
1348 3272 1421 3327 forts
1441 3278 1500 3328 tres
1513 3273 1578 3328 illas
1596 3273 1738 3328 orationes
1756 3281 1828 3323 mane

201 3363 376 3421 intromittit.
390 3379 437 3418 nn.
455 3361 490 3416 Et
503 3358 578 3430 apud
591 3375 643 3413 nos
658 3357 838 3414 Lavatorium
860 3364 999 3414 secretum
1040 3361 1182 3417 faciendas
1202 3361 1366 3432 neglexerit,
1378 3377 1435 3416 non
1448 3361 1489 3415 illi
1503 3361 1708 3435 imputandum
1724 3359 1785 3415 erit.
1802 3357 1832 3411 At

202 3470 266 3510 cum
280 3469 360 3524 aquae
374 3452 521 3512 ductuest,
534 3447 573 3502 ibi
582 3448 658 3502 lavat
672 3447 819 3502 lemorelia
832 3464 895 3519 sua,
912 3464 1000 3519 quan·
1041 3450 1065 3505 si
1080 3450 1203 3505 sonitum
1219 3449 1297 3520 prius
1308 3465 1392 3520 quam
1405 3449 1512 3504 dictum
1526 3455 1571 3505 est
1582 3449 1716 3516 audierit,
1733 3452 1760 3502 et
1771 3445 1791 3500 si
1802 3442 1831 3497 ud

202 3547 264 3598 turn
280 3540 329 3595 illa
342 3537 527 3594 conventione
547 3541 614 3591 sunt
633 3541 772 3606 contacta,
788 3541 816 3590 et
834 3536 887 3592 hoc
909 3552 1001 3607 quan·
1041 3539 1218 3594 vestiendum
1233 3554 1264 3592 se
1278 3537 1371 3594 redire
1390 3538 1519 3604 voluerit,
1539 3539 1653 3595 indutis
1673 3533 1833 3593 nocturnali-

202 3631 350 3700 docnnque
363 3628 394 3683 in
406 3627 452 3681 die
466 3625 574 3681 occasio
589 3623 641 3680 sibi
656 3625 723 3680 data
736 3625 830 3692 luerit,
844 3624 899 3680 nisi
911 3641 1001 3696 quan·
1042 3627 1094 3684 bus
1107 3627 1180 3697 (101)
1196 3627 1292 3694 lavari,
1309 3627 1394 3702 pecti,
1410 3632 1439 3682 et
1450 3627 1529 3682 sactis
1541 3628 1589 3683 his
1609 3628 1702 3684 tribus
1716 3621 1833 3680 orationi·

203 3719 239 3774 do
266 3716 423 3773 meridiana
437 3713 493 3784 (99)
517 3714 620 3786 agitur.
642 3715 653 3738 '
675 3713 704 3769 Sl
725 3718 768 3768 est
788 3713 817 3767 in
832 3714 1002 3779 custodiae
1042 3713 1095 3770 bus
1111 3715 1212 3769 reverti
1228 3714 1374 3782 accelerat,
1398 3719 1432 3769 ut
1451 3715 1569 3770 mutatis
1585 3715 1714 3771 vestibus
1730 3713 1764 3768 ad
1784 3709 1833 3782 pri·

203 3793 319 3863 custode
333 3821 384 3861 suo
407 3805 474 3860 illuc
491 3803 615 3870 ducitur,
636 3807 665 3857 et
690 3802 759 3858 loris
781 3802 884 3858 ostium
907 3802 944 3858 ab
969 3819 1002 3858 eo
1042 3820 1120 3858 mam
1131 3803 1296 3875 tempestive
1308 3802 1416 3872 veniat;
1429 3819 1491 3874 quae
1500 3804 1524 3858 si
1534 3804 1624 3860 simul
1635 3821 1701 3860 cum
1710 3799 1834 3858 matutino

203 3900 391 3968 exspectatur.
402 3892 482 3958 Quod
497 3895 525 3947 et
538 3907 648 3963 semper
658 3895 701 3946 est
713 3896 853 3963 apertum,
868 3891 924 3946 nisi
938 3907 1002 3946 curn
1043 3897 1183 3958 cantatur,
1213 3896 1278 3947 ante
1309 3891 1423 3947 tertiam
1447 3897 1560 3948 mutare
1584 3898 1693 3966 potest.
1716 3888 1792 3957 Quod
1816 3885 1836 3941 si

204 3986 267 4058 quis
281 3985 311 4039 id
324 3983 401 4039 intus
415 3981 474 4054 ugit
487 3986 637 4036 secretum.
654 3979 805 4036 Sciendum
816 3984 859 4035 est
872 3996 930 4035 non
941 3997 1002 4035 esse
1043 3981 1156 4054 qnando
1168 3980 1266 4036 eadern
1282 3981 1374 4052 prima
1386 3986 1452 4036 ante
1461 3981 1554 4038 lucem
1560 3984 1609 4042 vel
1621 3987 1723 4055 postea
1734 3980 1771 4036 sic
1783 3977 1837 4032 lini·

203 4079 306 4131 nostre
319 4069 539 4137 consuetudinis,
560 4072 593 4123 ut
611 4069 766 4124 monachus
786 4068 883 4124 audiat
897 4068 1002 4124 confes·
1042 4075 1100 4134 tur,
1113 4075 1146 4125 ut
1160 4070 1190 4124 in
1201 4069 1324 4124 clausus
1345 4069 1439 4140 legere
1452 4085 1509 4126 non
1529 4072 1635 4142 possit,
1657 4077 1728 4127 tnnc
1749 4067 1837 4124 eodem

203 4163 312 4219 sionem
339 4157 484 4225 mulieris,
497 4161 547 4212 eut
568 4156 687 4228 alicujus
712 4156 835 4211 hominis
850 4157 999 4225 saecularis,
1043 4159 1135 4224 modo,
1154 4174 1209 4230 quo
1224 4173 1310 4229 supra
1327 4157 1362 4212 ad
1382 4158 1563 4214 intervallum
1579 4160 1611 4215 in
1628 4155 1837 4218 chorosedebit,

202 4250 259 4307 nisi
273 4251 297 4304 si
310 4254 370 4304 tam
384 4245 519 4320 probatus
538 4249 590 4312 est,
604 4244 651 4300 cui
668 4243 697 4298 id
718 4243 804 4300 abbas
827 4245 980 4318 injunxerit
991 4265 998 4314 ς
1009 4283 1034 4342 D
1044 4262 1189 4319 quousque
1201 4246 1325 4302 sonitum
1339 4246 1369 4301 in
1385 4247 1489 4304 circulo
1501 4249 1600 4320 jannae
1615 4249 1786 4322 intempore
1802 4246 1840 4298 est

202 4355 260 4395 non
273 4344 370 4393 minen
382 4336 443 4391 sine
462 4333 576 4389 licentia
593 4333 733 4406 Episcopi,
752 4333 787 4389 ad
803 4349 887 4406 quem
901 4335 1001 4390 talium
1041 4336 1158 4404 factum,
1174 4335 1305 4391 audierit.

203 4441 272 4482 cura
284 4424 415 4497 pertinet.
1333 4426 1450 4484 untur
1467 4425 1550 4484 xtt.

487 4509 603 4567 CAPUT
620 4511 718 4568 XLIV.
1076 4517 1109 4574 Si
1120 4532 1220 4588 coquus
1234 4521 1281 4584 est,
1293 4533 1349 4586 quo
1367 4517 1436 4571 hora
1450 4522 1594 4573 cocturam
1614 4533 1701 4574 auum
1714 4519 1811 4574 cidem,

276 4601 413 4671 Quomodo
422 4604 447 4654 et
456 4600 568 4669 quondo
581 4603 743 4657 uestimento
752 4617 804 4659 suo
817 4601 928 4659 induat.
1079 4605 1232 4676 (un.)Quod
1243 4605 1267 4660 si
1280 4621 1363 4661 cocus
1376 4611 1469 4672 estut
1477 4606 1640 4678 vulgariter
1649 4607 1742 4674 aiunt,
1755 4608 1842 4660 coctu·

241 4690 369 4763 (ιιιι.)Αιιι
383 4688 407 4743 si
422 4686 507 4743 babet
521 4687 552 4743 in
567 4694 699 4761 promptu
713 4691 897 4747 mutatorium
907 4708 999 4761 suum,
1041 4711 1103 4750 rarn
1115 4711 1149 4749 ex
1163 4710 1241 4749 more
1249 4709 1306 4749 non
1320 4693 1404 4760 videt,
1418 4711 1510 4766 neque
1520 4695 1636 4766 ligurit,
1654 4697 1711 4752 nisi
1720 4701 1786 4750 ante
1795 4691 1845 4764 pri·

204 4783 364 4850 mutatque
378 4782 423 4832 est
433 4775 563 4846 indutus;
575 4793 626 4834 nec
639 4777 717 4850 prius
730 4779 766 4834 ad
775 4796 818 4848 ea,
830 4781 1002 4853 quapraela·
1041 4799 1128 4850 mum,
1139 4780 1182 4837 vel
1193 4781 1217 4836 si
1226 4781 1288 4853 ipss
1298 4782 1399 4854 prime,
1409 4785 1537 4854 utsupra
1553 4783 1691 4852 memini,
1703 4780 1844 4839 matutinis

202 4874 335 4935 tuscum,
350 4867 483 4922 accedere
501 4867 657 4937 presumit,
673 4866 728 4923 nisi
741 4873 904 4940 utrumqne,
926 4871 1001 4941 quod
1041 4870 1175 4942 adjuncta
1193 4870 1288 4937 fuerit,
1308 4875 1374 4926 ante
1393 4871 1522 4941 tertism;
1537 4874 1549 4896 *
1566 4879 1599 4928 et
1625 4874 1652 4930 si
1677 4873 1741 4930 bec
1760 4869 1847 4944 spatia

202 4957 312 5014 dictum
326 4961 378 5026 cst,
395 4955 449 5011 sibi
462 4955 821 5029 deluerit'Etpropterea
835 4958 1000 5015 Sacerdotes
1041 4958 1113 5014 adeo
1126 4958 1346 5026 brevialnerint‚
1362 4965 1396 5015 ut
1409 4965 1478 5016 tunc
1496 4961 1558 5016 lieri
1579 4979 1644 5018 non
1671 4962 1771 5035 possit,
1788 4961 1847 5031 post

202 5051 233 5103 et
247 5045 363 5103 Disconi
377 5043 501 5100 officium
517 5058 601 5099 suum
620 5049 790 5111 exercentes,
802 5063 835 5101 ex
848 5050 999 5103 consuetu-
1041 5048 1223 5121 Evangelium
1234 5047 1380 5103 matutine
1387 5049 1493 5118 missae;
1504 5055 1569 5123 post
1584 5067 1709 5108 coenam
1729 5064 1847 5124 quoqne,

201 5135 268 5192 dine
281 5135 338 5191 tris
350 5133 496 5190 femoralia
508 5132 678 5190 habentus.
686 5133 787 5189 Nullus
800 5139 893 5190 mutat
901 5135 999 5193 insola
1042 5137 1087 5193 vel
1101 5137 1125 5192 si
1147 5137 1235 5192 semel
1248 5135 1414 5206 comeditur,
1436 5144 1501 5211 post
1523 5155 1664 5212 vesperas
1677 5159 1684 5210 ς
1701 5141 1744 5196 ite
1756 5145 1849 5194 tamen

238 5238 292 5314 (97)
305 5243 465 5311 Fropilitcs,
480 5238 598 5311 pollutio
612 5243 759 5296 nocturna.
1073 5242 1130 5314 (99)
1143 5245 1263 5301 Somnus
1278 5249 1343 5316 post
1354 5245 1515 5316 prandium,
1530 5263 1581 5302 seu
1595 5247 1630 5303 in
1641 5246 1778 5304 meridie.

238 5311 294 5382 (98)
309 5311 568 5394 Panis,seulrostive
580 5311 616 5365 ud
630 5312 746 5394 missam
759 5311 868 5394 oblate,
885 5314 999 5371 sednon
1078 5313 1151 5384 (100)
1173 5317 1320 5388 Ligamen,
1342 5317 1412 5372 eli'as
1440 5319 1559 5375 broctotc
1579 5319 1666 5375 idem
1689 5319 1767 5392 quod
1791 5319 1849 5372 brc-

200 5389 379 5449 consecratae,
394 5400 456 5456 quae
470 5398 501 5436 m
510 5381 656 5436 refectorio
674 5401 709 5438 ns
727 5383 999 5442 distmbuebantura
1039 5387 1135 5441 obtule.

198 5455 391 5582 ffietrdctibus
402 5454 451 5529 qui
462 5469 495 5510 eo
509 5451 554 5509 die
568 5469 669 5526 corpus
683 5454 998 5529 Domininonsumpse·
1065 5456 1144 5585 'lloll
1153 5458 1352 5586 ‚Noctprnclcq
1368 5459 1466 5531 calcei,
1481 5459 1584 5533 quibus
1607 5467 1759 5521 nocturno
1778 5467 1851 5519 tem·

269 5565 276 5582 .
1037 5544 1072 5600 po
1137 5545 1250 5587 menn.
