3970 6172
110 5033 113 5045 “
199 5023 323 5096 primum
336 5022 412 5077 inter
427 5018 462 5094 [O
476 5026 506 5075 et
518 5020 553 5091 G]
559 5018 713 5074 secundum
727 5018 801 5074 inter
811 5015 846 5088 [D
861 5020 890 5070 et
903 5015 929 5085 a]
939 5019 997 5069 ter·

187 205 257 266 isse
292 269 293 274 Ν
710 195 713 198 ’
892 157 1117 268 ι.ὀοττοΝιε
1176 229 1179 244 ·
1750 203 1826 266 reno

186 329 395 400 testImaverim,
404 347 493 388 cecus
506 348 629 405 namque
640 334 715 404 quod
728 334 758 389 in
772 351 802 390 se
816 350 872 389 non
886 332 1110 400 habetrtmodi,
1127 331 1233 386 scilicet
1255 331 1437 388 semitonium
1453 347 1519 388 cum
1537 331 1679 404 diapente,
1692 333 1722 386 et
1735 333 1824 386 tonos

187 419 359 475 extrinsecus
373 421 482 491 quaerit,
497 421 629 476 ducatum
654 423 783 478 videlieet
803 423 926 479 hominis
940 425 982 477 vel
1023 438 1087 476 cum
1101 421 1241 491 diapente,
1255 421 1403 476 intervalla
1412 426 1559 479 vocantur.
1574 419 1609 474 Et
1617 423 1693 482 nota,
1706 419 1823 490 quando

187 507 289 572 baculi,
304 507 401 579 sicque
414 507 468 563 sibi
482 510 618 580 providet,
639 527 674 565 ne
697 511 726 566 in
749 511 857 567 foveam
881 513 981 579 eadet;
1024 511 1094 564 diois
1106 509 1286 564 semitonium
1299 500 1363 564 cum
1374 509 1518 581 diapente,
1542 525 1631 564 unum
1653 507 1769 564 modum
1784 507 1825 563 si·

187 611 252 651 cum
267 595 429 666 hujusmodi
444 597 568 665 inutiles,
580 615 650 670 quos
666 597 755 655 Greci
772 601 888 672 pulchre
901 617 983 655 ener-
1023 599 1149 670 gnificas,
1158 597 1269 670 quando
1284 615 1349 652 vero
1363 599 1545 654 semitonium
1558 607 1588 653 et
1598 597 1741 669 diapente,
1750 596 1824 652 duos

186 683 318 756 guminos
333 682 368 754 (3)
383 691 493 753 vocant,
509 703 600 758 neque
623 704 673 758 per
693 705 724 742 se
745 688 866 753 videant,
892 705 983 760 neque
1025 688 1123 742 modos
1137 687 1277 742 enuntias.
1294 687 1372 742 Idem
1385 687 1420 742 de
1434 692 1501 741 tono
1515 702 1580 741 cnm
1593 685 1726 757 diapente
1734 685 1826 740 oonsi-

126 781 130 788 “
185 771 342 826 videntium
355 773 488 829 ducatum
504 775 634 830 incedere
645 777 823 831 contendent.
831 776 873 831 Ad
886 793 984 831 eornm
1025 775 1268 832 dernEthaedum
1282 776 1415 830 clausulis
1429 775 1522 830 rarius
1536 775 1564 829 in
1579 779 1664 829 cantu
1678 773 1826 828 inueniun-

185 860 292 932 itaque,
316 865 349 916 ut
379 863 510 932 diximus,
535 864 752 919 obstinationem
785 865 984 920 confutandam
1025 870 1081 921 tur.
1097 865 1135 920 Ut
1148 869 1244 919 autem
1266 864 1367 919 horum
1389 864 1515 920 omnium
1530 863 1566 918 de
1583 860 1684 934 quibus
1702 861 1825 917 diximus

186 949 410 1005 monochordum
425 953 633 1024 opponitur,‚ut
647 954 695 1024 qni
707 953 798 1008 verbis
812 954 912 1009 musici
927 969 985 1009 cre-
1024 955 1173 1011 modorum
1188 953 1361 1010 intensiones
1374 959 1404 1008 et
1415 951 1595 1008 remissiones
1603 949 1686 1006 facile
1697 955 1822 1022 pateant,

186 1036 254 1092 dere
268 1039 377 1106 nolunt,
392 1038 479 1111 ipsius
491 1042 553 1096 soni
568 1043 748 1098 attestatione
773 1043 982 1098 convincuntur.
1024 1047 1117 1117 figura
1129 1046 1188 1101 heac
1202 1041 1398 1118 perspicienda
1412 1046 1465 1097 est.

204 1123 283 1180 VIII.
301 1127 377 1193 Quod
387 1130 462 1183 modi
476 1132 543 1196 sint,
556 1133 655 1198 quihus
668 1133 786 1186 metudio
801 1136 966 1186 contenitur.
1284 1151 1289 1162 ·

222 1213 303 1269 Inter
327 1219 429 1272 caetern
454 1217 508 1272 hoc
533 1235 644 1290 quoque
667 1219 737 1274 scire
756 1221 896 1286 convenite
911 1221 985 1292 quod
1514 1265 1521 1276 .

186 1319 288 1360 novem
302 1304 416 1361 omnino
430 1311 497 1361 sunt
510 1307 597 1376 modi,
622 1307 723 1379 quihus
748 1312 839 1365 omnis
863 1309 986 1364 melodia
1033 1311 1317 1334 ··········-··'·‘
1587 1335 1610 1389 p

187 1393 356 1450 contexitur.
372 1394 523 1462 Unisonus,
538 1397 729 1466 semitonium,
750 1404 844 1465 tonus,
859 1397 983 1465 ditonus,
1115 1412 1136 1468 c
1172 1409 1194 1465 G
1230 1410 1252 1464 c
1430 1406 1551 1462 intentio
1579 1407 1610 1475 [o
1639 1405 1770 1460 remissio

188 1481 384 1550 semiditonus,
417 1483 602 1551 diatessaron,
632 1485 773 1557 diapente,
805 1487 986 1542 semitonium
1102 1489 1134 1538 ut
1165 1488 1197 1536 ut
1229 1487 1261 1536 ut
1431 1479 1509 1534 Emi
1693 1477 1772 1531 miii

1052 1551 1806 1578 w*

188 1585 253 1626 cum
267 1569 409 1643 diapente,
424 1577 508 1628 tonus
522 1590 586 1628 cum
601 1573 741 1647 diapente.
754 1575 794 1630 Ex
806 1575 851 1630 his
865 1592 913 1631 sex
922 1593 987 1632 con·
1111 1582 1252 1638 Unisonus
1509 1575 1697 1634 semitonium

187 1659 324 1715 sonantia
344 1659 486 1728 dicuntur,
508 1661 613 1718 scilicet
637 1679 699 1735 quae
723 1663 754 1719 in
779 1670 863 1720 cantu
883 1665 1018 1747 saepiusfl

188 1753 354 1816 consonant,
376 1748 405 1803 id
426 1749 566 1806 estsimul
589 1756 692 1806 sonent
715 1771 721 1806 :
742 1758 793 1808 aut
817 1759 892 1809 certe
911 1754 987 1827 quod

188 1840 301 1902 sonent,
312 1836 342 1891 id
357 1837 524 1909 quibusdam
539 1841 767 1914 proportionibus
781 1846 854 1898 natae
868 1842 987 1899 invicem

187 1926 344 1994 continent,
360 1943 422 1999 qnia
434 1928 566 1985 dicuntur
579 1930 781 2002 sesqquctavs,
796 1933 985 2004 sesquitertia,
1206 1937 1231 1992 I)
1429 1969 1435 1980 ·
1625 1929 1648 1984 F
1723 1998 1730 2010 ,

188 2013 385 2085 sesquialtera,
400 2015 498 2088 dupla,
508 2017 542 2072 de
556 2016 659 2089 quibus
670 2023 793 2074 tractare
804 2021 870 2091 quia
883 2026 911 2076 et
921 2037 988 2093 pue-
1087 2013 1192 2067 iniens·
1207 2023 1238 2062 Ν
1255 2005 1351 2061 ΡΘΝῙΒ·
1504 2003 1609 2058 iniens·
1620 2001 1651 2078 st!
1659 2015 1773 2055 mmm·

190 2101 232 2158 ris
246 2109 275 2158 et
290 2103 384 2159 minus
399 2105 518 2160 cruditis
534 2114 609 2162 esset
623 2123 784 2177 onerosum,
803 2109 898 2181 pueris
911 2111 987 2165 enim
1053 2077 1388 2176 Μ
1505 2074 1572 2129 Μ
1611 2169 1647 2180 ,,
1704 2071 1774 2126 Μ

177 2195 220 2270 ,οἱ
232 2192 359 2248 noudum
372 2194 504 2266 perfectis
520 2195 672 2267 loquimur,
684 2195 927 2254 arithmeticorum
937 2200 990 2254 hoc
1174 2178 1270 2233 T⁰¹¹¹¹⁸
1542 2169 1736 2226 &mmmm

189 2279 341 2338 subtthati
355 2283 554 2354 relinquimus.
875 2305 886 2313 ·

404 2408 507 2480 ania.
617 2410 812 2482 Sesqnitertia.

381 2584 420 2642 II.
493 2586 516 2642 I.
626 2589 674 2644 IV.
765 2590 817 2644 III.
1083 2586 1361 2641 intens.miremrss.
1509 2582 1611 2634 notens
1623 2578 1772 2645 [cremisa.

1087 2658 1154 2713 cut
1292 2652 1361 2708 Gut
1508 2649 1575 2705 Cut
1707 2647 1776 2702 Out

1059 2724 1810 2748 μμ

350 2726 552 2800 Sesquialtera.
618 2731 825 2803 Sesquioctava.
1167 2753 1286 2809 vipoun,
1550 2747 1732 2801 Diatessaron

595 2817 831 2991 r*-

354 2816 537 2908 ὐῑερῖιῐιῑ

367 2907 417 2963 111.
484 2908 520 2963 11.

673 2840 768 2894 'Ionus

627 2911 675 2966 III.
737 2910 813 2965 VIII.

230 3055 373 3113 Unisonus
391 3056 495 3112 dicitur
506 3056 586 3128 quasi
598 3073 671 3113 unus
685 3074 779 3125 sonus,
792 3057 867 3129 quod
882 3055 994 3112 comsit

179 3142 253 3203 'nna
267 3161 328 3214 vox,
344 3145 476 3202 continue
494 3146 691 3218 repercutitur.
712 3148 807 3203 'Ionns
827 3164 844 3201 a
869 3145 993 3201 tonando
1091 3163 1195 3218 intans,
1204 3159 1362 3218 mimis,
1512 3154 1614 3210 iniens.
1625 3155 1775 3224 summm,

193 3242 320 3304 uocatur,
331 3241 374 3291 cst
388 3239 484 3290 autem
493 3240 592 3291 tonare
601 3241 732 3308 potenter
745 3252 855 3303 sonare,
868 3240 897 3290 et
909 3240 993 3290 tonus
1093 3233 1161 3289 Gut
1292 3231 1359 3286 cut
1513 3224 1590 3280 Emi
1701 3225 1778 3281 Emi

192 3324 295 3380 fortem
309 3323 395 3380 habet
407 3339 509 3379 sonum
523 3330 653 3395 respectu
671 3324 813 3380 semitonii
828 3343 833 3379 :
848 3324 901 3378 Vel
919 3327 994 3378 certe
1058 3311 1392 3402 W
1477 3323 1811 3396 Semitoncumdinpente

195 3430 215 3470 s
226 3413 331 3469 Grecis
342 3418 487 3485 sumptum
502 3417 546 3468 est
564 3413 616 3468 hoc
634 3430 757 3482 nomen;
773 3429 837 3468 cum
851 3412 927 3467 enim
942 3411 996 3486 ipsi

196 3502 293 3558 dicunt
306 3502 386 3567 τόνος,
403 3518 454 3556 nos
469 3502 524 3557 oin
536 3519 555 3555 u
569 3507 678 3557 mutata
699 3509 783 3558 tonus
805 3501 933 3557 dicimus.
950 3500 996 3556 Sic

197 3591 322 3665 Κάλαμος
350 3592 493 3660 calamus3
514 3591 589 3662 ὕμνος
614 3592 745 3664 hymnus.
768 3590 955 3647 Semitonium
978 3606 995 3644 a

197 3679 316 3735 Platone
330 3679 428 3734 limma
441 3683 570 3734 vocatum
584 3685 636 3746 est,
648 3695 681 3735 eo
694 3679 768 3750 qnod
779 3679 817 3734 sit
829 3695 886 3733 non
896 3678 995 3750 plenus
1237 3705 1254 3744 a

197 3772 284 3823 tonus
296 3769 345 3822 sed
364 3766 554 3839 imperfectus,
567 3785 624 3824 non
635 3773 668 3824 ut
683 3767 795 3840 quidam
811 3766 935 3839 imperiti
948 3784 995 3822 re·
1094 3759 1216 3816 intensio
1228 3762 1255 3814 to
1268 3756 1397 3812 remissio

197 3856 318 3924 solvant,
334 3857 566 3912 dimidiustonus.
574 3857 710 3928 Virgilius
724 3856 847 3912 semiviri
858 3857 993 3928 Phryges,
1095 3835 1115 3890 ⁰
1132 3838 1164 3886 ¹⁴⁶
1331 3830 1397 3884 ⁰¹⁴²

174 3993 177 3998 .
198 3945 229 4000 id
243 3950 376 4014 estnon
401 3947 477 4018 pleni
501 3947 564 4013 viri,
588 3947 655 4018 quia
678 3962 757 4002 more
780 3945 951 4000 seminarum
965 3962 995 4000 se
1088 3933 1256 3988 T0¹¹¹1⁸⁰1¹m
1270 3929 1402 3999 difliffloe

198 4037 330 4091 vestiunt.
354 4035 473 4091 Ditonus
490 4053 567 4107 gaece
585 4035 754 4108 appellatur,
774 4035 849 4107 quod
874 4035 944 4090 duos
966 4035 997 4090 in

197 4140 228 4180 se
241 4130 323 4180 tonos
335 4125 447 4181 habeat.
465 4127 656 4181 semiditonus
668 4130 792 4192 vocatur,
804 4124 880 4196 quod
891 4139 947 4179 non
962 4124 1000 4178 sit

197 4213 298 4286 plenus
311 4215 425 4270 ditonus
442 4233 448 4270 :
463 4215 550 4286 hujus
565 4219 632 4270 sunt
651 4214 840 4286 repentendos,
862 4228 919 4268 una
930 4217 998 4268 tono

199 4307 229 4359 et
241 4302 400 4372 semitonio,
416 4304 506 4358 altera
529 4304 689 4370 semItcnio,
713 4307 742 4358 et
763 4308 830 4358 tono
854 4307 995 4356 constans.

197 4391 380 4448 Dintcssaron
393 4393 598 4465 interpretatur
612 4393 646 4449 de
661 4397 791 4464 quatuor,
803 4390 840 4445 ab
852 4406 910 4445 una
922 4390 998 4446 enim
1075 4421 1209 4478 Omnium
1224 4425 1319 4474 summ
1333 4419 1435 4473 harum
1450 4417 1642 4473 clausularum
1662 4414 1784 4487 exempl„
1799 4415 1828 4470 in

198 4498 267 4538 voce
279 4483 461 4556 incipiensad
471 4489 601 4555 quartam
610 4483 743 4551 transilit,
760 4486 892 4537 constans
901 4481 997 4536 ditono
1039 4518 1123 4568 cantu
1138 4526 1220 4565 nosse
1230 4509 1394 4564 desiderans
1403 4507 1493 4563 disca,
1505 4505 1676 4562 cantilenam
1689 4505 1830 4564 imp„

200 4577 230 4627 οἱ
242 4572 401 4641 ”miwnib
416 4579 449 4628 ¹¹⁸
462 4589 479 4627 ²
494 4574 521 4628 Γ
531 4573 567 4627 ad
589 4571 620 4628 G·
642 4573 691 4627 Est
707 4576 803 4626 autem
823 4570 998 4626 diatessamn
1039 4604 1114 4658 terni
1132 4605 1198 4654 sunt
1212 4599 1288 4652 modi
1311 4599 1411 4666 quibus
1424 4598 1516 4651 omnis
1527 4597 1670 4650 cantilena
1681 4596 1831 4650 contenitur

199 4659 365 4728 trimum,
375 4661 453 4717 verbi
466 4662 559 4733 gratia
574 4660 620 4736 [Μ
629 4662 669 4732 [²¹]
682 4661 723 4732 [re
733 4659 786 4732 3οι]
802 4657 856 4733 [²²²i
872 4657 925 4731 1⁰1·
935 4659 998 4713 ΜΒ·
1039 4696 1067 4745 et
1076 4692 1177 4743 cetera
1187 4684 1236 4758 (t).
1247 4685 1311 4740 iimo
1323 4684 1398 4740 enim
1414 4683 1450 4739 ud
1463 4682 1669 4754 dignoscendas
1683 4697 1776 4738 omnes
1787 4695 1829 4733 ea·

200 4755 285 4823 pente
299 4749 386 4806 latius
395 4752 431 4809 de
446 4751 571 4824 quinque
583 4756 674 4817 sonat,
688 4766 721 4804 eo
731 4749 806 4822 quod
816 4748 851 4802 ab
864 4764 922 4803 una
931 4747 998 4803 inci·
1038 4777 1124 4834 nendi
1137 4775 1288 4831 van-emes
1303 4773 1373 4828 adeo
1387 4772 1466 4828 utilis
1477 4778 1530 4836 est,
1547 4777 1583 4827 up
1594 4772 1692 4846 pueris
1704 4767 1830 4826 etiams„

199 4839 281 4913 piens
302 4857 368 4896 voco
386 4842 423 4896 sd
444 4841 571 4913 quintam
592 4841 696 4894 saltum
706 4839 781 4906 facit,
801 4837 909 4892 hahens
923 4837 953 4892 In
967 4853 997 4892 se
1038 4867 1175 4922 ciffimum
1189 4864 1225 4920 ,d
1239 4861 1375 4918 musicam
1390 4877 1532 4917 messum
1547 4866 1637 4933 paret.
1654 4859 1785 4916 SImiliter
1799 4860 1829 4910 et

200 4929 375 4987 diammemn
398 4936 555 4987 ottonum.
580 4931 628 4986 list
650 4934 746 4984 nutem
769 4925 995 4999 quadrimodum,
1179 4973 1239 5028 Ga
1258 4971 1283 5026 G
1300 4970 1351 5026 sn
1370 4969 1394 5025 G
1413 4985 1431 5024 a
1456 4969 1480 5024 D
1500 4969 1524 5024 G
1542 4969 1567 5024 G
1585 4967 1651 5024 ΕΙ)
1671 4967 1695 5024 0

1039 5083 1102 5138 ists.
1113 5083 1165 5136 Ter
1179 5081 1406 5148 triojunctorum
1417 5081 1482 5132 cunt
1493 5077 1644 5131 interimite
1653 5071 1827 5142 sonoruntht.

1004 4262 1088 4353 DIX.
1105 4262 1173 4330 Quot
1190 4263 1247 4315 sint
1266 4274 1362 4314 uocum
1383 4259 1582 4328 discrepantia,
1599 4262 1624 4312 et
1637 4257 1672 4311 de
1685 4257 1825 4326 diapason.

198 5115 271 5172 tium
281 5113 356 5168 inter
369 5110 414 5188 {Et
424 5115 452 5165 et
463 5109 489 5182 q]
504 5110 683 5182 quadratum,
698 5114 829 5180 quartum
843 5105 874 5160 in
887 5103 998 5158 inferio-

199 5204 278 5262 ribus
292 5202 407 5278 syllabis
412 5201 488 5258 inter
498 5199 534 5274 [Γ
547 5206 577 5256 et
582 5197 618 5273 O]
630 5217 636 5253 :
649 5199 704 5254 duo
714 5202 820 5263 autem,
831 5194 880 5266 qui
889 5197 999 5249 restent
1074 5187 1218 5262 Superius,
1235 5199 1299 5241 cum
1312 5184 1347 5240 de
1365 5183 1440 5238 notis
1454 5181 1635 5239 monochordi
1648 5187 1827 5238 tracmreums

232 5451 275 5526 (3)
296 5454 397 5511 Melius
411 5447 611 5526 ἆνεργουμένους,
635 5448 665 5504 id
685 5451 739 5516 est,
758 5449 818 5501 sine
836 5460 929 5513 semu,
948 5446 1000 5498 sut
1075 5439 1111 5506 (t)
1130 5435 1210 5492 Hane
1221 5435 1308 5519 hahes
1321 5436 1351 5520 in
1364 5435 1514 5492 Hennensi
1526 5433 1642 5490 Musica.

198 5542 287 5597 opere,
305 5525 424 5587 inertes.
808 5511 837 5570 0
865 5535 882 5563 o
1075 5508 1111 5586 th]
1130 5509 1209 5563 tiano
1218 5507 1283 5565 ude
1295 5507 1412 5564 ibidem.
