3900 6168
234 197 288 262 903
750 202 780 258 S.
796 197 993 260 autunum
1011 195 1165 258 nautas
1184 195 1355 267 amsans.
1798 207 1846 270 tol

233 333 305 396 turn,
326 342 375 402 spe
388 327 559 394 roboratum,
571 327 709 384 charitate
719 327 874 384 radicatum
884 333 913 383 et
926 327 1027 384 tanda·
1036 330 1060 390 Α
1070 327 1206 400 lacrymis
1212 326 1411 402 interpellabat
1420 327 1579 396 Dominum,
1592 333 1625 384 ut
1633 330 1668 385 de
1681 335 1790 388 terrene
1801 351 1844 405 po-

232 423 304 486 tum,
320 417 453 490 omnique
467 434 578 471 moram
594 417 733 489 probitate
745 419 917 486 decoratum,
937 418 1030 490 provi·
1070 418 1181 472 testatis
1197 419 1267 490 Jugo
1285 419 1407 490 eriperet
1424 417 1517 473 locum
1533 435 1616 490 quem
1637 436 1686 491 pro
1701 437 1748 474 suo
1761 439 1843 478 earne

232 506 328 562 dentis
339 506 390 561 Dei
405 504 607 577 omnipotentis
619 505 814 578 Hirsaugiensi
833 504 959 578 coenobio
969 521 1031 576 pro·
1058 513 1233 578 »susceperat
1246 508 1409 578 regendum.
1427 505 1527 578 Itaque
1547 507 1703 563 misericors
1717 510 1844 578 Dominus,

232 595 352 650 visorem
366 595 519 649 destinavit
532 595 567 650 ad
579 595 710 650 solatium
727 594 890 649 multorum.
903 595 1030 664 Denique
1071 598 1214 668 qui,juxta
1225 615 1319 652 vocem
1335 597 1500 663 psalmistae,
1511 603 1639 667 properet
1653 601 1846 656 amathusium

229 683 332 739 fratres
347 683 375 738 in
391 684 490 738 eodem
500 683 626 739 coenobio
643 684 700 740 Deo
714 683 878 748 servientes,
891 699 956 738 eum
967 684 1028 752 jam
1070 689 1196 741 cantibus
1210 703 1272 741 earn
1289 690 1320 741 in
1334 689 1447 741 ueritate
1457 689 1540 755 (Paul.
1556 687 1847 762 cunvv,18),eximpro

230 773 350 828 fuissent
368 779 476 829 rectore
497 773 634 838 destituti,
650 771 726 828 dulci
740 773 801 843 ejus
825 788 938 827 rumora
955 773 1029 828 dele·
1069 775 1128 830 viso
1146 775 1275 830 eumdem
1291 775 1422 830 comitem
1440 781 1521 830 tanta
1542 776 1723 832 circumdedit
1735 778 1847 834 adversi-

231 863 309 930 ctati‚
327 863 459 918 honestos
481 862 589 934 legatos
607 863 642 916 ad
658 877 722 917 eum
737 861 908 916 evocandum
922 862 1029 916 direxe·
1069 868 1128 918 tate
1143 871 1175 918 ut
1193 880 1264 935 pene
1283 863 1445 936 desperaret
1460 865 1548 918 ullum
1566 865 1698 920 evadendi
1712 867 1809 922 aditum
1821 887 1846 923 se

231 958 307 1008 runt.
320 953 358 1007 At
372 953 431 1021 ille,
442 951 715 1022 causacognitanon
730 967 761 1006 se
769 951 797 1004 in
812 950 972 1022 superbiam
983 967 1030 1006 ex·
1070 969 1151 1023 passe
1166 953 1299 1024 reperire.
1315 954 1358 1008 lta
1369 953 1546 1020 constrictus,
1561 955 1847 1012 omnidevotionecon·

231 1041 306 1109 tulit,
323 1042 371 1098 scd
381 1041 500 1112 Jejuniis
514 1039 727 1096 etorationibus
739 1056 850 1108 uacans,
863 1039 969 1110 junctis
983 1057 1029 1096 se·
1069 1041 1164 1096 silium
1180 1048 1209 1096 et
1224 1041 1359 1097 auxilium
1381 1041 1570 1115 spiritualium
1587 1043 1709 1098 virorum
1722 1045 1845 1117 expetivit.

231 1147 294 1187 cum
315 1130 508 1203 spiritualibus
531 1129 701 1193 hominibus,
723 1129 835 1184 Domini
855 1128 1028 1185 voluntatem
1070 1129 1123 1195 Qui
1131 1129 1261 1186 dixerant
1275 1147 1339 1185 eum
1354 1147 1411 1185 non
1425 1131 1509 1186 aliter
1517 1147 1667 1186 evasurum
1681 1137 1756 1188 tanta
1767 1133 1847 1188 discn-

229 1221 283 1276 hac
296 1222 326 1276 in
345 1237 376 1276 re
392 1221 569 1292 quaerendam
594 1219 702 1274 statuit.
725 1219 844 1272 Damam
862 1223 976 1289 accepta
993 1218 1030 1273 li·
1069 1219 1157 1284 urina,
1173 1219 1226 1274 nisi
1239 1235 1302 1274 cum
1313 1219 1390 1293 orsini
1404 1219 1459 1274 ude
1473 1219 1598 1276 libertati
1609 1221 1735 1277 redderet
1749 1222 1847 1277 Hirsau-

229 1309 333 1378 centia,
357 1309 423 1364 licet
447 1309 514 1364 honi
538 1308 641 1380 quique
660 1308 685 1362 ei
707 1308 971 1377 congratularentur
993 1306 1029 1361 de
1068 1300 1193 1380 giense'm
1209 1309 1301 1362 locuni
1318 1324 1401 1380 quem
1421 1307 1524 1378 injuste
1547 1309 1719 1380 possederat.
1737 1311 1844 1376 Quomrn

229 1397 345 1452 honoris
359 1398 531 1471 prelatione,
548 1397 600 1452 sibi
621 1403 715 1452 tamen
737 1395 870 1451 dolebant
892 1395 966 1466 quod
985 1409 1030 1450 oa-
1069 1397 1194 1452 consiliis
1208 1397 1398 1468 acquiescens,
1410 1397 1584 1468 lideintegra
1598 1397 1770 1454 seabdieavit
1781 1401 1844 1456 omni

229 1492 326 1542 rerent
343 1488 405 1559 ejus
419 1487 621 1542 familiaritatis
636 1493 664 1542 et
682 1487 821 1544 affaminis
842 1482 974 1558 predulci
988 1497 1030 1536 so-
1067 1487 1131 1557 jure
1145 1486 1326 1558 proprietatis
1336 1486 1459 1556 ejusdem
1472 1486 1566 1550 iaciat
1575 1487 1784 1561 chirographum
1793 1507 1845 1544 cum

229 1577 343 1632 lamine.
360 1575 490 1631 Illovero
507 1593 563 1632 non
583 1593 711 1648 quaerens
734 1594 795 1649 qua
817 1591 867 1629 sua
888 1578 964 1630 sunt.
980 1569 1029 1624 sed
1069 1574 1146 1630 omni
1170 1573 1317 1646 diligentia
1346 1574 1500 1630 secundum
1524 1576 1674 1631 consilium
1703 1577 1844 1632 timentium

227 1681 289 1736 quae
309 1664 422 1720 Domini
447 1665 557 1735 (Philip.
574 1681 606 1734 11,
628 1667 684 1735 it),
698 1666 840 1738 professus
863 1668 906 1718 est
923 1678 953 1716 se
968 1643 1153 1718 nonssneum
1170 1662 1299 1736 componi
1312 1663 1386 1729 fecit,
1395 1663 1482 1735 priori
1490 1663 1677 1737 chirographo
1689 1666 1792 1737 penitus
1804 1667 1845 1720 de-

227 1755 309 1810 aliter
334 1755 450 1810 omnino
474 1771 676 1810 consensurum
706 1753 847 1818 electioni,
867 1751 922 1806 nisi
946 1749 1024 1822 prius
1065 1754 1121 1807 leto
1145 1757 1231 1823 atque
1249 1751 1369 1823 abjecto.
1398 1752 1551 1824 Postquam
1575 1759 1670 1814 autem
1690 1755 1844 1810 venerandus

225 1843 301 1898 idem
313 1842 470 1900 cenobium
480 1845 598 1918 integrae
608 1845 774 1900 redderetur
787 1841 921 1898 libertati.
933 1838 1024 1909 Igitur
1065 1841 1150 1896 Pater
1157 1841 1327 1896 Wilhelmus
1342 1841 1455 1912 proprio
1466 1839 1598 1898 laboreet
1610 1842 1843 1899 industrianovurr.

226 1932 293 2004 quia
318 1933 347 1987 in
368 1935 416 2004 jus
441 1934 585 2006 proprium
609 1934 662 1989 hoc
676 1934 750 1988 idem
771 1929 973 1986 monasterium
982 1927 1025 2000 (3)
1065 1930 1284 2002 chirographum
1294 1928 1844 2003 studiosissimecomposuit,ipsemetillud

225 2020 394 2077 Adelbertus
407 2039 502 2078 comes
516 2027 546 2078 et
559 2023 710 2077 advocatus
734 2022 862 2093 ejusdem
880 2019 934 2074 loci
959 2033 1023 2072 cunr
1065 2019 1125 2090 regi
1141 2020 1260 2074 llenrico
1277 2018 1355 2090 regio
1370 2017 1462 2090 sigillo
1474 2018 1665 2075 roborandum
1678 2019 1784 2076 obtulit.

225 2109 284 2164 suis
299 2109 461 2182 parentibus
472 2110 630 2182 redegerat,
644 2117 750 2182 etpene
760 2110 1024 2172 destruxeratcom-
1100 2108 1126 2165 t.
1146 2108 1206 2174 Quo
1221 2108 1258 2163 ad
1271 2114 1368 2163 votum
1381 2101 1534 2178 completo,
1540 2109 1643 2164 statuit
1654 2108 1736 2164 etiam
1748 2113 1844 2180 aposta·

225 2204 306 2270 perta
320 2199 372 2254 viri
387 2199 438 2254 Dei
448 2199 606 2254 constantia
620 2205 649 2254 et
662 2197 903 2270 magnanimitate,
920 2196 949 2250 in
965 2211 1023 2250 om·
1064 2196 1144 2252 licam
1174 2197 1271 2252 sedem
1299 2197 1388 2261 adire,
1418 2202 1448 2252 et
1470 2197 1647 2268 privilegium
1672 2197 1844 2268 Hirsaugiensi

183 2359 189 2366 Ι
225 2285 307 2342 nibus
320 2304 351 2342 se
364 2287 389 2342 ei
401 2288 662 2361 obtemperaturum
673 2286 832 2342 simulabat.
844 2287 913 2342 curn
924 2284 1022 2340 eodem
1063 2284 1188 2341 caenobio
1198 2286 1351 2341 secundum
1367 2285 1436 2341 scita
1447 2301 1587 2341 canonum
1598 2285 1843 2358 acquirerelleiude

226 2377 438 2448 eamquebeato
447 2377 508 2433 viro
522 2383 629 2433 curtem
641 2377 748 2448 regiam
758 2376 837 2440 adiit,
849 2392 881 2430 ac
896 2371 1022 2438 seculari
1062 2380 1118 2430 rter
1132 2391 1290 2446 aggressus,
1306 2391 1441 2448 prospero
1455 2392 1540 2431 cursu
1556 2375 1675 2430 Romam
1695 2375 1773 2430 venit.
1784 2373 1843 2430 lbia

227 2465 332 2520 astutia
346 2466 563 2538 chirographum
576 2466 726 2522 inlldeliter
737 2465 903 2537 composuit,
920 2463 968 2517 illo
984 2461 1023 2516 nil
1066 2463 1434 2535 donninoapostolicoboatae
1444 2464 1588 2519 memoriae
1599 2464 1732 2536 Gregorio
1740 2464 1842 2534 benigne

225 2554 333 2609 sinistri
344 2573 401 2627 pra
415 2555 574 2611 columbina
594 2555 774 2628 simplicitate
793 2553 963 2626 suspicante,
978 2568 1024 2606 re·
1065 2558 1222 2623 susceptus,
1236 2552 1356 2623 cognitis
1370 2553 1463 2608 causis
1478 2569 1600 2624 quarum
1614 2553 1707 2624 gratia
1716 2553 1761 2608 illo
1772 2553 1840 2607 adre-

221 2643 325 2716 gioqua
337 2645 430 2716 sigillo
444 2645 514 2700 illud
529 2645 637 2700 lirmari
656 2643 828 2716 impetrarit.
849 2642 1024 2698 Adveniente
1064 2646 1155 2705 neret,
1168 2640 1363 2706 libentissime,
1379 2646 1464 2713 prout
1475 2641 1663 2714 competebat,
1678 2641 1842 2696 annuitNanr

223 2733 312 2804 igitur
326 2734 472 2790 Dominica
485 2735 731 2807 ascensionemque
742 2734 790 2789 illo
806 2749 880 2788 anno
894 2731 986 2787 evenit
992 2746 1021 2785 1v
1062 2728 1237 2800 privilegium
1254 2729 1407 2802 apostolica
1420 2730 1588 2785 auctoritate
1603 2731 1714 2802 plenum
1727 2729 1774 2785 sibi
1787 2746 1843 2785 con·

223 2823 319 2878 Nonas
328 2824 342 2879 J
346 2824 403 2878 unii
414 2827 455 2893 (V.
470 2825 589 2890 Obseru,
602 2841 631 2880 n.
643 2823 682 2892 2),
692 2827 843 2878 convocata
856 2820 1021 2876 clericorum
1062 2819 1188 2886 tradidit,
1205 2824 1233 2874 et
1242 2817 1278 2874 ob
1292 2819 1500 2876 munimentum
1515 2819 1725 2892 llirsaugiensis
1739 2817 1840 2874 canolii

224 2915 253 2966 et
266 2911 402 2968 laicorum
418 2913 608 2980 multitudine,
634 2912 759 2968 omnium
779 2909 922 2966 communi
946 2914 1019 2973 voto,
1032 2907 1280 3018 Gchirographum
1293 2925 1382 2964 unum
1394 2907 1430 2963 ab
1439 2924 1473 2964 eo
1483 2914 1629 2980 receptum
1640 2909 1670 2963 in
1683 2908 1778 2964 sannio
1789 2923 1841 2960 arn-

223 3000 268 3056 hic
282 3002 458 3058 venerandus
481 3003 597 3071 electus,
622 3003 764 3068 laudatae,
790 3007 820 3056 et
842 3017 905 3055 cum
935 2998 1022 3053 nimia
1062 2996 1099 3052 cti
1114 2996 1192 3052 Petri
1215 2997 1380 3052 recondidit.
1406 2997 1580 3068 Aliquandiu
1601 3015 1668 3069 ergo
1681 2998 1717 3053 ibi
1731 2998 1842 3053 demora-

220 3089 405 3146 inundatione
416 3093 532 3147 lletuum
542 3092 571 3146 in
586 3091 681 3148 sedem
692 3088 1019 3146 abbatisestcollocatus.
1061 3091 1120 3148 tus,
1145 3085 1341 3157 gravissimam
1369 3085 1562 3142 infirmitatem
1591 3087 1706 3151 incidit,
1732 3081 1842 3141 horribili

221 3177 283 3243 Qua
297 3178 434 3250 dignitate
450 3178 805 3251 suscepta,coepitcoelestis
816 3176 1021 3232 studiiservore
1062 3173 1137 3230 enim
1152 3174 1257 3230 ventris
1275 3174 1421 3231 inllatione
1442 3173 1595 3230 tenebatur
1615 3191 1769 3248 oppressus,
1783 3173 1842 3228 adeo

220 3271 301 3322 tanto
328 3267 418 3340 magis
449 3267 628 3324 inardescere
652 3273 757 3340 quanto
779 3284 809 3322 se
836 3264 1020 3338 cognoscebat
1063 3269 1248 3336 utnusquam
1273 3269 1369 3336 posset
1384 3279 1515 3336 gressum
1535 3279 1668 3332 movere;
1684 3261 1841 3334 cumquediu

220 3355 328 3410 caeteris
352 3355 472 3428 exempli
493 3357 586 3428 gratia
605 3357 752 3428 praelatum
780 3372 850 3422 esse,
881 3371 1020 3426 suumque
1061 3353 1114 3407 hac
1124 3352 1841 3423 infirmitatelaboraretetejusrecuperatiodespera·

221 3460 307 3514 sagax
321 3445 444 3499 studium
465 3461 550 3517 super
566 3446 661 3499 omnia
675 3444 812 3500 conuertit
831 3444 866 3499 ad
888 3442 1020 3498 observa·
1060 3448 1140 3498 retur
1160 3445 1244 3500 etiarn
1258 3460 1276 3497 a
1289 3442 1468 3515 peritissimis
1491 3441 1618 3506 medicis,
1635 3442 1750 3514 quadam
1768 3439 1839 3494 diese

219 3533 326 3586 tionem
346 3532 490 3604 religionis
503 3535 673 3590 monasticae.
689 3535 790 3589 Alaner
804 3537 866 3588 erat
879 3532 908 3587 in
922 3533 1019 3587 exhor·
1060 3531 1123 3588 duci
1138 3533 1271 3605 praecepit
1283 3533 1318 3587 ad
1331 3532 1420 3586 altare
1437 3531 1546 3586 Sancta
1560 3531 1658 3587 Mariae
1673 3545 1778 3601 semper
1790 3526 1840 3582 llir·

219 3619 315 3687 tando,
334 3637 447 3675 severus
466 3621 494 3674 in
509 3621 695 3694 corripiendo.
719 3621 795 3677 Nulli
818 3620 939 3686 invidus,
955 3621 1019 3676 cha·
1056 3621 1143 3693 ginis,
1153 3622 1344 3692 reclinatoque
1357 3626 1455 3676 venae
1464 3615 1839 3684 sauciatoedaltare,intimis

219 3707 304 3763 ritate
323 3709 441 3764 dillnsus
455 3721 484 3764 et
503 3711 634 3781 largitate
648 3711 756 3766 exstitit
772 3709 930 3765 muniticus.
945 3709 1016 3766 Cum
1058 3711 1186 3783 precibus
1202 3710 1349 3783 flagitabat
1358 3709 1512 3764 remedium
1527 3709 1661 3781 piissimae
1673 3707 1723 3763 Dei
1732 3703 1840 3762 Genitri·

217 3797 357 3868 gravitate
367 3797 456 3853 dulcis
470 3799 496 3853 ei
510 3797 660 3854 affabilitas
674 3800 776 3868 inerat,
791 3815 842 3871 per
856 3813 941 3870 quam
958 3814 1018 3856 cor·
1058 3800 1235 3857 cis.'lantam
1246 3817 1324 3871 spem
1336 3805 1420 3870 atque
1437 3798 1519 3853 lidenr
1533 3797 1627 3868 gratia
1634 3797 1683 3853 Dei
1694 3811 1783 3850 amore
1790 3791 1841 3848 ‹lul-

219 3883 301 3940 dibus
316 3885 447 3942 humanis
459 3887 583 3942 suaviter
596 3887 741 3943 influebat.
757 3887 909 3958 Negotium
922 3886 1016 3958 singu·
1058 3888 1176 3944 cissimis
1189 3887 1339 3943 Genitricis
1353 3905 1411 3942 sure
1429 3891 1581 3942 consecuta
1596 3892 1650 3941 est.
1667 3883 1760 3940 Subito
1770 3895 1839 3936 nan.-

218 3973 310 4029 lorum
325 3991 357 4030 ac
370 3976 394 4030 si
409 3977 552 4049 proprium
563 3976 897 4049 aestimabat,peregrinos
911 3980 939 4030 et
949 3992 1017 4047 pau·
1058 3995 1112 4050 que
1125 3983 1224 4033 contre
1236 3993 1314 4050 spem
1327 3976 1453 4033 omnium
1466 3976 1551 4047 coepit
1563 3975 1764 4034 convalescere,
1776 3987 1804 4024 ac
1813 3985 1838 4022 se

217 4077 298 4134 peres
321 4070 439 4136 paterno
465 4067 567 4120 ellectu
593 4065 714 4133 fovebat,
737 4065 890 4136 saepissime
915 4069 1016 4119 exutus
1058 4068 1118 4123 ciba
1130 4069 1254 4132 relicere,
1271 4071 1300 4121 et
1318 4082 1374 4121 non
1393 4071 1457 4138 post
1470 4065 1586 4134 longum
1604 4068 1715 4134 tempus
1729 4061 1756 4116 in
1767 4072 1837 4114 sunu

217 4152 332 4223 propria
352 4153 469 4208 camisia
486 4153 605 4225 aliisque
628 4152 803 4208 vestimentis
820 4152 914 4207 miseri
935 4159 1015 4208 artus
1056 4157 1158 4218 locum,
1173 4152 1508 4228 canctisgretulantibus,
1528 4168 1659 4207 reversus
1673 4157 1724 4206 est.

216 4240 339 4311 tegebat.
525 4291 529 4298 .
1021 4269 1047 4330 D
1091 4245 1118 4302 5.
1137 4245 1177 4301 Eo
1198 4250 1325 4316 tempore
1345 4243 1467 4298 Ecclesia
1494 4240 1634 4296 catholica
1653 4234 1835 4294 miserabilia

253 4327 277 4386 3,
300 4329 379 4386 Inter
399 4331 458 4387 haec
479 4347 546 4402 ergo
564 4330 696 4386 exercitia
722 4329 869 4397 virtutum,
891 4329 1013 4402 quadam
1055 4333 1216 4389 detestabili
1226 4333 1377 4388 schismate
1391 4332 1429 4401 tl)
1440 4328 1604 4385 abinimicis
1619 4319 1837 4384 Christianreuni·

216 4419 374 4474 tentatione
388 4418 578 4492 probatusest
591 4419 685 4492 potius
699 4435 784 4491 quarn
798 4419 1014 4492 pulsatamque
1054 4423 1121 4478 tatis
1139 4420 1328 4478 scindebatur.
1348 4421 1402 4476 Sed
1421 4419 1488 4490 quia
1508 4418 1554 4472 hic
1578 4434 1645 4473 vere
1670 4417 1726 4472 Deo
1750 4413 1837 4482 dignus

216 4505 344 4579 probatio
358 4506 412 4561 sibi
426 4508 538 4580 quidem
551 4509 585 4562 ad
598 4508 938 4592 coronamilirsaugiensi
949 4525 1014 4564 vero
1054 4511 1119 4583 igne
1134 4511 1219 4566 divini
1236 4511 1340 4565 erueris
1359 4513 1437 4564 totus
1455 4506 1650 4574 incanduerat,
1666 4521 1698 4560 ac
1718 4502 1772 4558 selo
1789 4497 1838 4554 ani·

216 4594 342 4651 coenobio
356 4596 393 4650 ad
405 4595 627 4651 stabilimentum
638 4602 666 4651 rt
675 4597 879 4652 munimentum
895 4597 1011 4668 profuit.
1054 4617 1165 4655 marurn
1179 4599 1325 4660 aestuabat,
1340 4596 1445 4653 salubri
1457 4596 1571 4652 consilio
1587 4610 1699 4667 quoque
1712 4592 1746 4646 ad
1756 4588 1837 4645 unita-

215 4683 1014 4757 Namsupradictumchirographumlibertatisintidelitcr
1053 4695 1112 4745 tem
1135 4688 1264 4746 Ecclesiae
1278 4688 1427 4743 tenendam
1448 4684 1673 4756 servandamque
1696 4675 1835 4736 animabat.

215 4771 520 4844 compositum,secrete
529 4773 751 4831 sibiinsinuante
758 4777 878 4848 conjuge
888 4774 1013 4847 praedicti
1055 4779 1089 4834 Et
1103 4778 1169 4850 qnia
1182 4776 1302 4848 simplici
1316 4791 1348 4831 ac
1362 4791 1434 4847 puro
1449 4775 1530 4830 oculo
1545 4773 1595 4828 tali
1609 4769 1755 4828 insistebat
1765 4779 1837 4834 nego·

215 4861 334 4928 comitis,
346 4861 468 4928 rescivit,
480 4868 517 4929 et,
529 4862 580 4919 sub
591 4863 707 4920 obtentu
718 4865 856 4937 praedictae
863 4863 1010 4932 libertatis,
1056 4865 1529 4939 tio,quidquidagebat,cunctorunr
1543 4861 1737 4934 religiosorum
1746 4852 1836 4910 animis

214 4948 249 5005 de
259 4950 379 5022 pristina
391 4950 524 5007 violentia
537 4967 569 5008 ac
592 4952 766 5024 subjectione
777 4953 883 5024 injusta
898 4953 1014 5009 Hirsau-
1054 4955 1263 5029 complacebam
1278 4953 1412 5026 quidquid
1431 4951 1551 5018 dicebat,
1569 4949 1695 5006 omnium
1713 4946 1835 4999 bonorum

212 5039 318 5110 giensis
327 5039 442 5095 claustri
459 5041 498 5096 nil
517 5042 668 5112 minutum,
685 5043 735 5098 sed
747 5043 840 5115 potius
854 5048 969 5098 auctum
985 5050 1014 5100 et
1054 5044 1248 5101 cordaintimo
1258 5043 1473 5097 amorisall‘ectu
1488 5039 1654 5095 delectabat.
1666 5029 1835 5090 cummium-

212 5127 385 5184 roboratum.
396 5130 457 5185 Tali
472 5137 566 5186 autem
578 5131 789 5203 perturbatione
803 5132 1010 5206 aliquantulum
1052 5134 1119 5190 bina
1142 5133 1321 5205 simplicitate
1336 5136 1448 5186 matum
1475 5129 1565 5200 riguit
1585 5127 1616 5180 in
1633 5141 1667 5180 eo
1690 5117 1835 5191 serpentina

212 5225 369 5275 commotas
384 5226 499 5292 propter
513 5226 618 5275 statum
632 5221 826 5288 loci,assiduis
840 5222 969 5294 precibus
983 5229 1012 5279 et
1052 5223 1158 5280 astutia
1175 5227 1209 5278 at
1228 5220 1263 5276 ab
1282 5221 1366 5293 hujus
1386 5219 1481 5276 saeculi
1502 5212 1687 5290 prudentibus
1708 5209 1835 5264 videretur

247 5358 287 5432 (3)
313 5361 353 5418 De
372 5361 582 5434 Hirsaugieusis
610 5364 773 5419 monasterii
803 5365 1010 5421 restauratione
1088 5365 1121 5434 til
1138 5365 1281 5420 Enstatea
1295 5363 1330 5418 de
1353 5379 1383 5417 re
1404 5359 1532 5432 Gregorii
1547 5357 1598 5414 vll
1618 5353 1734 5429 epistola
1755 5347 1787 5402 ad
1803 5347 1832 5400 n.

212 5435 241 5484 et
255 5432 356 5487 comite
372 5434 524 5489 adalberto
539 5434 660 5490 diximus
673 5434 703 5490 in
718 5435 815 5507 Elegio
829 5437 852 5490 v
866 5437 1007 5506 Friderici‚
1051 5435 1244 5492 pataviensem
1269 5433 1430 5506 episcopum
1453 5438 1483 5487 et
1501 5437 1629 5486 nostrum
1653 5421 1831 5482 wilhelmum

212 5516 297 5574 ⁸¹¹1)ra
308 5505 343 5559 ad
357 5521 462 5562 annum
476 5505 557 5563 10i0·
1050 5524 1111 5580 quae
1126 5514 1169 5564 ast
1182 5505 1246 5562 libri
1260 5521 1288 5561 ux
1301 5505 1433 5562 secunda.
