3896 6170
221 285 291 344 itta
753 287 928 346 carnotus
946 286 1100 345 nunnius
1118 279 1316 342 DARFENSIS
1752 272 1806 338 itti

219 411 375 484 peregrinis
386 412 583 469 tautummodo
593 413 844 470 estexhibendum.
855 411 1103 476 NamdebetAdis
1119 409 1258 466 manibus.
1272 402 1360 462 Dacili
1369 407 1455 476 atque
1467 402 1569 476 squilla
1580 402 1616 458 ibi
1627 404 1760 462 habeantur
1768 424 1807 480 pro

219 501 308 558 frater
320 508 487 574 procurator
501 503 626 574 ejusdem
639 503 693 558 loci
709 504 834 576 quotidie
849 504 975 575 accipere
988 520 1020 558 ex
1061 501 1158 557 eadem
1174 513 1259 554 causa
1273 493 1461 567 adimplenda.
1475 491 1705 566 igiturantequam
1717 505 1810 567 surgant

219 591 413 665 promptuario
428 608 515 664 panes
528 592 623 646 decem
637 599 666 647 et
679 599 797 665 septem.
821 599 850 648 et
863 593 950 647 libras
963 597 1020 648 tres
1060 591 1185 648 seniores
1200 605 1232 642 ex
1247 585 1375 659 prandio,
1388 583 1501 655 quando
1510 583 1591 638 simul
1602 589 1662 638 sunt
1672 587 1808 650 concessuri,

219 696 252 734 ex
267 679 316 735 illo
330 697 413 752 pane,
424 697 507 752 quem
518 682 643 736 seniores
659 681 807 737 habuerint
821 682 849 736 in
861 681 1017 750 refectorio;
1059 681 1103 735 vel
1116 678 1227 752 quaudo
1242 679 1322 731 sexta
1334 674 1404 728 hora
1418 677 1447 728 et
1467 687 1530 726 sero
1544 671 1667 726 cenaturi
1679 679 1744 738 suut,
1759 679 1810 728 tuuc

192 801 196 806 -
219 773 249 824 et
263 774 401 841 quotquot
415 786 465 842 per
483 769 608 842 singulos
628 767 689 826 dies
703 771 826 828 defuncti
843 771 1018 844 pronuntiati
1059 769 1163 825 habeat
1182 765 1304 822 famulus
1319 762 1415 818 omnia
1436 767 1599 834 preparata.
1620 777 1675 831 qua
1686 761 1719 814 ihi
1730 778 1807 816 coave-

219 856 384 927 iuerint,tot
397 859 538 931 stipendia
546 861 674 932 accipiat,
685 864 742 914 tam
755 861 789 914 de
802 860 1019 934 panibus,quam
1060 859 1152 925 niunt,
1171 861 1205 911 ut
1225 853 1331 925 absque
1350 868 1431 906 mora
1444 849 1634 905 convenientes
1645 850 1732 904 iratres
1743 850 1810 904 trium

219 949 254 1004 de
268 947 331 1003 aliis
346 949 469 1016 cibariis,
484 949 557 1004 sicut
567 950 617 1014 eis,
629 950 653 1005 si
665 949 929 1015 viverentdarctur.
938 950 1019 1006 Simi-
1059 961 1215 1020 pauperum
1231 941 1372 1014 obsequiis
1397 940 1539 1003 insudent,
1554 939 1719 993 lavandorum
1731 939 1810 993 scilicet

218 1037 284 1092 liter
295 1053 346 1109 pro
362 1038 427 1106 illis,
443 1039 473 1093 in
488 1055 607 1110 quorum
622 1039 816 1094 anniversario
831 1041 945 1112 plenum
961 1039 1019 1094 oili·
1059 1037 1173 1109 pedum.
1196 1033 1248 1091 Die
1268 1030 1412 1086 Dominico
1433 1030 1553 1084 domnus
1571 1027 1716 1082 abbascum
1728 1026 1810 1081 duobus

220 1125 294 1182 cium
310 1127 352 1187 stt.
375 1131 418 1182 tot
435 1126 593 1198 dispensas,
613 1127 656 1181 vel
668 1128 793 1198 justitias
815 1129 940 1201 recipiet,
957 1147 1019 1201 qum
1060 1124 1215 1180 infantibus
1229 1128 1259 1177 et
1273 1136 1370 1176 eorum
1387 1118 1522 1190 magistro
1537 1116 1629 1172 ettad
1643 1131 1727 1170 eorum
1740 1121 1812 1169 custa-

220 1215 380 1271 constituttc
394 1216 500 1271 fuerint
514 1216 542 1271 in
553 1217 623 1271 loco.
636 1215 828 1273 Puimentaria
841 1235 906 1273 vero
922 1235 955 1273 ex
975 1235 1020 1274 co·
1058 1217 1134 1271 diam
1153 1233 1159 1268 :
1176 1212 1199 1267 si
1214 1210 1301 1266 abbas
1311 1225 1366 1264 non
1380 1208 1477 1269 fuerit,
1490 1207 1567 1278 prior
1575 1205 1654 1260 faciat
1666 1205 1691 1259 in
1702 1206 1753 1274 ejus
1760 1204 1809 1257 vice.

221 1305 307 1377 quina
322 1303 470 1360 tradentur
481 1321 498 1358 a
510 1305 717 1377 septimanariis
727 1306 871 1373 fratribus,
886 1308 928 1362 vel
942 1308 1020 1362 acel·
1059 1304 1165 1360 Deinde
1177 1301 1225 1356 ulii
1240 1299 1322 1355 sicuti
1333 1297 1461 1352 annotati
1470 1302 1536 1351 sunt
1545 1295 1617 1350 infra
1627 1292 1812 1349 feriasinbreve.

220 1392 341 1458 letaniis,
354 1392 434 1464 quasi
450 1393 485 1447 ad
497 1410 623 1448 mensam
636 1393 799 1450 debuissent
812 1396 874 1450 dari
888 1413 921 1451 ex
931 1397 1019 1451 omni·
1060 1393 1181 1450 Sabbata
1201 1395 1313 1445 tantum
1333 1386 1462 1458 magistri
1483 1401 1546 1441 cum
1568 1381 1711 1440 infantibus
1726 1381 1813 1436 faciam.

219 1482 282 1560 bus,
299 1497 360 1552 quae
380 1481 419 1536 ibi
434 1488 629 1554 preparantur
652 1485 688 1539 ad
711 1501 778 1540 usus
800 1485 921 1540 fratrum
938 1490 966 1540 et
989 1486 1019 1540 in
1059 1483 1132 1538 Nam
1146 1483 1280 1539 mutiano
1301 1485 1331 1536 ut
1354 1475 1528 1534 surrexerint
1545 1490 1563 1527 a
1574 1489 1651 1528 coena
1663 1477 1737 1543 atque
1748 1470 1772 1524 iu
1783 1485 1817 1524 ec·

222 1570 336 1626 situlam
353 1568 405 1643 172)
421 1571 544 1638 mittant,
562 1589 644 1644 quam
662 1573 702 1628 ibi
716 1581 902 1646 preparatam
917 1573 1021 1630 habeat
1061 1571 1147 1627 clesia
1156 1573 1246 1627 oratio
1261 1571 1456 1627 consummata
1467 1564 1561 1631 fuerit,
1576 1569 1641 1619 tunc
1652 1561 1817 1615 famulosantc

221 1664 386 1730 procurator
400 1659 496 1715 frater.
513 1660 649 1716 Similiter
662 1667 820 1734 praeparent
834 1662 905 1716 duas
921 1662 1019 1716 situlas
1061 1661 1268 1717 loresecclesiae
1288 1659 1412 1716 tabulam
1435 1657 1538 1730 pulset,
1553 1661 1581 1709 et
1595 1647 1819 1720 illitres,quiittri
1913 1691 1914 1696 κ

219 1747 249 1802 in
282 1747 438 1803 refectorio.
462 1749 607 1820 Praepositi
632 1750 699 1820 ipsis
728 1751 806 1816 locis,
832 1752 1135 1822 undecunquesssunt,
1152 1757 1261 1816 exeant,
1275 1757 1304 1806 et
1313 1750 1423 1822 primus
1436 1746 1548 1802 illorum
1560 1744 1588 1798 in
1603 1741 1691 1796 medio
1701 1738 1787 1802 veniat,
1799 1741 1820 1789 et

222 1838 418 1903 remeaverint
438 1837 514 1893 istud
526 1839 648 1894 officium
663 1839 817 1912 adimplere
831 1841 980 1895 studeant:
996 1840 1019 1895 si
1060 1839 1100 1895 illi
1111 1840 1167 1895 duo
1177 1841 1242 1898 hinc
1262 1845 1291 1895 et
1308 1839 1374 1893 inde
1390 1841 1457 1892 eant
1470 1833 1635 1906 incipientes
1645 1829 1769 1902 psalmum
1780 1827 1820 1880 lti-

218 1925 261 1981 illi
273 1942 330 1981 non
342 1926 455 1993 fuerint,
467 1927 628 1982 cellerarius
638 1927 731 1994 faciat,
741 1936 856 2002 propter
868 1930 1020 1985 adunanda
1060 1925 1147 1984 serere
1163 1933 1225 1996 mei,
1242 1931 1322 1984 licus.
1335 1928 1405 1984 Cum
1421 1930 1487 1980 ante
1501 1925 1577 1995 ipsos
1590 1919 1699 1982 fuerint,
1712 1921 1776 1972 stent
1785 1930 1822 1985 per
1914 1923 1915 1928 ’

221 2015 361 2088 stipendia
372 2016 493 2071 famulis.
505 2018 625 2088 Jejuniis
639 2017 943 2090 QuatuorTemporum
958 2018 1018 2074 uni·
1059 2019 1198 2085 ordinem,
1209 2016 1444 2090 quemadmodum
1459 2014 1567 2086 priores
1578 2014 1652 2076 sunt,
1667 2013 1742 2078 atque
1752 2017 1822 2076 gentil

219 2104 309 2159 versis
325 2121 386 2177 quae
401 2105 504 2160 circulo
519 2107 586 2161 anni
601 2116 860 2179 sunt,quaecunque
875 2121 1019 2162 remanse-
1061 2110 1176 2163 flectant
1199 2113 1265 2163 ante
1286 2123 1343 2176 eos,
1369 2105 1469 2160 deinde
1492 2100 1627 2173 incipiant
1649 2095 1822 2166 antipbomn:

219 2193 279 2248 rint
294 2209 327 2248 ex
341 2194 499 2262 refectorio,
521 2194 550 2250 in
570 2195 622 2250 hoc
640 2213 710 2268 opus
733 2203 918 2268 censeantur3
934 2203 967 2268 et
985 2197 1019 2250 de
1061 2200 1225 2252 Mandatum
1241 2212 1343 2251 noram
1367 2200 1395 2250 et
1411 2194 1467 2248 alia
1480 2209 1542 2264 quae
1557 2187 1728 2250 conveniunt,
1741 2187 1765 2238 et
1776 2180 1824 2234 1110·

220 2282 399 2337 intirmorum
407 2283 490 2338 domo
501 2284 600 2339 eadem
611 2286 690 2340 liant.
701 2285 839 2341 Similiter
848 2285 1017 2341 deomnibus
1058 2303 1121 2342 rum
1132 2286 1217 2357 pedes
1230 2285 1367 2357 incipiant
1380 2284 1483 2338 lavare.

218 2370 322 2448 vigiliis
338 2388 407 2444 quas
421 2371 573 2440 celebrant,
589 2374 650 2428 lieri
662 2373 754 2428 debet.
767 2373 808 2430 Ex
819 2375 932 2430 Domini
941 2391 1018 2429 nam·
1094 2375 1233 2432 Continuo
1246 2379 1279 2429 ut
1287 2374 1415 2428 ablutum
1426 2373 1549 2444 primum
1560 2365 1697 2431 habuerit,
1711 2361 1775 2417 illico
1790 2359 1827 2412 dcl

219 2477 274 2534 que
287 2461 416 2518 Adventu
428 2478 516 2533 usque
529 2463 658 2518 Natalem
669 2464 729 2534 ejus
742 2464 794 2518 hoc
801 2464 944 2519 decretum
955 2467 998 2518 est
1009 2482 1015 2518 :
1058 2464 1191 2520 adolium
1203 2465 1367 2530 linteamen,
1378 2468 1409 2518 ut
1424 2461 1509 2522 lavet,
1524 2463 1626 2530 tergat,
1649 2451 1784 2514 osculetur,
1796 2453 1827 2500 ⁸1·

218 2567 236 2604 a
251 2549 343 2622 capite
353 2549 456 2620 jejunii
469 2567 559 2621 usque
574 2551 609 2605 nd
625 2552 784 2623 paschalem
809 2553 1017 2607 solemnitatem
1060 2571 1115 2626 que
1129 2553 1238 2625 capillis
1260 2552 1360 2624 capitis
1379 2548 1557 2623 permundet.
1580 2548 1642 2618 lpse
1662 2558 1722 2598 vero
1739 2545 1778 2593 eat
1790 2535 1826 2590 ubi

219 2639 353 2711 quotidie,
371 2639 491 2710 exceptis
500 2640 652 2695 Dominicis
667 2640 775 2710 diebus,
787 2641 1017 2696 omniasimiliter
1057 2642 1180 2698 famulus
1193 2658 1257 2696 cum
1272 2657 1346 2713 aqua
1360 2647 1388 2696 et
1401 2641 1489 2694 lintco
1501 2652 1625 2710 praeseus
1638 2633 1734 2694 adstat,
1749 2631 1829 2682 etma-

218 2729 321 2783 dcntur
336 2727 366 2782 in
378 2727 600 2800 eleemosynam.
620 2732 691 2784 Nam
706 2730 767 2801 ipse
781 2731 868 2785 frater
882 2747 945 2786 curu
960 2731 1019 2786 suis
1060 2748 1113 2787 nus
1128 2747 1193 2786 suas
1207 2729 1304 2786 abluat
1319 2748 1325 2784 :
1341 2729 1471 2785 similiter
1483 2726 1577 2782 caeteri
1598 2722 1707 2778 faciant.
1721 2717 1782 2773 Dein
1794 2713 1830 2768 illo

217 2815 395 2888 adjutoribus
411 2821 440 2872 et
454 2817 507 2872 hoc
524 2817 607 2872 debet
621 2819 785 2893 adimplere,
801 2819 931 2874 videlicet
945 2820 1018 2892 prati
1060 2820 1109 2891 qui
1130 2837 1163 2875 ex
1184 2819 1252 2891 ipsis
1271 2819 1390 2890 primus,
1412 2817 1531 2888 accipiat
1548 2828 1663 2886 aquam,
1678 2813 1706 2865 et
1717 2806 1779 2862 alius
1790 2802 1832 2857 lin·

172 2911 184 2924 ¹
219 2905 343 2974 secandi,
360 2907 434 2978 quod
449 2924 481 2961 ex
496 2907 557 2979 ipso
570 2908 714 2962 meliorem
730 2908 842 2976 viderit,
857 2916 885 2965 et
897 2909 931 2964 ad
943 2909 1020 2964 latri·
1059 2916 1215 2978 teamen,et
1223 2917 1268 2965 ter
1278 2909 1404 2964 effundat
1412 2906 1558 2980 lympham
1565 2903 1595 2959 in
1604 2915 1701 2956 manus
1711 2892 1830 2969 pauperis·

217 3010 285 3050 nam
298 2993 419 3051 fratrum
430 2996 573 3068 deportari
586 3013 682 3052 curam
693 2997 835 3070 suscipiat.
854 2997 1019 3054 Luminaria
1060 2997 1196 3054 Similiter
1206 2996 1398 3070 unusquisque
1412 2993 1496 3049 faciat
1510 2989 1662 3046 osculando
1669 2984 1772 3041 interim
1785 2995 1834 3034 ma·

106 3083 110 3093 ‘
218 3083 247 3138 in
258 3085 436 3152 dormitorio,
446 3090 530 3157 atque
542 3086 718 3140 infirmorum
726 3086 809 3141 domo
819 3086 878 3158 ipse
887 3079 1046 3157 procuretC
1058 3103 1121 3141 nus
1135 3087 1214 3142 Tunc
1225 3084 1443 3156 sonetsquillam
1454 3087 1483 3136 et
1497 3080 1647 3135 benedicat
1660 3075 1748 3131 cibum
1760 3075 1785 3124 et
1795 3083 1833 3139 ptr

218 3173 316 3228 ordina
331 3190 394 3229 cum
411 3175 479 3229 suis.
494 3173 614 3228 Vascula
633 3175 668 3230 ad
687 3175 870 3230 minuendum
886 3193 1013 3232 cruorem
1055 3180 1127 3238 turn,
1143 3175 1191 3246 qui
1214 3175 1255 3230 eis
1279 3175 1340 3229 dari
1360 3171 1453 3227 debet.
1478 3170 1607 3225 Primum
1625 3165 1741 3252 accipiat
1757 3173 1830 3214 uuus·

217 3261 277 3333 ipse
300 3261 353 3316 sibi
372 3261 517 3333 assignata
538 3261 650 3328 liabent,
673 3279 709 3318 ue
728 3263 823 3334 aliqua
841 3264 1013 3336 negligentia
1055 3265 1174 3336 quisque
1188 3265 1217 3319 in
1236 3261 1365 3320 manibus
1389 3261 1447 3316 suis
1460 3259 1602 3331 justitiam
1625 3256 1693 3320 vini,
1708 3256 1735 3307 et
1747 3248 1830 3304 libram

216 3350 350 3422 patiatur.
369 3349 498 3406 Ecclesiae
510 3351 923 3419 oratoria,claust-rum,domus
938 3354 1014 3409 iutir·
1054 3354 1146 3426 panis,
1160 3359 1261 3408 etcum
1275 3351 1431 3423 gratiarum
1447 3349 1557 3403 actione
1573 3347 1615 3402 eis
1626 3344 1738 3406 tribuat,
1750 3351 1830 3393 corum

216 3453 340 3506 morum,
357 3439 534 3494 refectorium
560 3444 645 3510 atque
659 3441 812 3512 capitulum
829 3441 888 3512 ipse
902 3442 1015 3498 studeat
1055 3458 1156 3496 manus
1176 3441 1337 3495 osculando.
1362 3440 1441 3495 Tunc
1466 3436 1567 3492 exinde
1590 3434 1710 3505 accipiat
1729 3424 1832 3484 unusde

218 3526 383 3593 emundare,
395 3532 423 3580 et
433 3527 586 3597 peromnia
594 3528 710 3598 juncum
722 3529 876 3600 imponere.
888 3531 1012 3599 Cotinos,
1054 3531 1122 3602 ipsis
1135 3529 1270 3596 libellum,
1282 3529 1330 3600 qui
1342 3528 1444 3583 ibidem
1460 3541 1572 3597 semper
1585 3524 1685 3578 adesse
1702 3517 1779 3574 debet
1791 3533 1796 3582 ;
1810 3516 1833 3566 ct

216 3614 266 3684 qui
278 3613 411 3668 iratribus
432 3615 563 3670 radendis
586 3616 712 3686 deputati
731 3622 807 3680 sunt,
821 3618 881 3688 ipsc
896 3617 947 3672 sub
961 3637 1013 3674 sua
1054 3619 1113 3674 haec
1125 3619 1248 3690 capitula
1270 3623 1355 3690 atqua
1378 3617 1519 3671 orationes
1538 3613 1679 3677 dicentur,
1701 3624 1759 3681 qua
1770 3607 1794 3658 iu
1807 3619 1832 3655 eo

215 3717 284 3758 cura
304 3701 416 3766 babeat,
449 3708 478 3757 et
505 3704 677 3776 temporibus
702 3706 866 3776 opportunis
894 3706 1009 3772 tribuat,
1054 3713 1121 3763 sunt
1131 3707 1294 3778 conscriptae
1309 3725 1314 3761 :
1331 3712 1361 3761 et
1372 3711 1439 3760 tunc
1449 3703 1585 3760 inclinent
1597 3706 1762 3760 seanteeos,
1774 3699 1798 3746 ct
1807 3705 1832 3744 05

215 3795 301 3862 atque
325 3791 503 3863 postmodum
528 3791 632 3846 nitidos
653 3798 682 3848 et
695 3794 815 3848 mundos
830 3801 957 3866 reponat.
980 3797 1014 3851 ln
1055 3797 1098 3851 his
1110 3813 1183 3852 unus
1200 3795 1277 3850 dicat
1290 3811 1412 3860 versum,
1429 3793 1542 3849 Ostende
1557 3792 1646 3852 nobis,
1662 3789 1780 3846 liciniae,
1794 3781 1835 3833 mi·

214 3879 277 3952 ipsa
290 3880 361 3935 cella
371 3880 416 3935 cui
426 3897 481 3936 non
492 3881 675 3952 permittitur,
689 3883 1013 3954 necingrediaturllan·
1053 3887 1234 3941 seru'cordiom
1250 3890 1337 3939 tuom.
1356 3883 1438 3952 liprie
1448 3884 1558 3935 eleison.
1569 3882 1652 3935 Pater
1659 3881 1755 3931 noster.
1770 3872 1798 3926 tt
1809 3884 1834 3920 ur

215 3969 313 4024 datum
328 3981 487 4042 pauperum
504 3969 542 4025 ibi
564 3976 689 4040 geratur.
712 3969 876 4028 Pomerium
894 3971 946 4042 tid)
961 3974 1013 4028 sub
1055 3991 1111 4029 nos.
1123 3975 1307 4042 Suscepimas,
1323 3974 1403 4028 Deus.
1416 3972 1455 4025 Tu
1467 3959 1836 4024 ritondasttDominusootis·

212 4073 266 4112 sua
279 4058 407 4115 custodia
421 4056 525 4114 lrabeat
536 4075 599 4114 cum
610 4059 754 4114 cellerario
769 4059 853 4116 simul
866 4063 1012 4132 plantandi
1052 4062 1226 4120 cunt.0ratio
1239 4062 1343 4122 Adesto,
1356 4060 1645 4125 Dominc.0bscqm'um
1655 4052 1789 4108 senatoris
1798 4061 1836 4098 ne

215 4153 301 4220 atque
315 4147 500 4203 custodiendi.
1052 4158 1124 4207 stra.
1136 4151 1169 4206 Et
1178 4155 1244 4205 tunc
1257 4166 1320 4204 cum
1341 4147 1499 4203 reverentia
1508 4150 1610 4201 exeant
1622 4145 1699 4199 huno
1714 4138 1837 4214 psalmum

499 4236 616 4292 CAPUT
630 4237 725 4293 xcvi.
1052 4240 1367 4304 decantando,Miserere
1379 4241 1442 4298 tuci,
1454 4232 1694 4291 Deoslicclesiam
1704 4239 1838 4302 peragran-

215 4325 339 4394 Qualiter
348 4329 388 4389 est
400 4327 539 4394 opersdum
561 4327 725 4380 arancarum
736 4329 772 4381 ad
783 4343 927 4396 pauperes,
939 4329 1012 4397 quod
1051 4329 1127 4384 tibus
1138 4329 1174 4382 ad
1184 4328 1290 4399 gradus
1304 4341 1397 4398 genua
1412 4326 1535 4388 flectant,
1547 4325 1635 4392 darie
1650 4324 1749 4376 eleison
1758 4329 1838 4389 perat

479 4416 599 4482 quotidie
614 4416 745 4482 efficitur.
1018 4397 1196 4482 liuentibus,
1213 4422 1242 4471 et
1256 4416 1307 4470 bas
1322 4431 1418 4488 preces
1437 4414 1496 4468 Deo
1511 4412 1643 4476 offerant,
1660 4409 1838 4465 Pctcrnostcr.

248 4503 320 4558 Nam
340 4502 426 4556 frater
439 4502 494 4570 ille,
511 4502 559 4573 qui
574 4503 627 4557 hoc
639 4503 762 4558 officium
777 4520 863 4575 super
874 4521 904 4560 se
920 4522 1012 4562 susce-
1053 4508 1164 4563 Ostende
1178 4508 1264 4570 erotis,
1280 4505 1359 4558 velet
1377 4505 1468 4557 veniat
1482 4517 1565 4571 super
1580 4517 1641 4555 nos.
1658 4500 1787 4554 Dominus
1800 4507 1839 4545 to-

212 4596 292 4663 ptum
317 4589 410 4654 babet,
432 4607 495 4645 cum
520 4607 572 4645 suo
595 4591 723 4646 ministro
739 4591 843 4664 habeat
860 4593 899 4648 ibi
916 4595 1011 4651 omnia
1053 4597 1165 4650 discum.
1192 4594 1325 4661 collecta,
1341 4595 1465 4647 Actiones
1481 4595 1600 4654 nostros,
1618 4589 1662 4643 vel
1678 4587 1839 4654 Omnipotens

213 4695 275 4751 quae
290 4678 347 4733 illic
361 4685 428 4734 suut
441 4679 599 4734 necessaria
614 4687 780 4752 praeparata,
797 4681 924 4738 videlicet
935 4683 1011 4738 leba·
1051 4687 1215 4752 sempiterne
1228 4685 1308 4748 Deos,
1325 4684 1415 4748 diripe
1439 4685 1517 4734 actas
1533 4685 1652 4741 nostros,
1670 4682 1738 4733 tuuc
1751 4673 1840 4729 exeant

210 4771 269 4822 tem
285 4766 332 4821 ubi
345 4783 448 4837 aquam
462 4767 608 4822 calefaciat
621 4773 649 4822 ct
658 4770 793 4824 concham
808 4771 844 4824 ad
860 4771 1010 4828 lavandum
1053 4777 1082 4828 et
1095 4772 1167 4827 sicut
1182 4771 1231 4826 alii
1246 4772 1384 4834 lecerunt,
1405 4769 1445 4823 ita
1454 4773 1483 4822 et
1496 4768 1613 4822 faciant.

210 4857 296 4930 pedes
310 4871 418 4922 eorum,
434 4855 527 4910 ettria
542 4855 714 4922 linteamina,
731 4874 850 4930 quorum
872 4875 959 4914 unum
973 4861 1012 4916 sit
1331 4858 1448 4915 CAPUT
1458 4857 1569 4912 XLVII.

210 4946 376 5017 deputatum
391 4949 504 5016 propter
518 4944 702 5017 seniores,qui
713 4946 782 5002 ituri
796 4954 863 5002 sunt
873 4949 1011 5020 adipsum
1052 4952 1087 5006 De
1101 4950 1239 5018 fratribus
1252 4952 1302 5017 qui
1315 4949 1432 5016 suscepti
1440 4948 1658 5001 santinaostrr's
1668 4942 1840 4999 societatibus.

209 5034 334 5090 officium
345 5033 530 5105 implendum.
549 5031 627 5088 Illico
642 5042 674 5091 ut
686 5035 770 5108 pedes
780 5036 890 5092 ablutos
904 5036 1012 5093 habue-
1088 5039 1145 5092 llos
1157 5054 1253 5092 versus
1263 5036 1433 5108 conscriptos
1443 5033 1729 5089 babeatcamerarius
1739 5031 1767 5085 in
1776 5030 1842 5084 tirste

208 5125 277 5192 rint,
294 5139 395 5178 manus
412 5138 478 5178 suas
493 5122 528 5176 ad
548 5122 640 5195 ipsum
655 5129 769 5195 tergant
786 5143 791 5178 :
806 5125 960 5181 secuudum
973 5127 1012 5182 sit
1052 5127 1188 5182 lectorum
1201 5124 1268 5195 (il),
1279 5125 1337 5180 sive
1352 5125 1382 5180 in
1392 5123 1526 5197 plumatis
1534 5123 1594 5195 (75)
1608 5123 1737 5194 ipsorum
1750 5121 1777 5176 in
1788 5119 1844 5173 dor

208 5229 260 5284 pro
273 5228 430 5285 pauperum
444 5210 579 5282 pedibus;
594 5212 710 5267 tertium
723 5213 1009 5270 eorumdemabluen·
1052 5215 1166 5271 mitorio
1180 5215 1299 5270 fratrum
1316 5232 1322 5269 ε

246 5377 299 5447 (72)
310 5377 414 5450 Sitola,
428 5379 564 5445 sacculus,
578 5379 622 5434 vel
631 5379 747 5449 cistella,
760 5397 816 5454 qua
825 5382 906 5455 panis
915 5380 1007 5440 cibus·
1086 5384 1137 5454 tut)
1154 5387 1244 5440 fustis
1260 5387 1400 5446 lectorum,
1417 5381 1482 5436 lecti
1496 5397 1647 5453 compages
1662 5380 1766 5451 lignea.

209 5464 264 5519 que
278 5449 411 5505 defertur.
1086 5455 1140 5524 ‹75›
1156 5459 1299 5524 Plurnata,
1313 5454 1451 5527 pulvinar,
1468 5453 1587 5509 cervical
1603 5469 1609 5505 :
1633 5467 1701 5524 pars
1718 5449 1784 5506 lecti
1797 5463 1840 5502 su-

248 5516 305 5588 aa)
322 5521 493 5585 Pometiam,
509 5521 587 5576 locus
606 5521 656 5577 ubi
675 5539 759 5594 poma
776 5530 942 5595 nascuntur,
959 5533 1009 5582 aut
1048 5528 1152 5599 perior.

231 5595 389 5647 ·servantur
402 5607 453 5667 pro
462 5596 625 5662 pomarium
636 5593 743 5650 hortus.
