3934 6174
245 295 298 359 367
738 300 769 354 Β.
790 299 998 357 LANFRANCI
1017 299 1198 358 CANTUAR.
1217 300 1389 358 ARCHIEI’.
1808 307 1853 368 368

244 441 329 498 crepa
341 424 372 480 iu
384 439 459 480 omn.
473 422 619 496 patientia,
634 424 754 478 euterius
768 427 884 485 ostensu,
902 425 1022 478 interius
1038 425 1142 488 babitu,
1160 430 1188 480 et
1202 425 1339 481 doctrina.
1350 425 1506 487 uerborum,
1522 429 1549 478 et
1564 438 1683 492 opuum.
1697 426 1729 480 llt
1741 431 1776 483 ste
1787 445 1854 498 opor·

244 514 329 586 tetttj:
340 515 402 570 Erit
416 514 490 569 enim
503 519 615 584 tempus
627 529 701 580 cum,
713 512 833 580 quando,
850 528 949 567 sanam
959 511 1115 568 doctriuam
1129 531 1185 569 nou
1194 515 1382 580 sustinebunt,
1398 514 1447 568 sed
1458 513 1493 568 ad
1508 529 1559 568 sua
1572 513 1708 568 desideria
1727 532 1855 573 coacerva·

242 603 315 659 bunt
329 603 382 660 sibi
390 603 549 674 magistros,
560 601 588 659 i.
600 601 759 674 prurientes
768 600 894 669 auribus,
910 605 939 656 et
952 616 969 656 a
982 600 1099 656 veritate
1114 601 1227 673 quidem
1240 603 1369 658 auditum
1380 608 1517 669 avertent,
1533 603 1569 658 ad
1584 601 1689 659 tabulas
1698 609 1785 660 autem
1798 624 1857 664 con-

241 697 398 747 vertentur.
411 693 551 760 Quidquid
561 693 615 755 titt,
625 691 668 745 Tu
685 706 749 744 vero
763 689 858 760 vigila,
874 690 903 743 in
919 688 1050 744 omnibus
1063 687 1169 752 labora,
1184 691 1214 744 3.
1239 709 1310 763 opus
1332 691 1375 746 fac
1389 689 1578 762 evangelistae,
1593 689 1773 746 minIsterium
1785 699 1856 749 tuum

240 780 338 853 imple.
349 779 466 836 Sobrius
476 785 547 836 esto.
557 779 585 834 t.
594 780 652 850 Ego
660 779 735 834 euim
745 779 806 849 jam
817 777 934 842 delibor,
941 781 1081 842 immolor,
1094 783 1122 832 et
1134 784 1246 851 tempus
1255 779 1514 834 resolutionismeae
1523 777 1649 833 instath.
1661 779 1764 834 Bonum
1777 789 1857 838 certa-

239 885 306 924 men
320 869 434 936 certavi,
450 883 564 924 cursum
577 866 778 933 consummant,
794 866 879 920 iidem
894 865 1010 921 servavi.
1022 865 1048 921 6.
1063 867 1095 922 ln
1108 867 1215 940 requuo
1226 871 1262 938 (et
1276 871 1344 939 quid
1357 871 1532 938 relinquitur
1542 869 1856 941 lbocsctlicetheposita,

138 987 144 997 ·
238 959 270 1012 id
283 963 330 1022 est,
348 963 465 1025 seruata,
478 962 522 1012 est
536 955 563 1012 7.
573 954 642 1010 mihi
656 971 759 1010 corona
771 954 899 1025 justitia,
909 971 994 1023 quum
1004 971 1110 1010 rnereor
1122 960 1276 1026 justitium,
1295 974 1379 1029 quam
1392 957 1492 1012 reddet
1501 956 1570 1011 mihi
1585 956 1720 1012 Dominus
1730 957 1859 1016 inilladie

236 1049 331 1118 justus
343 1047 442 1118 judex,
458 1062 516 1102 non
528 1045 619 1100 solum
632 1049 727 1099 autem
742 1043 821 1110 mihi,
837 1043 886 1097 sed
901 1050 930 1098 et
943 1040 970 1100 8.
987 1044 1022 1099 iis
1037 1045 1085 1116 qui
1107 1045 1238 1117 diligunt.
1255 1044 1280 1103 9.
1295 1046 1446 1102 adveutum
1475 1047 1544 1118 ejus,
1562 1048 1634 1108 boui,
1656 1061 1711 1101 uon
1724 1053 1858 1104 metuentes

239 1139 449 1192 damnationem
459 1139 491 1190 in
502 1135 546 1189 die
555 1136 670 1204 judicii.
685 1131 800 1188 Festina
812 1132 848 1187 ad
862 1148 908 1186 me
920 1132 1015 1187 venire
1030 1133 1095 1188 cito.
1108 1135 1210 1190 Damas
1225 1135 1299 1190 enim
1306 1151 1351 1190 me
1364 1135 1487 1206 reliquit,
1504 1135 1625 1206 diligens
1634 1135 1687 1190 hoc
1700 1136 1861 1200 saeculumet

239 1225 310 1280 abiit
318 1223 556 1289 Thessalonicam,
569 1223 703 1278 Crescens
715 1221 744 1275 in
756 1221 907 1287 Galatiam,
922 1221 1002 1275 Titus
1016 1221 1046 1276 in
1056 1222 1225 1278 Dalmatiam
1238 1242 1245 1291 ;
1260 1225 1351 1278 Lucas
1365 1228 1409 1278 est
1422 1240 1534 1278 mecum
1546 1225 1631 1278 solus.
1653 1225 1774 1280 Marcum
1788 1242 1860 1281 assu·

237 1319 325 1378 mmet
337 1313 430 1369 adduc
442 1317 547 1380 tecum;
560 1317 604 1367 est
617 1311 692 1366 enim
707 1310 778 1364 mihi
786 1309 863 1364 utilis
877 1309 906 1363 in
922 1309 1276 1384 ministeriumTyehIcum
1287 1318 1383 1368 autem
1393 1313 1458 1368 misi
1473 1312 1860 1386 Ephesum.Pmnulam,quam

235 1402 338 1474 reliqui
350 1401 458 1457 Troade
470 1401 545 1471 apud
555 1400 687 1470 Carpum,
700 1398 813 1453 venicus
822 1398 891 1452 aller
904 1403 1008 1465 tecum,
1022 1402 1051 1453 et
1064 1399 1159 1465 libros,
1176 1417 1257 1470 meos,
1272 1402 1393 1457 maxime
1407 1407 1504 1456 autem
1512 1401 1701 1457 membranas.
1711 1402 1859 1458 Alexander

235 1491 360 1549 AErarius
376 1493 484 1558 (narrat
499 1493 525 1543 ei
538 1491 606 1558 quid
619 1489 673 1543 sibi
687 1489 776 1544 Romae
802 1485 959 1556 conttqerit)
972 1488 1060 1542 multa
1074 1489 1150 1542 mala
1162 1489 1231 1544 mihi
1243 1491 1380 1546 ostendit:
1395 1491 1495 1546 reddet
1506 1491 1548 1545 illi
1563 1492 1701 1547 Dominus
1715 1493 1860 1548 secundum

234 1597 319 1653 opera
334 1583 499 1651 ejus,quem
511 1583 540 1633 et
553 1584 584 1633 tu
599 1576 701 1642 devita,
718 1593 750 1630 ne
763 1578 927 1644 alloquaris,
945 1576 1023 1631 valde
1037 1577 1111 1632 enim
1124 1578 1228 1633 restitit
1237 1579 1327 1634 verbis
1342 1581 1454 1635 nostris.
1472 1581 1505 1636 In
1514 1581 1607 1652 prima
1622 1598 1686 1636 mea
1698 1581 1858 1646 defensione,

235 1685 291 1738 qua
306 1685 349 1722 me
364 1669 440 1737 apud
452 1669 589 1722 Neronem
603 1667 722 1733 defendi,
738 1680 821 1719 nemo
837 1663 906 1718 mihi
925 1663 1025 1732 adluit,
1042 1666 1092 1721 sed
1111 1683 1207 1722 onmes
1233 1683 1279 1723 me
1299 1668 1520 1741 dereliquerunt;
1541 1686 1597 1724 non
1616 1670 1672 1724 illis
1701 1670 1859 1741 imputetur.

230 1758 368 1814 Dominus
383 1762 478 1812 autem
494 1755 564 1810 mihi
577 1753 669 1810 astitit
683 1759 712 1809 et
720 1753 887 1810 confortavit
900 1769 955 1820 me;
966 1758 999 1808 ut
1012 1771 1063 1826 per
1076 1771 1121 1810 me
1137 1757 1297 1828 praedicatio
1312 1759 1473 1830 impleatur,
1486 1764 1515 1814 et
1526 1759 1750 1815 audiantomnes
1758 1764 1860 1830 gentes

229 1853 259 1904 et
272 1850 312 1903 sic
325 1846 464 1902 liberatus
475 1862 538 1900 sum
553 1845 588 1900 de
601 1861 648 1899 ore
659 1843 759 1911 leonis
775 1845 902 1899 Neronis.
918 1841 1060 1900 Liberavit
1073 1846 1259 1902 meDominus
1274 1847 1309 1902 ab
1322 1849 1399 1903 omni
1414 1865 1499 1920 opere
1507 1849 1582 1904 malo
1594 1868 1602 1915 ;
1623 1854 1654 1904 et
1663 1848 1771 1903 salvum
1786 1847 1862 1904 latia

229 1934 260 1989 in
269 1949 481 2006 reguumsuum
495 1933 617 2000 coeleste3
630 1931 675 1986 cui
684 1931 775 2003 gloria
789 1931 818 1986 in
830 1931 931 1986 suavila
941 1935 1115 1990 saeculorum.
1141 1937 1242 1992 Amen.
1263 1938 1362 1993 Saluta
1375 1938 1502 1994 Priscam
1521 1945 1550 1994 et
1573 1937 1719 2010 Aquilam,
1732 1944 1761 1992 et
1772 1938 1863 1994 Onesi-

197 2011 200 2020 ’
228 2021 313 2094 phori
327 2022 452 2077 domum.
471 2022 589 2076 Erastus
600 2020 739 2076 remansit
751 2019 895 2087 Corinthi;
908 2021 1093 2094 Trophimum
1107 2029 1203 2081 autem
1215 2026 1317 2099 reliqui
1328 2028 1474 2084 insumam
1485 2027 1584 2084 Mileti.
1600 2027 1718 2083 Festina
1732 2033 1795 2082 ante
1809 2027 1862 2082 hie·

226 2127 302 2167 mem
316 2110 422 2166 venire.
437 2109 605 2166 Salutantte
617 2107 754 2177 Eubulus,
768 2111 797 2162 et
806 2107 928 2176 Pudens,
944 2108 1076 2178 ethinus,
1092 2118 1122 2168 et
1135 2115 1253 2171 Claudia
1265 2121 1294 2172 et
1305 2116 1408 2173 iratres
1421 2133 1529 2174 omnes.
1543 2116 1682 2173 Dominus
1703 2115 1863 2173 JesusChri-

225 2205 287 2257 stus
296 2215 362 2256 cum
376 2198 483 2274 Spiritu
496 2203 556 2256 tuo.
573 2196 672 2254 Gratia
682 2196 839 2256 vobiscum.
852 2197 952 2254 Amen.

889 2338 1186 2400 COMMENTARIUS.

256 2457 282 2518 2.
298 2459 404 2516 Laura.
417 2457 621 2526 Prurientex,id
630 2461 682 2526 est,
694 2455 777 2527 leves,
789 2443 1053 2523 instabiles‚novaA
1060 2452 1151 2519 parte,
1168 2465 1229 2522 qnae
1239 2451 1335 2506 instat.

220 2565 333 2622 semper
345 2548 587 2605 audirevolentes.
1096 2535 1121 2592 7.
1138 2539 1262 2596 Aunms.
1282 2541 1355 2596 tlibi
1380 2539 1582 2596 cornuallem
1598 2539 1721 2612 justitia
1735 2555 1863 2596 eoronam

255 2637 282 2694 3.
299 2639 370 2708 Opus
383 2640 429 2707 fac
443 2639 622 2704 euonqelista.
637 2635 715 2706 Opus
724 2633 901 2706 evangelista
910 2637 961 2699 est,
973 2633 1020 2688 be-
1059 2627 1168 2682 vocavit
1181 2628 1260 2683 illam
1271 2645 1332 2700 quae
1352 2630 1587 2702 contemplatione
1602 2629 1864 2703 [compensationel

219 2743 256 2782 ne
270 2726 373 2794 vivere,
387 2730 417 2782 et
430 2724 617 2792 benedicere3
631 2723 757 2780 moribus
771 2729 801 2779 et
819 2721 910 2778 verbis
924 2721 1019 2792 subje-
1060 2715 1110 2769 Eu.
1124 2713 1168 2789 Ρ.]
1183 2717 1312 2772 laborum
1321 2717 1414 2774 datur.

216 2820 277 2872 etos
287 2815 438 2872 instruere.
1094 2809 1121 2862 8.
1137 2806 1186 2860 llis
1199 2809 1249 2876 qui
1272 2809 1407 2876 diltqunt.
1428 2807 1556 2864 Mirnculi
1581 2807 1705 2880 dignum
1720 2807 1797 2880 quod
1810 2823 1865 2862 non

252 2903 279 2962 4.
293 2906 349 2974 Euo
363 2907 439 2961 enim
448 2902 612 2976 jamQuasi
627 2902 750 2958 diceret:
763 2900 826 2956 ideo
840 2904 900 2956 tam
913 2897 1019 2954 studio-
1059 2892 1142 2964 dixit,
1151 2894 1207 2949 illis
1216 2895 1265 2967 qui
1279 2895 1477 2952 laboraverunt
1486 2901 1537 2952 aut
1555 2898 1632 2969 passi
1643 2902 1725 2964 sunt,
1739 2897 1789 2952 sed
1799 2895 1868 2951 dixit

217 2998 288 3050 sete
308 3011 420 3062 moneo,
443 2993 509 3066 quia
525 2993 556 3049 iu
578 2991 711 3065 prasenti
732 2990 887 3046 moriturus
901 3004 975 3055 sum,
990 2991 1019 3043 te
1059 2983 1107 3053 qui
1120 2983 1250 3055 diligunt,
1262 2985 1329 3057 quia
1343 2985 1529 3041 certaminum
1537 2991 1566 3041 et
1573 2987 1744 3058 passionum
1757 2991 1866 3058 tempus

216 3087 316 3155 postea
326 3100 383 3140 non
397 3083 561 3140 moriturus.
1059 3089 1115 3127 non
1131 3089 1242 3145 semper
1254 3080 1306 3129 est.

251 3171 410 3229 5.Auaaos.
425 3174 533 3228 Bonum
543 3168 759 3226 certamenNon
769 3167 870 3223 ludens
883 3166 948 3234 ista,
965 3165 1016 3221 sed
1095 3162 1123 3218 9.
1133 3163 1238 3219 Ltnra.
1250 3166 1406 3220 Adventum
1415 3169 1483 3236 ejus.
1503 3166 1669 3222 Adventum
1683 3166 1793 3223 Christi
1804 3165 1864 3220 dili·

215 3261 252 3318 ad
267 3261 490 3318 exhortationem
504 3259 576 3314 dixit
586 3257 738 3314 Timomei.
1055 3251 1184 3324 guntqui
1195 3269 1213 3308 a
1224 3253 1306 3310 malis
1321 3259 1441 3324 cessant,
1461 3259 1491 3310 et
1504 3255 1579 3311 bona
1598 3256 1724 3326 sacIunt3
1744 3256 1775 3312 hi
1790 3254 1865 3311 enim

250 3348 277 3406 6.
288 3350 393 3406 haurn.
404 3351 564 3419 inreliqno,
585 3347 677 3414 idest,
696 3347 727 3402 ia
739 3345 849 3418 reliqua
865 3343 1015 3400 aternitati
1057 3341 1087 3396 in
1102 3341 1147 3396 die
1158 3342 1258 3411 judicii
1272 3343 1404 3399 damnari
1417 3361 1473 3399 uon
1488 3350 1631 3403 metuunt.

372 3583 665 3762 EPISTULA
703 3663 755 3758 Β.
794 3661 998 3760 PAULI
1038 3657 1326 3759 APOSTOLI
1363 3665 1448 3759 AD
1484 3665 1696 3764 TITUM.

528 3869 932 3956 cuugrurrmuems
952 3871 992 3935 a.
1015 3868 1273 3935 inuratur!
1291 3871 1536 3935 crassatus,

244 4065 343 4130 wo
354 4059 559 4117 Anounsnrttn.
580 4083 614 4098 -
632 4055 728 4111 Titum
750 4051 964 4110 commonefacit
981 4058 1011 4109 et
1052 4055 1276 4124 conversatione,
1290 4059 1319 4110 et
1331 4053 1470 4111 hereticis
1482 4051 1604 4110 vitandis
1619 4054 1673 4127 qui
1689 4054 1720 4110 in
1734 4053 1871 4110 traditio-

209 4151 325 4211 instruit
338 4150 374 4206 de
387 4147 588 4206 constitutione
601 4143 813 4217 presbyterum
821 4143 856 4199 de
869 4142 1009 4216 spirituali
1050 4145 1133 4202 nibus
1147 4145 1270 4203 Iudaicis
1285 4145 1414 4214 credunt,
1429 4143 1553 4202 scribens
1567 4143 1594 4200 ei
1607 4160 1626 4199 a
1635 4145 1789 4218 Nicopoli.

868 4283 983 4340 CAPUT
996 4285 1151 4346 PRIMUM.

241 4395 347 4450 Paulas
357 4410 454 4450 servus
467 4392 528 4460 Dei,
540 4392 692 4465 Apostolus
704 4395 810 4458 autem,
827 4395 956 4460 nuntius,
968 4393 1036 4450 Iesu
1047 4393 1153 4449 Christi
1163 4394 1176 4449 l
1186 4395 1372 4465 ‚praedicando
1386 4395 1542 4452 secundum
1552 4395 1652 4464 fidem,
1666 4399 1715 4454 uei
1731 4413 1796 4456 non
1811 4414 1870 4454 me·

210 4487 284 4549 ritis,
295 4484 449 4538 electorum
459 4481 520 4549 Dei,
534 4483 598 4538 eti.
609 4480 782 4552 agnitionem
796 4480 931 4547 veritatis,
942 4497 1002 4553 quae
1015 4479 1042 4535 3.
1054 4484 1208 4540 secuudum
1220 4485 1364 4556 pietatem,
1373 4486 1566 4542 Christianam
1577 4488 1769 4556 reliqioncm,
1784 4487 1871 4544 estin

206 4587 287 4643 spem
300 4569 363 4626 vite
376 4575 498 4638 aeterne,
513 4584 597 4642 quam
609 4573 697 4624 uttam
713 4569 852 4642 promisit,
866 4571 915 4642 qui
926 4586 984 4626 non
997 4572 1142 4637 mentitur,
1154 4574 1239 4640 Deus,
1256 4577 1322 4629 ante
1335 4577 1463 4646 tempora
1479 4573 1640 4644 sustulerim
1659 4575 1870 4633 manifestavit

206 4663 302 4714 autem
316 4657 491 4731 temporibus
503 4657 572 4726 suis,
586 4660 728 4726 coneraia,
744 4663 775 4715 t.
794 4656 923 4714 Verbum
938 4675 1031 4726 suum,
1041 4659 1194 4722 Christum,
1211 4659 1261 4728 qui
1275 4662 1312 4713 est
1326 4661 1500 4715 causantem
1515 4659 1624 4720 vitudu
1638 4661 1870 4732 praedicatione,

861 4799 1159 4858 COMMENTARIUS.

237 4911 316 4968 CAP.
327 4910 385 4967 1.-
399 4910 425 4966 l.
437 4909 564 4965 Menos.
575 4906 733 4964 Secundum
747 4909 829 4976 fldem
843 4909 1000 4965 electorum.
1043 4913 1116 4975 tum,
1130 4913 1275 4965 mortuum
1287 4909 1486 4976 resurrexisse,
1500 4923 1593 4964 nosse.

199 5002 275 5059 Dicit
283 5001 449 5073 Apostolus:
466 4998 636 5054 constitutus
654 5014 718 5053 sum
727 5003 761 5052 ut
769 5013 820 5068 per
833 4997 1003 5053 meeredant
1079 4995 1104 5052 3.
1121 4997 1280 5054 Secundum
1291 4999 1431 5067 pietatem.
1447 4995 1504 5052 Per
1522 5013 1607 5069 quam
1620 4995 1780 5058 habemus
1787 5019 1872 5076 spem

199 5090 430 5160 electi,ntvitam
443 5092 577 5144 aeternam
592 5086 704 5159 assequi
715 5085 832 5159 possint,
848 5102 934 5158 quam
948 5086 1002 5142 du·
1042 5089 1154 5142 aeternae
1168 5086 1241 5142 vitae.
1258 5086 1371 5143 Diceret
1384 5086 1447 5158 quis
1463 5105 1469 5141 :
1484 5085 1553 5140 satis
1569 5091 1654 5158 potes
1682 5106 1824 5162 sperare,
1840 5097 1871 5146 et

197 5181 265 5238 dum
288 5184 491 5252 representare
504 5180 752 5249 praesumpserant.
781 5176 815 5231 lu
840 5191 910 5248 opus
933 5191 998 5231 vero
1040 5175 1111 5231 nihil
1126 5175 1279 5248 consequi;
1309 5175 1411 5231 adhoc
1426 5175 1597 5247 respondet:
1614 5177 1719 5244 Quum
1729 5185 1873 5250 protrahit

194 5265 565 5342 nuuoproduxitadventum
573 5265 690 5334 Christi,
713 5264 826 5337 quando
849 5264 955 5335 optime
967 5280 997 5320 se
1038 5266 1237 5322 Deus.1terum
1248 5264 1388 5336 objicienti
1400 5281 1406 5314 ι
1418 5281 1482 5338 spes
1491 5263 1646 5336 aliquando
1654 5267 1752 5336 fallit,
1763 5271 1873 5343 adjun-

193 5374 254 5414 rem
268 5357 373 5412 habere
387 5354 566 5410 existimavit.
1036 5354 1080 5426 git
1095 5373 1102 5408 :
1116 5358 1167 5424 qni
1185 5366 1241 5410 n'on
1255 5357 1401 5411 mentitur.

228 5445 367 5502 Rhium.
377 5446 555 5517 Aquilionem
565 5445 700 5498 ueritatis.
714 5441 826 5498 Veritas
840 5440 994 5497 secundum
1070 5441 1098 5500 t.
1123 5445 1237 5499 Verbum
1251 5459 1345 5499 suum.
1357 5443 1452 5500 Vitam
1461 5447 1597 5500 aeternam
1614 5443 1698 5514 (quae
1715 5451 1874 5520 promissa

188 5533 335 5608 pietatem,
350 5533 381 5590 id
395 5538 449 5604 est,
455 5533 647 5589 Christianam
664 5531 839 5604 religionem,
851 5535 896 5588 est
906 5532 993 5587 Crea-
1034 5532 1251 5590 etmaniiestata
1260 5533 1316 5605 est)
1326 5532 1395 5590 dicit
1404 5549 1465 5589 esse
1472 5531 1599 5591 Verbum
1608 5531 1668 5590 Dei
1682 5553 1690 5591 :
1709 5537 1776 5609 Epo
1788 5557 1873 5612 sum,

188 5630 282 5682 torem
293 5627 453 5681 creaturam
470 5622 587 5693 laetum,
602 5621 746 5680 hominem
761 5620 925 5694 devirgine
939 5635 994 5677 na·
1032 5621 1135 5696 iuquit,
1150 5625 1206 5688 uia,
1221 5629 1247 5680 et
1259 5625 1361 5680 ueritas
1376 5627 1401 5680 et
1410 5626 1478 5680 uta.
