3872 6162
584 270 665 344 'gitos
673 283 820 359 utriusque
833 303 1077 371 manuadciuch
1089 330 1187 372 onmes
1199 318 1226 372 di

1228 320 1302 392 gitos
1315 324 1453 383 incurves.
1467 331 1521 386 Pro
1535 333 1837 417 signoliogulu.geueruli

579 405 585 424 ,
612 371 721 426 cacteris
744 375 863 440 inflexio.
887 388 941 445 Pro

965 395 1045 466 siguo
1086 407 1240 475 prcemisso,
1258 412 1310 466 hoc
1323 416 1404 482 adde,
1416 425 1447 472 ut
1461 421 1592 492 capillum
1606 425 1657 490 «76,
1671 447 1745 505 super
1758 454 1834 496 aurem
1915 471 1916 474 ¹

249 433 344 484 mattae
366 433 441 499 (73),
465 449 589 510 generali
610 453 690 525 signo
715 461 864 527 herbarum
890 483 1041 554 praemisso,
1085 495 1253 563 pendentem
1265 504 1447 562 cumduobus
1457 509 1552 581 digitis
1562 519 1837 628 apprehendaaproptcr

250 517 388 576 manicam
403 529 511 594 tene,et
525 535 637 609 siguum
654 555 829 620 expendendi
840 563 970 641 adjunge.
1085 580 1140 636 duo
1151 587 1274 650 uonriua,
1292 592 1392 662 quibus
1405 598 1486 652 abbas
1504 609 1618 659 vocatur
1630 615 1657 661 et
1667 611 1837 718 doceamque
1915 639 1916 686 1

549 626 666 688 CAPUT
678 637 735 694 XX.
1084 676 1113 725 et
1123 673 1152 727 S.
1170 675 1336 734 Benedictus
1350 689 1449 740 auctor
1463 691 1567 759 regulae
1578 692 1657 765 hujus
1667 705 1721 754 emt
1731 705 1836 760 etolsror.

1083 759 1138 815 Pro
1152 762 1233 834 signo
1258 767 1408 840 hymnarii,
1427 779 1553 847 generali
1573 785 1705 852 promisso
1723 790 1791 856 adde,
1812 799 1837 850 ut
1915 809 1916 820 ¹

921 835 1041 906 digitum
1082 849 1211 918 pollicem
1227 862 1256 910 ct
1269 857 1390 916 iudicem
1404 863 1508 923 dextra
1520 885 1619 928 manus
1633 876 1769 947 pmlereus,
1780 898 1837 938 sum·
1915 925 1916 958 ,

932 924 973 980 itu
998 929 1041 984 tac
1082 938 1474 1024 mitateseorumcnnJ'ungns,
1493 973 1548 1029 quo
1562 978 1679 1033 presens
1699 971 1836 1040 tcmpusrcl

866 1011 1038 1087 .Prosiguo
1081 1028 1154 1096 quod
1183 1031 1305 1102 primum
1331 1047 1381 1104 est,
1403 1042 1587 1115 significatur,
1616 1059 1644 1108 et
1663 1054 1837 1129 hocsignoad

241 1057 422 1124 responsorii¹
447 1065 565 1125 articulo
588 1075 686 1135 indicis
705 1088 832 1156 pollicem
857 1115 992 1174 suppone,
1010 1115 1038 1165 et
1080 1113 1259 1186 hymnarium
1276 1135 1391 1198 propter
1404 1131 1456 1187 hoc
1477 1135 1568 1191 solum
1594 1140 1699 1198 verbum
1720 1146 1836 1206 intentum

241 1133 337 1194 italae
352 1160 415 1202 eum
437 1156 578 1221 prosilire.
606 1165 660 1221 Pro
682 1173 763 1245 signo
785 1197 882 1243 versus
966 1197 971 1209 '

240 1224 350 1285 minimi
388 1234 393 1246 '
417 1237 446 1250 ““
523 1247 528 1258 ’

276 693 315 748 Dr
327 699 425 766 sipnr's,
437 723 497 776 quc
507 715 544 767 ud
556 719 685 778 divinum
699 731 857 804 obsequium
868 749 1017 810 pertinent.

281 783 295 806 *
308 783 363 840 Pro
379 790 459 862 signo
470 797 606 873 lectionis
625 817 720 872 manui
736 826 765 876 ct
783 831 903 896 pectoris

243 866 364 930 iudicem
388 881 523 958 impinge,
541 899 570 948 at
592 901 738 968 paululum
762 919 913 976 attractum

1231 1407 1267 1446 me
1288 1410 1356 1448 cara
1375 1413 1460 1454 manu
1486 1403 1515 1457 in
1534 1414 1618 1478 ceput
1635 1427 1725 1481 pones,
1746 1422 1837 1488 propter
1915 1495 1916 1500 ἵ

751 1445 829 1519 digiti
845 1461 1035 1535 coniunge,et
1074 1471 1286 1534 similitudinem
1315 1499 1434 1548 coronae,
1460 1506 1544 1560 quam
1572 1511 1619 1550 rex
1638 1499 1705 1553 solet
1726 1508 1834 1602 portare:

746 1534 790 1590 lie.
815 1539 870 1598 Pro
890 1548 970 1620 siguo
990 1557 1034 1612 ln·
1074 1561 1141 1630 quia
1155 1563 1241 1619 David
1254 1576 1352 1625 auctor
1366 1575 1538 1644 psalmorum
1558 1599 1605 1638 rex
1628 1594 1687 1642 erut
1708 1589 1758 1644 Pro
1772 1608 1835 1662 siguo
1915 1619 1916 1638 ἢ

235 1580 484 1656 uoims,poliicem'
496 1611 526 1655 et
540 1604 565 1658 ei
578 1613 734 1678 proximum

750 1627 844 1694 profer
859 1641 1030 1699 summitati·
1041 1631 1062 1690 Β
1073 1648 1136 1704 libri
1149 1655 1359 1728 prophetarum,
1374 1668 1501 1732 generali
1514 1673 1666 1740 praemisso,
1682 1677 1730 1732 hoe
1742 1679 1837 1736 addeut

234 1661 395 1732 buseorum
416 1682 533 1752 junctis,
554 1707 651 1756 contra
673 1722 703 1761 os
727 1727 842 1773 menum
862 1728 980 1798 applico,
997 1751 1030 1790 uc
1072 1753 1187 1796 manum
1209 1743 1343 1803 directam
1360 1753 1456 1808 trahas
1471 1773 1521 1827 per
1534 1761 1649 1832 capillos
1663 1772 1836 1824 contruaurem

237 1487 278 1544 sic
288 1509 388 1563 parum
405 1506 531 1573 pollicem
546 1516 676 1580 deorsum
699 1535 743 1586 tra

1362 2417 1394 2428 ..
1513 2386 1616 2454 ,quod
1635 2388 1834 2459 estsignumin·

547 2427 552 2457 r
595 2449 602 2472 ,
620 2421 649 2467 et
663 2425 773 2486 pectore
788 2443 849 2484 cem
866 2444 1020 2498 amovendo
1064 2448 1215 2508 liruritutis.
1240 2456 1293 2510 l‘ro
1306 2461 1386 2531 signo
1398 2463 1498 2522 Glossu
1518 2469 1534 2480 ''

1502 2486 1545 2535 ru,
1561 2476 1686 2543 generali
1702 2480 1831 2546 promisso,

961 2547 1018 2588 um.
1061 2537 1132 2592 adde
1143 2541 1254 2613 signum
1271 2545 1406 2618 lectionis,
1417 2562 1515 2625 postca
1529 2575 1628 2618 onmes
1639 2565 1736 2636 digitos
1748 2567 1833 2668 dextre

892 2627 1018 2676 ventrem
1060 2623 1192 2684 inunum
1212 2635 1361 2708 conjungo,
1386 2644 1459 2711 quod
1479 2662 1577 2703 omnes
1598 2652 1698 2709 iratres
1716 2654 1834 2757 significat

882 2701 980 2760 ficetur
990 2716 1018 2765 et
1058 2719 1229 2776 convenisse.
1246 2723 1300 2778 Pro
1315 2727 1395 2799 signo
1408 2731 1472 2788 libri
1487 2741 1707 2810 sequentiarum,
1727 2745 1833 2813 generali

606 2767 642 2822 ad
665 2787 696 2826 os
717 2780 836 2848 applica.
861 2788 915 2845 Pro
936 2795 1016 2866 signo
1058 2806 1211 2874 praemisso'.
1237 2812 1348 2885 signum
1370 2819 1441 2875 udde
1460 2823 1601 2898 Martyris.
1622 2831 1675 2886 Pro
1696 2834 1768 2904 signo
1781 2833 1832 2888 libri

623 2511 684 2558 crat
695 2520 862 2578 sursum,sit
876 2523 957 2582 deors

394 2583 561 2644 responsorii
574 2603 579 2648 ς
602 2592 683 2648 trube
698 2613 813 2658 murrum
830 2625 879 2678 per

356 2693 364 2719 ,
380 2660 454 2726 quod
470 2669 581 2726 tractim
597 2677 658 2733 sieri
682 2701 793 2760 semper
806 2693 879 2766 signi

1177 2897 1182 2907 '
1198 2938 1204 2960 ,
1236 2905 1340 2959 enereli
1350 2909 1505 2980 premisso,
1519 2913 1641 2973 iudicem
1652 2921 1832 2992 perobliquuro

1176 3019 1183 3039 «
1225 3006 1239 3043 s
1254 2993 1342 3056 trube,
1357 2996 1551 3058 obtruncatam
1567 3022 1629 3062 rem
1643 3009 1778 3066 simulans.
1788 3011 1832 3066 Pro

1164 3074 1227 3131 libri
1257 3086 1504 3152 consuetudinum,
1540 3097 1667 3164 generali
1696 3100 1829 3170 premisso,

1054 3173 1159 3216 vestem
1175 3173 1273 3222 contra
1295 3180 1392 3240 pectus
1412 3179 1576 3250 comprime.
1598 3186 1653 3241 Pro
1665 3187 1832 3260 siguoperga·

1053 3250 1140 3312 meni,
1156 3253 1237 3325 signo
1249 3262 1376 3327 generali
1390 3264 1525 3323 librorum
1537 3275 1689 3343 praemisso,
1704 3277 1752 3332 boc
1761 3277 1831 3346 addc,

1051 3341 1085 3390 ut
1112 3339 1208 3411 digitis
1237 3347 1385 3421 utriusque
1412 3371 1512 3412 manus
1534 3364 1709 3433 conjunctis,
1732 3382 1830 3466 monum

1001 3461 1008 3486 ,
1051 3431 1147 3485 manui
1165 3433 1355 3498 circumferas.
1379 3445 1452 3514 quod
1468 3447 1552 3504 etiam
1566 3457 1612 3507 est
1629 3453 1735 3525 signum
1749 3472 1830 3526 signo·

1051 3533 1125 3573 rum.
1141 3521 1196 3576 Pro
1215 3525 1295 3596 signu
1306 3531 1403 3588 rotulce
1417 3535 1478 3600 tii),
1491 3537 1613 3609 digitum
1630 3543 1717 3615 digito
1730 3545 1831 3600 circum

1049 3604 1289 3672 mmffims

692 3681 705 3717 r
721 3671 842 3729 medium
857 3681 966 3748 pollicis
980 3695 1009 3742 et
1049 3695 1090 3750 vis
1106 3696 1172 3767 (78),
1188 3701 1293 3773 primos
1312 3710 1445 3768 articulos
1468 3723 1591 3786 quotuor
1605 3723 1751 3794 digitorum
1764 3725 1829 3779 inlit-

686 3753 791 3813 fcrrum
807 3762 930 3826 limando
944 3779 1005 3830 tra-
1048 3788 1102 3842 cte.
1120 3785 1243 3861 itemque
1257 3795 1545 3860 scribentemsimula.
1557 3809 1612 3865 Pro
1622 3812 1829 3886 siguollarlyro·

209 3981 289 4053 signo
303 3988 444 4066 hocuddc,
461 4011 494 4058 ut
508 4008 619 4081 signum
634 4034 664 4071 cr

205 4069 261 4128 Pro
269 4075 448 4148 signotextus
464 4092 637 4177 Evangeliip

206 4157 259 4214 hoc
281 4168 411 4234 adde,ut
430 4179 540 4252 siguum
567 4207 632 4248 cruc

205 4249 286 4323 signo
305 4257 378 4326 libri,
405 4265 434 4320 in
459 4287 520 4342 quo*

1553 4072 1635 4144 signo
1650 4077 1713 4132 libri
1725 4080 1827 4134 secula-

639 4112 763 4169 rsemisso
772 4124 898 4188 generali
911 4127 1001 4200 signo,
1043 4133 1092 4196 ris,
1105 4155 1187 4208 quem
1201 4144 1303 4215 eliquia
1316 4153 1471 4222 composuit
1482 4157 1625 4229 Pogonus,
1637 4168 1757 4236 generali
1770 4184 1828 4239 pnr-

634 4195 657 4250 is
680 4199 766 4258 iacias
780 4205 808 4262 in
831 4211 931 4270 fronte.
948 4219 1002 4274 Pro
1044 4224 1130 4280 misso
1144 4229 1225 4301 signo
1240 4233 1313 4300 libri,
1330 4241 1382 4294 boc
1396 4242 1477 4308 adde,
1502 4254 1535 4302 ut
1551 4265 1652 4308 aurum
1666 4272 1727 4310 cum
1749 4257 1826 4327 digito

1185 4319 1191 4330 '
1210 4327 1241 4376 ut
1254 4325 1331 4381 cauis
1349 4345 1413 4384 cum
1429 4334 1498 4401 pede
1512 4341 1644 4408 pruriens
1664 4345 1746 4412 solet;
1761 4345 1826 4416 quod

200 4787 294 4842 medio
307 4789 407 4852 indicis
431 4803 530 4861 articul

199 4869 265 4927 libri
283 4873 433 4943 Graduulis
446 4893 515 4948 code

234 4999 290 5071 tii)
302 5008 399 5080 illatio,
414 5022 517 5082 storea.
534 5029 611 5096 teges
624 5047 630 5097 ;
655 5031 685 5087 in
706 5039 801 5095 mattis
817 5043 994 5110 dormiebant
1035 5077 1067 5114 ex
1078 5060 1186 5133 integro
1196 5083 1276 5124 rasos
1289 5089 1343 5129 non
1354 5075 1449 5134 fuisse.
1464 5083 1515 5137 cui
1526 5087 1605 5142 udde.
1621 5091 1694 5162 quod
1708 5093 1820 5176 pectines

195 5077 335 5132 monaehi·
1034 5132 1074 5186 eis
1087 5134 1120 5187 ud
1138 5152 1218 5192 usum
1229 5146 1461 5206 concedebantur.
1478 5165 1511 5210 ut
1521 5174 1554 5211 cx
1568 5175 1646 5232 seqq.
1659 5163 1762 5232 patebit

230 5145 284 5226 (lli
301 5149 376 5207 Libri
399 5155 525 5216 Rituales
544 5166 727 5232 Ecclesiastici
744 5197 805 5236 oum
824 5190 989 5264 orationem,

1070 5203 1125 5268 (77)
1140 5209 1241 5266 uotum
1263 5213 1389 5274 Rutulus.
1407 5224 1521 5296 scheda,
1533 5230 1631 5286 charte
1650 5235 1815 5306 inspeciem,

215 5229 257 5268 rire
271 5233 299 5273 m
312 5221 396 5280 ulisse
409 5232 519 5287 curritur
531 5250 597 5294 aute
612 5243 790 5318 ilvangelium
800 5256 828 5312 in
837 5262 991 5332 majoribus
1033 5279 1129 5331 rotata
1143 5294 1191 5333 seu
1207 5289 1272 5338 rota
1285 5291 1441 5348 convoluta.
1512 5311 1516 5318 '

194 5228 272 5341 lestis
288 5293 410 5362 proram,
426 5317 474 5356 seu
490 5307 666 5377 sequentiam
684 5332 790 5379 rorent.

1068 5344 1121 5412 (78,
1142 5353 1243 5418 Breuis,
1258 5355 1456 5432 inventarium,
1472 5367 1570 5426 charta
1589 5376 1736 5434 continens
1747 5379 1816 5434 indi-

232 5357 285 5418 ‹75›
298 5363 415 5431 llcrama,
435 5373 555 5444 lubilus,
574 5385 719 5454 productio
742 5402 842 5454 cantus
861 5402 890 5460 in
910 5409 988 5465 iluali
1030 5426 1171 5482 cemele.

191 5421 287 5484 littera
300 5436 470 5562 antiphone.

1064 5488 1119 5560 (ru)
1131 5493 1310 5572 Analogium,
1324 5503 1475 5578 pulpitum,
1491 5511 1583 5580 umbo.

229 5493 287 5570 (76)
306 5503 345 5559 Ex
382 5513 488 5572 octoco
508 5522 621 5615 colliges
643 5535 844 5602 monachorum
870 5548 984 5630 capillos
