3896 6170
63 307 124 367 1097
570 303 780 363 uousrtrur.
801 302 976 362 mustus.
994 337 1028 348 -
1048 309 1116 365 titt.
1136 309 1172 366 Il.
1623 321 1692 382 1058

61 451 110 490 uon
124 433 217 489 faciat.
230 431 284 496 Qui
298 428 478 502 perseipsum
488 428 556 500 quid
565 428 600 484 de
610 429 785 484 vestimentis
793 429 910 490 suisAa
924 431 1030 486 decano
1043 432 1115 488 villa
1142 435 1251 507 accipit,
1278 441 1307 493 et
1324 440 1376 495 hoc
1401 441 1431 495 in
1455 441 1542 498 iectus
1570 447 1692 504 fratrum

61 523 164 592 laverit,
175 527 204 576 et
226 520 255 574 in
273 520 396 575 claustro
418 533 503 588 super
525 517 679 572 funiculum
696 518 850 590 suspendit,
893 519 981 573 sterni
994 520 1069 574 facit.
1090 523 1153 593 lpse
1167 524 1252 578 etiam
1262 533 1291 581 et
1308 528 1420 597 adjutor
1432 530 1461 583 in
1477 531 1576 602 hyeme
1590 552 1693 608 aquam

61 618 120 668 ante
144 611 333 676 collationem,
363 608 407 663 rel
439 607 462 662 si
488 607 517 661 in
550 609 672 662 crastino
705 607 853 663 duodecim
893 608 1012 662 calidam
1027 610 1062 663 ad
1076 609 1209 667 lavandos
1227 613 1346 670 fratrum
1363 620 1446 688 pedes
1463 629 1525 692 post
1539 627 1693 695 processio.

61 702 198 766 lectiones,
212 705 278 755 ante
286 713 416 770 vesperas
425 696 536 752 auferre
543 696 712 750 meminerit.
723 697 853 750 Froccum
895 713 959 750 nem
975 702 1003 751 et
1016 703 1081 752 ante
1097 701 1259 756 mandatum
1276 706 1402 773 providet
1427 709 1504 763 Inter
1517 717 1616 768 caetera
1629 733 1693 785 por·

62 797 160 856 autem,
178 788 326 853 cucullam,
350 786 576 857 stamineumque
591 791 618 839 et
634 785 789 848 senioralia,
807 801 854 840 ca·
895 785 967 839 tinet
977 786 1012 840 ad
1027 803 1091 840 eum
1111 789 1195 842 etiam
1211 791 1245 844 de
1258 791 1418 860 fullonibus,
1444 798 1562 855 tratrum
1578 803 1695 858 lavanti-

62 880 124 951 ligas
138 878 235 943 etiam,
251 876 301 931 sed
313 891 369 930 non
378 872 771 945 nisiablutasibisuspendere
781 873 853 928 licet.
896 873 948 928 bus
962 891 1078 945 pannos,
1093 883 1122 930 et
1135 884 1167 931 ut
1182 895 1231 949 per
1245 881 1355 935 eosdem
1366 887 1500 941 mensalia
1509 905 1542 942 ae
1553 897 1696 947 manuter-

64 965 271 1039 Coopertorium
284 981 348 1020 vero
362 963 402 1018 ibi
416 963 548 1034 suspendi
559 979 614 1018 non
629 963 704 1016 licet.
896 962 943 1032 gia
957 963 1108 1032 separaum
1124 965 1159 1019 ab
1173 967 1236 1020 aliis
1251 971 1350 1039 piranis
1366 971 1501 1030 laventur.
1517 978 1574 1032 Hos
1582 979 1695 1050 adjutor

95 1055 170 1112 Socci
181 1059 248 1110 sunt
259 1053 298 1108 ibi
312 1052 454 1120 abluendi,
471 1060 500 1106 et
510 1067 595 1123 super
608 1066 726 1122 gramen
741 1050 857 1106 claustri
898 1052 959 1120 ejus
974 1051 1050 1106 omni
1059 1053 1142 1108 tertia
1156 1054 1225 1108 feria
1237 1063 1300 1128 post
1313 1058 1496 1131 Evangelium
1521 1069 1696 1124 matutinalis

65 1146 94 1200 ad
112 1144 274 1200 siccandum
297 1142 430 1213 ponendi.
459 1140 535 1196 Nihil
557 1147 653 1194 tamen
677 1140 803 1194 omnium
827 1139 857 1193 in
898 1139 989 1194 misse
1005 1139 1124 1196 doctrin
1139 1143 1301 1208 claustrum¹
1322 1153 1353 1202 ut
1368 1166 1475 1220 pannos
1490 1153 1608 1210 fratrum
1623 1159 1697 1212 acci-

66 1233 205 1288 duodecim
218 1231 394 1298 lectionibus,
410 1231 452 1284 rel
467 1247 530 1285 cum
546 1230 685 1301 processio
700 1229 803 1300 agitur,
818 1228 856 1282 ibi
897 1228 976 1299 piant
990 1229 1025 1282 ud
1039 1229 1187 1286 lavandum
1201 1234 1235 1288 de
1247 1251 1322 1301 arca,
1339 1235 1368 1292 in
1384 1254 1440 1309 qua
1450 1257 1562 1313 semper
1576 1245 1697 1301 almiri-

66 1329 103 1378 est
114 1320 324 1377 dimittendum.
334 1319 389 1376 Sed
400 1325 428 1374 et
439 1319 491 1374 hoc
501 1319 655 1380 sciendum,
667 1319 739 1391 quod
747 1320 775 1372 in
791 1317 857 1372 dor·
896 1316 949 1371 bus
959 1323 1092 1388 congesta
1103 1319 1294 1377 inveniuntur.
1306 1325 1408 1380 Curam
1420 1345 1531 1401 quoque
1542 1333 1627 1388 habet
1641 1351 1699 1391 non

68 1411 172 1466 mitorio
187 1409 361 1482 coopertoria
376 1407 488 1464 nonnisi
508 1408 590 1462 orlaa
609 1408 719 1462 inversa
729 1413 795 1462 sunt
809 1423 858 1460 su·
898 1405 1042 1460 minimam
1058 1407 1092 1462 de
1102 1410 1231 1464 omnibus
1245 1411 1423 1470 ferramentis
1433 1417 1461 1471 in
1472 1421 1594 1475 claustro
1604 1439 1701 1480 neces·

67 1499 229 1572 spondendo.
248 1499 398 1554 Sciendum
410 1513 531 1569 quoque,
547 1496 622 1568 quod
637 1497 751 1567 adjutor
764 1511 859 1550 came·
898 1494 990 1561 uariis,
1007 1495 1041 1550 de
1051 1497 1165 1551 rasoriis
1181 1499 1308 1568 fratrum,
1322 1511 1349 1556 et
1356 1505 1505 1578 forpribus
1518 1515 1546 1563 et
1561 1509 1699 1568 linteami-

68 1589 126 1643 mrii
137 1588 226 1642 ricem
241 1588 302 1657 ejus
316 1586 452 1652 absentis,
467 1585 524 1640 sive
539 1585 612 1639 infra
625 1583 683 1640 sive
706 1591 783 1639 extra
801 1584 870 1638 cel·⁸
899 1584 982 1639 nibus
996 1585 1031 1640 ad
1042 1601 1170 1641 rasurum
1185 1589 1399 1659 pertinentibus

68 1677 116 1730 lam
129 1675 289 1747 peremnia
302 1675 386 1746 gerit,
400 1673 622 1746 praesentiorem
636 1671 710 1727 infra
721 1671 859 1726 ambitum
1155 1676 1273 1734 unPur
1291 1681 1443 1739 XXXVIII.

68 1766 133 1822 celle
153 1769 277 1820 tantum.
291 1764 377 1819 Extra
390 1762 466 1818 enim
485 1763 598 1834 prodire
624 1777 679 1816 non
705 1761 892 1838 praesumit,3
1084 1763 1121 1819 Dc
1134 1767 1224 1833 fratrc
1238 1771 1289 1836 qui
1301 1777 1390 1826 seruat
1405 1778 1515 1829 rasoria

69 1853 115 1908 uisi
126 1855 217 1924 major
228 1852 357 1923 jusserit.
938 1853 949 1876 '
963 1852 1006 1906 nd
1019 1853 1190 1909 rasoriorum
1201 1859 1356 1912 custodiam
1377 1862 1535 1932 specialiter
1553 1883 1626 1922 unus
1646 1868 1701 1924 fra-

98 1942 212 2006 Qoando
226 1941 329 1996 fratres
343 1940 455 2003 exituri,
469 1941 513 1996 vei
527 1939 563 1994 de
575 1939 677 1995 itinere
700 1939 860 2003 redeuntes,
902 1945 946 1995 ter
959 1941 1110 2012 deputatus
1123 1949 1175 1997 est.
1192 1944 1243 1999 llic
1256 1963 1290 2000 ea
1311 1957 1405 2004 servat
1422 1952 1449 2006 in
1464 1953 1575 2019 scrinio,
1592 1958 1702 2013 modico

71 2029 284 2086 benedictionem
308 2029 457 2101 accipiunt,
471 2028 546 2083 idem
573 2029 687 2100 adjutor
713 2028 862 2099 diIIgenter
903 2029 1026 2100 quidem,
1050 2032 1110 2100 (uu.
1137 2033 1209 2102 ναν.)
1232 2035 1352 2090 sedscra
1370 2040 1491 2106 firmato,
1504 2044 1578 2114 quod
1589 2047 1704 2117 ponitur
1776 2033 1779 2044 ¹

71 2119 143 2174 debet
156 2119 327 2192 prospicere,
343 2118 391 2190 qui
411 2119 454 2173 vel
474 2123 543 2188 quot
566 2117 667 2172 fratres
696 2117 863 2172 benedictio-
903 2134 983 2173 secus
998 2119 1144 2178 introitum
1160 2119 1317 2178 dormitorii
1333 2132 1478 2186 sursum*
1496 2131 1594 2187 Servat
1606 2140 1633 2188 et
1647 2135 1702 2190 lin.

72 2225 127 2262 nem
138 2208 288 2280 accipiant.
301 2213 334 2262 ut
348 2207 382 2262 de
395 2207 474 2262 lectis
489 2206 561 2261 sciat
574 2207 714 2262 ordinare.
732 2206 863 2261 Proridrt
903 2213 959 2276 tea,
976 2207 1079 2262 ibidem
1094 2209 1177 2264 etiam
1190 2211 1298 2282 jugiter
1307 2231 1453 2286 suspensa,
1466 2213 1589 2290 quiante
1596 2228 1654 2279 tres
1661 2226 1704 2280 vel

73 2313 182 2369 qnoque,
197 2302 230 2351 ut
244 2297 273 2350 ln
283 2295 449 2352 dormitorio
467 2295 619 2350 honestiori
644 2297 714 2356 loco,
744 2295 787 2349 rel
806 2295 861 2350 duo
903 2297 1092 2368 quatuordies
1105 2315 1211 2354 casuue
1223 2301 1355 2357 scrinium
1373 2312 1465 2376 portat
1489 2309 1518 2364 ln
1538 2311 1704 2379 claustrum,

74 2387 128 2440 lecti
149 2390 265 2458 propter
286 2385 409 2456 hospites
429 2401 541 2455 semper
561 2383 619 2439 elnt
639 2384 749 2455 parati3
774 2384 864 2438 Nemo
905 2385 973 2441 etia
986 2403 1042 2442 una
1057 2395 1137 2459 parte
1156 2389 1234 2444 sedet
1254 2399 1334 2447 extra
1360 2403 1537 2464 conventum,
1551 2417 1649 2458 versus
1668 2403 1704 2458 ad

75 2475 146 2530 debut
155 2492 186 2530 su
198 2481 309 2530 mutare
324 2473 359 2528 db
373 2475 444 2528 lecto
460 2473 490 2527 in
502 2473 616 2536 lectum·
629 2474 671 2528 vel
686 2479 792 2528 vertere
800 2471 864 2526 lecti
905 2475 1007 2530 ostium
1022 2477 1136 2544 cellarii,
1148 2478 1209 2548 lpsa
1224 2482 1330 2536 rasoritr
1343 2486 1469 2540 actrendo
1484 2493 1511 2541 et
1524 2491 1706 2562 praeparando

73 2571 147 2635 caput
163 2565 193 2620 iu
217 2563 304 2618 aliam
332 2569 441 2634 partem
481 2561 542 2617 sine
567 2562 628 2632 ejus
654 2562 786 2616 licentia:
812 2560 863 2616 sibl
905 2564 941 2618 ad
957 2565 1103 2636 hocopus,
1120 2569 1406 2638 prseteraliashoraa
1432 2575 1532 2646 quibus
1554 2587 1706 2636 conventus

73 2659 173 2708 tantum
192 2653 258 2708 licet
272 2653 302 2707 in
315 2652 480 2706 dormitorio
501 2650 661 2722 hujusmodi
685 2651 785 2706 facere.
802 2651 865 2721 lpse
906 2653 935 2707 in
949 2653 1070 2708 claustro
1086 2655 1164 2709 sedet
1171 2656 1210 2708 ab
1220 2657 1334 2714 missam
1346 2664 1554 2720 matutinalem:
1567 2675 1708 2726 notamen

75 2741 176 2796 etiamsi
190 2748 234 2798 est
247 2741 411 2814 impeditus
427 2757 483 2796 non
497 2739 536 2794 ibi
560 2740 659 2806 deerit,
682 2739 729 2794 ubi
746 2739 864 2811 quisque
905 2741 1053 2796 offerendae
1067 2742 1149 2803 desit,
1165 2744 1238 2798 sieut
1251 2763 1302 2800 nec
1316 2749 1475 2821 quisquam,
1492 2754 1707 2824 quiestInclau·

76 2831 200 2896 exiturus,
216 2831 385 2886 vestimenta
404 2845 457 2884 sua
479 2829 632 2900 componit,
656 2829 805 2900 providens
829 2843 865 2882 ne
906 2835 974 2894 stro,
991 2831 1066 2902 etad
1078 2831 1202 2886 otilcium
1215 2835 1409 2892 defunctorum
1425 2847 1488 2910 post
1501 2846 1559 2896 tres
1573 2844 1707 2900 lectiones

76 2920 130 2990 plus
143 2920 248 2976 eisdem
260 2919 433 2975 nocumentis
445 2935 540 2974 secum
554 2918 671 2985 deferat,
689 2934 774 2990 quam
797 2933 866 2973 usus
906 2919 1125 2976 liceteivacaro.
1143 2921 1215 2977 lluic
1242 2923 1338 2990 etiam,
1366 2925 1389 2980 si
1418 2944 1487 3000 opus
1515 2936 1567 2999 est,
1595 2933 1709 3004 adjutor

77 3015 101 3062 et
110 3009 258 3064 necessitas
271 3009 405 3080 postulat.
908 3007 1001 3064 datur.
1046 3071 1048 3074 ,

108 3099 179 3155 Scire
205 3097 290 3154 debet
306 3097 488 3165 camerarius,
512 3097 587 3170 quod
607 3097 697 3174 frater
720 3095 899 3158 dimidiumc
1176 3099 1302 3157 CAPUT'
1318 3103 1441 3160 XXXIX.

79 3203 172 3242 annum
185 3187 228 3242 vel
242 3187 345 3254 minus,
361 3186 406 3241 hic
434 3186 464 3240 in
485 3185 657 3241 monasterio
673 3191 724 3240 aut
747 3185 774 3238 in
801 3183 871 3238 cella
1160 3189 1197 3244 fle
1212 3205 1313 3246 rasura
1323 3195 1458 3260 fratr-ara.

79 3275 162 3348 aliqua
181 3280 382 3340 commoratus,
396 3291 488 3346 neque
510 3275 576 3330 hinc
604 3275 783 3344 illuc,nequc
805 3272 872 3328 inde
950 3276 1092 3343 (uallium
1101 3277 1135 3331 ad
1143 3278 1195 3332 hoc
1203 3285 1316 3334 rentum
1326 3281 1420 3348 fuerit,
1428 3290 1560 3341 etrasura
1569 3290 1710 3359 generalis

80 3365 126 3418 huc
133 3366 213 3436 iuxta
226 3364 407 3420 festivitatem
422 3365 451 3419 S.
463 3362 606 3420 Michaelis
619 3379 704 3418 causa
720 3360 871 3434 hyemandi
913 3365 972 3429 frat,
989 3381 1120 3434 percussa
1134 3365 1230 3421 tabula
1241 3368 1269 3422 ln
1283 3370 1415 3441 capitulo,
1427 3380 1455 3427 et
1465 3375 1531 3430 data
1545 3377 1657 3433 licentia
1672 3379 1711 3434 lo·

79 3455 115 3507 rel
127 3455 160 3509 de
171 3459 273 3510 caetero
287 3453 471 3526 permanendi
482 3469 515 3508 ex
524 3452 726 3508 consuetudine
736 3451 867 3517 mittitur,
910 3453 1014 3525 quendi
1023 3453 1171 3521 derasum,
1183 3459 1487 3532 exeuntesdecapitulo
1495 3463 1600 3521 faciunt
1610 3467 1711 3524 fratres

80 3543 125 3597 nisi
137 3542 321 3606 indumentis,
338 3559 400 3614 quae
414 3559 447 3598 eo
458 3549 585 3613 tempore
595 3541 729 3596 fratribus
743 3555 869 3595 commu·
911 3542 991 3614 quasi
1001 3542 1071 3597 duas
1082 3543 1170 3598 lineas
1180 3546 1305 3610 sedendi,
1321 3549 1426 3605 seilicet
1440 3553 1475 3606 ad
1486 3555 1624 3610 cancellos
1638 3557 1712 3612 clau·

81 3631 144 3686 niter
151 3637 305 3704 erogantur
314 3647 393 3703 aeque
405 3637 433 3686 et
446 3631 505 3703 ipse
517 3631 661 3685 vestiatur.
671 3629 782 3695 Quodsi
793 3628 871 3700 prior
913 3630 974 3694 stri,
991 3637 1020 3684 et
1029 3647 1115 3702 prope
1127 3649 1250 3700 murum,
1259 3637 1451 3708 unusquIsque
1467 3639 1603 3696 Ineodem
1614 3644 1712 3700 ordine

81 3721 109 3774 ad
121 3721 218 3776 cellam
228 3721 393 3791 neglexerit,
409 3725 438 3775 et
450 3719 570 3774 fratrum
580 3719 703 3790 aliquem
714 3719 788 3773 circa
798 3725 871 3774 tem·
916 3735 970 3788 quo
986 3727 1015 3772 et
1036 3719 1065 3773 in
1089 3721 1211 3790 capitulo
1227 3737 1233 3772 :
1251 3723 1262 3746 ·
1277 3723 1328 3778 hoc
1354 3735 1494 3796 calventes,
1509 3745 1545 3783 ne
1566 3731 1628 3802 quis
1652 3731 1714 3797 alii,-

80 3825 124 3880 pus
143 3811 319 3882 praedictum,
350 3808 492 3864 veteribus
513 3815 542 3864 et
572 3809 676 3864 attritis
703 3808 874 3862 vestimentis
916 3807 1078 3878 priusquam
1095 3809 1332 3881 sederitsIgnum
1352 3815 1468 3870 radendi
1483 3817 1576 3874 faciat.
1596 3820 1713 3889 (nullu

81 3899 199 3954 indutum
214 3900 269 3954 huc
283 3897 481 3964 transmiserit,
495 3897 541 3952 hic
556 3913 574 3952 a
588 3898 692 3953 dornno
705 3895 815 3964 abbate,
832 3898 875 3951 rel
916 3911 971 3950 una
986 3896 1060 3950 linea
1074 3913 1091 3950 a
1105 3898 1237 3968 praedicto
1250 3900 1345 3967 fratre,
1358 3902 1385 3956 in
1402 3905 1491 3958 altera
1508 3922 1571 3960 vero
1592 3907 1626 3962 ad
1651 3910 1712 3979 ejus

82 3988 162 4057 priore
176 3987 608 4061 eo,undevenit,sicutdictum
637 3994 689 4056 ost,
715 3987 875 4042 vestiendus
915 3985 1045 4054 adjutore
1060 3985 1178 4055 siugulis
1190 3987 1322 4042 fratribus
1337 3991 1448 4061 singula
1468 3991 1573 4048 dantur
1592 3997 1710 4051 rasoria.

81 4077 236 4143 remittitur,
249 4083 279 4131 et
293 4076 317 4131 si
334 4075 424 4131 visum
435 4075 529 4143 fuerit,
546 4076 639 4131 denuo
664 4076 756 4130 redire
775 4075 872 4147 praeci-
913 4073 1042 4128 Scutellre
1056 4079 1150 4127 autem
1163 4073 1381 4132 noviterablutae
1397 4096 1447 4150 per
1459 4081 1712 4154 eleemosynarium

82 4165 157 4235 pitur.
186 4165 367 4222 Camerarius
386 4165 518 4237 profatus
539 4163 622 4220 debet
643 4165 729 4220 etiam
749 4164 785 4219 ad
803 4180 872 4235 opus
913 4161 1128 4225 dittribuuntur,
1141 4160 1212 4217 binis
1227 4169 1255 4218 et
1268 4163 1340 4220 binis
1351 4165 1477 4237 singular,
1492 4185 1508 4222 a
1523 4169 1583 4224 loco
1599 4188 1650 4225 suo
1661 4188 1711 4227 ne-

82 4252 268 4310 itinerantium
280 4253 402 4308 fratrum
416 4269 520 4325 cappas
536 4259 565 4308 et
579 4253 716 4318 fasciolas,
741 4253 872 4318 calearia,
914 4265 1054 4322 quaquam
1065 4267 1095 4304 se
1111 4251 1294 4320 moventibus,
1312 4255 1360 4308 sed
1372 4257 1713 4330 cumdiscipliaaprmsto-

33 4359 36 4368 ·
83 4343 256 4406 chirothecas,
273 4347 303 4398 et
319 4342 454 4414 cingulo;
479 4343 515 4397 ad
536 4359 606 4415 opus
620 4359 685 4398 vero
707 4342 872 4412 clericorum
913 4338 1046 4404 lantibus,
1064 4340 1230 4410 usquedum
1246 4341 1281 4396 ad
1304 4359 1334 4397 se
1354 4345 1481 4412 veniat,'
1506 4348 1553 4419 qui
1579 4349 1713 4406 scutellas

81 4431 225 4504 hospitum,
240 4432 291 4504 qui
302 4431 341 4502 {iu
360 4431 507 4488 refectorio
529 4431 682 4504 aliquando
708 4430 868 4486 comedunt.
879 4417 903 4476 1)
914 4428 955 4482 rel
970 4428 1077 4483 rasoria
1094 4433 1196 4500 portat.

82 4521 270 4592 superpellicia
296 4525 435 4592 quotquot
462 4525 529 4575 sunt
556 4519 723 4586 necessaria,
759 4521 873 4577 ostiaria
950 4516 1283 4573 Providetautemcustos
1293 4521 1474 4589 rasoriorum,
1488 4525 1639 4582 utInterim
1657 4528 1711 4584 lin-

82 4609 149 4664 dam,
165 4611 244 4666 Nulli
257 4609 334 4664 enim
347 4609 483 4675 litterato,
499 4609 554 4664 nisi
573 4608 693 4664 clericali
705 4609 873 4666 uestimento
914 4605 1714 4682 teudistribuantur.VerumpriusquamsedendoetIncli-

81 4695 295 4756 indutussitin
322 4696 470 4752 refectorio
498 4697 563 4751 licet
591 4697 746 4752 comedere.
771 4698 874 4753 Vetera
914 4693 1712 4772 nandoquisquesibidatasusceperit,apportatlexiviam

81 4801 184 4858 quoque
196 4787 317 4841 fratrum
331 4785 499 4840 vestimenta
512 4785 609 4840 usibus
623 4801 722 4841 eorum
737 4801 793 4840 non
807 4793 875 4859 apta
914 4799 976 4854 quae
989 4789 1140 4854 antequam
1150 4783 1310 4854 pulsaretur
1320 4786 1355 4840 ad
1370 4788 1535 4858 capitulum,
1546 4791 1714 4865 incongruis

82 4873 178 4946 lsiquae
192 4881 288 4930 tamen
306 4873 443 4931 fratribus
465 4873 650 4949 exterioribus
671 4875 871 4946 superfuerint)
913 4871 991 4936 locis,
1004 4887 1060 4926 non
1076 4877 1170 4926 tamen
1185 4879 1251 4928 ante
1264 4873 1337 4929 fores
1352 4877 1485 4946 ecclesiae,
1500 4883 1648 4937 camerarii
1664 4883 1713 4940 ad·

81 4963 243 5036 pauperibus
256 4963 460 5030 distribuenda,
478 4962 529 5019 dat
535 4963 757 5035 eleemosynario
767 4983 774 5030 3
784 4979 874 5019 arma·
910 4961 1180 5032 jutoreproourante
1190 4964 1281 5033 postte
1291 4969 1344 5034 est,
1355 4965 1390 5019 nd
1399 4967 1554 5025 radendum
1565 4987 1595 5024 se
1607 4988 1713 5044 prapa-

81 5050 114 5105 rio
127 5053 214 5108 etiam
227 5053 323 5125 pelles,
340 5052 455 5120 cultros,
471 5057 500 5107 et
517 5053 635 5116 colores,
655 5059 684 5106 et
701 5069 874 5124 quaecunque
914 5050 1712 5130 ratsednulluscaputsuumpriushumectat,quampsal·

81 5139 109 5192 ud
121 5141 210 5196 libros
221 5140 409 5197 conficiendos
423 5145 490 5195 sunt
502 5140 661 5196 necessaria
673 5159 679 5208 3
695 5140 874 5196 refectorario
916 5139 1274 5206 nrodtaincnoaturmultus
1284 5159 1395 5214 quoque
1403 5150 1468 5198 ante
1477 5147 1579 5200 ostium
1589 5148 1710 5202 ecclesia

83 5243 184 5302 quoque
203 5231 239 5285 ad
249 5247 320 5302 opus
330 5229 427 5285 domni
436 5229 546 5284 abbatis
561 5235 591 5284 ot
604 5229 747 5300 hospitum
760 5229 789 5284 in
801 5231 876 5285 refe·
917 5228 961 5280 rel
971 5233 1037 5282 ante
1047 5228 1200 5298 capilulum
1215 5231 1264 5284 sed
1275 5232 1310 5285 ad
1326 5233 1491 5296 radendum,
1512 5235 1534 5287 sl
1550 5235 1617 5288 alibi
1633 5242 1710 5307 patet

84 5319 159 5373 utorio
168 5319 388 5384 comedentium,
412 5318 467 5374 duo
479 5317 578 5374 bacirta
592 5333 654 5373 cum
674 5320 869 5390 rrrttnutergi03
916 5315 1708 5390 spatium.(un.)Quisquisraditalterum,froccumexuit.

85 5413 253 5477 etprreterea
271 5407 429 5464 infirmario
451 5407 507 5462 alia
537 5407 593 5463 duo
622 5405 721 5462 bacina
743 5407 778 5462 ad
805 5425 876 5479 opus
916 5406 1211 5473 ariomanitarum
1236 5407 1284 5478 qui
1314 5425 1376 5464 vero
1406 5410 1523 5476 raditur,
1547 5411 1657 5467 raditur
1679 5415 1709 5470 in

86 5493 253 5551 intirmorum
266 5497 297 5552 in
310 5495 422 5551 lectulis
433 5496 600 5566 jacentium.
915 5496 1007 5550 frocco
1026 5512 1087 5558 suo,
1102 5499 1210 5552 cuculla
1222 5503 1316 5562 exuta,
1340 5502 1368 5552 et
1387 5515 1473 5572 prope
1496 5515 1526 5554 se
1545 5504 1709 5573 composita.

114 5580 146 5640 lu
158 5584 314 5642 Nativitote
328 5585 495 5642 Sanctorum
507 5583 623 5642 loannis
633 5589 662 5640 et
674 5586 755 5643 Pauli
767 5587 873 5643 foenum
916 5584 996 5651 Quod
1011 5583 1035 5642 si
1050 5584 1122 5643 forte
1135 5603 1186 5660 pro
1199 5586 1550 5662 lexiriafulmquacalida]
1559 5596 1714 5662 perrexerit

197 5683 331 5747 Parnon.
354 5683 413 5746 ct.
1556 5685 1595 5748 35
