3970 6172
236 371 307 434 1119
940 374 965 429 J.
986 371 1174 430 secuntus.
1803 370 1860 430 im

234 499 264 556 id
274 498 477 573 pmvidendum
491 504 542 564 est,
559 504 592 555 ut
600 500 630 556 in
640 501 730 556 acutis
743 498 863 554 maxime
872 501 1029 560 versentur,
1039 502 1121 562 Aeos
1135 512 1150 551 a
1162 495 1241 550 finali
1254 495 1352 550 crebro
1366 511 1418 567 per
1427 495 1858 568 diapentedeponietelerari,iu

237 593 266 644 et
278 593 427 660 postquam
441 587 471 641 in
487 586 586 658 quinta
600 605 617 642 a
637 589 714 643 iinali
728 588 771 643 bis
786 588 828 642 vel
841 593 884 641 ter
899 601 1031 656 pausave-
1073 585 1157 640 tertio
1172 585 1200 639 id
1213 584 1407 640 inconcinnius
1423 591 1475 648 est,
1488 585 1539 640 sed
1553 586 1581 641 in
1593 586 1692 659 quinto
1706 587 1860 643 decentissi-

234 674 303 739 rint,
326 674 440 728 dualem
461 675 626 746 requirunt3
644 693 798 748 rursusque
814 674 850 729 ad
873 674 1032 746 superiores
1073 690 1162 728 mum.
1189 674 1221 729 lu
1247 689 1302 745 quo
1323 680 1353 728 et
1374 674 1427 728 hoc
1448 675 1561 730 ornatui
1585 680 1638 740 eet,
1660 675 1683 729 si
1705 675 1859 747 plerumque

234 762 394 819 festinando
412 778 442 818 se
456 764 637 832 transferant,
663 765 730 837 quie
754 765 830 819 sicut
839 762 1031 833 subjugalium
1073 770 1172 816 cantus
1187 762 1247 831 ejus
1267 779 1285 817 a
1308 762 1385 816 finali
1401 779 1452 834 per
1465 763 1605 827 ditonum,
1621 770 1650 819 et
1669 763 1859 819 semiditonum

235 855 279 906 est
287 850 408 905 maxime
418 850 447 903 in
456 851 598 921 gravibus,
609 853 650 908 ita
659 855 857 908 authentorum
875 851 1032 905 mesiinein
1073 857 1180 921 surgat,
1204 857 1237 905 ut
1257 855 1335 922 patet
1355 851 1385 906 in
1403 853 1469 906 Ant.
1492 855 1680 920 Pcpcnorum.
1698 853 1758 908 lloc
1771 858 1857 908 autem

233 939 326 995 acutis
338 939 506 994 conversari.
524 939 613 1011 Hujus
634 958 700 997 vero
720 940 850 1013 praecepti
871 941 1030 1012 exemplum
1071 939 1291 1011 praeceptumde
1307 939 1434 1010 utrisque
1456 939 1576 995 breviter
1598 941 1708 1004 demus,
1726 948 1760 996 ut
1770 947 1859 996 cantus

234 1026 323 1083 habes
335 1026 364 1082 in
379 1028 432 1082 hec
445 1027 561 1098 Antiph.
577 1031 741 1084 Muneribus
764 1031 846 1083 dotis,
872 1027 1031 1084 Observan-
1072 1026 1261 1098 subjugalium
1278 1034 1308 1083 et
1324 1027 1399 1084 insra
1410 1029 1524 1084 dualem
1539 1036 1568 1084 et
1581 1046 1666 1101 supra
1680 1029 1810 1101 quintam
1821 1047 1859 1086 rs·

234 1115 303 1172 dum
313 1115 399 1171 etiam
414 1115 448 1170 de
460 1115 602 1187 diapente,
617 1118 690 1172 utin
705 1117 827 1172 melodis
841 1116 1032 1188 subjugalium
1072 1115 1185 1171 rissime
1195 1116 1353 1188 contingat:
1362 1117 1684 1190 infrapropternimiam
1691 1119 1857 1191 gravitatem,

234 1221 254 1261 a
266 1204 345 1262 duali
360 1220 507 1276 nunquam
519 1206 729 1278 ad⁸superiores
742 1206 839 1274 saliat;
856 1206 1031 1262 diatessaron
1073 1220 1159 1276 supra
1170 1213 1287 1277 propter
1300 1205 1417 1261 nimiam
1425 1207 1620 1274 sonoritatem,
1630 1221 1665 1264 ne
1675 1208 1811 1264 authento
1819 1209 1860 1264 tri·

233 1310 301 1350 vero
314 1309 400 1365 supra
414 1298 442 1348 et
453 1292 528 1348 infre
540 1293 627 1349 libere
641 1295 700 1348 fiat.
709 1295 808 1359 Quarti
822 1301 919 1350 tamen
932 1300 1032 1350 cantus
1071 1291 1185 1350 buatur.
1201 1295 1308 1349 Cantus
1323 1311 1388 1350 vero
1399 1295 1608 1368 principalium,
1620 1297 1644 1352 si
1654 1313 1711 1352 nou
1721 1297 1759 1353 sit
1767 1297 1857 1367 quinti,

234 1399 287 1456 per
300 1382 432 1454 diapente
456 1382 660 1454 competentior
683 1399 768 1455 quam
787 1400 839 1455 per
857 1383 1032 1440 diatessaron
1072 1382 1108 1437 ad
1122 1382 1280 1454 proximam
1294 1384 1373 1438 finali
1387 1385 1612 1456 deponatur:ad
1631 1391 1760 1442 octavam
1773 1391 1860 1442 autem

235 1470 321 1538 cedit,
344 1474 374 1524 et
401 1469 534 1540 resurgit.
555 1471 613 1526 Nec
632 1470 746 1537 mirum,
768 1487 832 1526 cum
851 1478 880 1527 et
904 1471 1032 1543 magistri
1072 1477 1132 1527 tam
1147 1472 1262 1544 quintus
1276 1489 1361 1544 quam
1377 1473 1426 1528 alii
1441 1473 1611 1547 principales
1626 1479 1758 1546 potenter
1770 1490 1859 1530 asceu-

233 1559 322 1631 hujus
335 1557 483 1613 harmonia
503 1559 605 1631 sapius
617 1563 645 1615 et
658 1559 761 1614 melius
776 1560 929 1616 adsertam
946 1577 1031 1632 quem
1073 1561 1151 1626 dant,
1160 1561 1210 1616 sed
1220 1561 1372 1617 nonamvel
1381 1561 1519 1618 decimam
1533 1562 1677 1620 rarissime
1691 1564 1859 1636 contingauq

234 1647 271 1704 ad
286 1647 415 1720 quintam
435 1646 600 1702 intendatur
623 1652 651 1703 et
673 1648 846 1704 remittatur.
869 1650 1031 1705 Notandum
1072 1649 1187 1722 quodie
1201 1649 1260 1706 hec
1273 1651 1364 1722 figura
1377 1651 1536 1708 luculenter
1552 1652 1659 1708 edocet.

234 1734 1029 1810 quoque,quodiucantibusauthentorumplurimumsit,

261 4458 550 4520 Animadvertendum
568 4463 714 4532 praeterea,
734 4453 809 4530 quod
827 4456 981 4512 maximam
995 4451 1192 4522 infiscendat,
1219 4465 1270 4524 per
1297 4449 1411 4508 easdem
1435 4450 1533 4507 statim
1559 4447 1702 4518 ascendat,
1729 4455 1765 4506 ut
1790 4447 1871 4505 hic:
1974 4467 1975 4474 ι

176 4579 179 4586 ·
226 4557 312 4608 cautu
324 4550 532 4622 iucunditatem
551 4547 658 4603 faciunt
683 4548 744 4603 ista
758 4547 821 4602 dum
835 4544 1026 4601 consonantias
1067 4543 1229 4614 agel'ge

226 4639 401 4694 diatessaron
426 4643 455 4693 et
479 4637 620 4709 diapente,
646 4636 670 4691 si
695 4634 894 4690 convenienter
913 4634 943 4688 in
967 4632 1025 4688 suis
1067 4634 1170 4687 deruit
1185 4631 1282 4685 diutina
1297 4631 1472 4687 renotatione.
1496 4627 1817 4684 luminosissimus
1841 4629 1873 4684 iu

225 4725 495 4799 lociedispoaantur3
502 4725 649 4797 pulchrum
656 4721 1022 4795 namquesonumreddunt,
1066 4726 1151 4776 cantu
1166 4735 1251 4774 sonus
1264 4723 1316 4784 est,
1330 4717 1355 4773 si
1367 4717 1543 4773 diatesseron
1557 4717 1701 4773 interdum
1720 4717 1763 4774 ita
1782 4718 1874 4772 varie-
1974 4765 1975 4806 ᾖ

225 4818 251 4874 si
268 4816 387 4871 remissa
408 4815 588 4887 aliquotiens,
611 4813 708 4868 statim
731 4812 761 4867 in
782 4811 887 4867 eisdem
910 4809 1023 4866 vocibus
1065 4813 1162 4873 tur,ut
1173 4807 1358 4864 semiditonus
1367 4805 1411 4862 rel
1420 4807 1533 4862 ditonus
1545 4822 1621 4862 nunc
1630 4805 1786 4878 pracedat,
1795 4821 1874 4863 nuuc
1974 4813 1975 4820 ’

225 4906 380 4974 deventum
389 4902 629 4976 quemadmodum
638 4902 752 4974 patetin
761 4901 869 4973 antiph.
878 4900 1022 4955 Voncault.
1065 4896 1264 4970 subsequatur,
1276 4901 1309 4952 ut
1322 4897 1376 4952 hoc
1390 4895 1517 4968 exemplo
1532 4895 1715 4951 manifestum
1727 4901 1775 4952 est
1788 4913 1796 4950 :

226 4995 430 5052 Verumtamen
454 4992 629 5047 diatessaron
650 4989 740 5044 multo
762 4989 915 5045 dulciorem
934 4988 1024 5044 melo-
1100 4988 1186 5043 Hodie
1196 5001 1291 5055 proces
1328 5014 1342 5026 -
1380 5011 1394 5026 -
1431 4988 1467 5039 u't
1479 4984 1518 5038 od
1532 4989 1637 5040 ortum.

224 5085 299 5142 diam
310 5084 428 5157 incitet
437 5079 558 5136 maxime
567 5080 597 5134 in
611 5079 747 5134 authento
761 5078 888 5144 dentem,
900 5077 926 5132 si
936 5076 1024 5132 inter·
1066 5075 1139 5131 Sunt
1151 5080 1180 5130 et
1189 5073 1251 5130 alies
1264 5073 1427 5129 modulandi
1441 5073 1548 5144 species
1557 5074 1779 5145 quamplurimae
1790 5091 1873 5147 egre·

224 5173 291 5231 dum
301 5177 346 5228 ter
355 5171 398 5226 vel
413 5175 523 5242 quater,
533 5167 578 5222 rel
587 5182 620 5223 en
630 5165 753 5238 amplius
764 5167 838 5222 varie
848 5166 1024 5238 repercutia—
1063 5164 1127 5236 gin,
1144 5179 1215 5236 quas
1229 5177 1336 5227 omnes,
1358 5177 1394 5218 ne
1412 5160 1528 5218 taedium
1544 5161 1638 5232 potius
1657 5179 1743 5234 quam
1759 5163 1875 5218 doctu-
1974 5241 1975 5246 ἵ

222 5259 471 5320 terminationes
481 5258 567 5329 hujus
585 5256 745 5328 antiphonae
759 5273 765 5310 :
780 5256 964 5324 Oploriorum
982 5257 1023 5310 lu·
1064 5269 1130 5309 nam
1151 5251 1303 5308 lectoribus
1316 5250 1490 5322 ingeramus,
1512 5265 1645 5304 essartare
1666 5266 1724 5306 uon
1739 5257 1871 5323 oportet.
1974 5299 1975 5310 ,

222 5367 299 5422 nun,
312 5349 385 5406 bene
399 5346 589 5404 consideranti
603 5345 694 5417 liquet
704 5345 757 5400 hoc
770 5344 854 5399 modo
866 5344 939 5412 l¹⁵l²
1063 5341 1170 5397 Cantus
1184 5343 1277 5394 autem
1293 5337 1455 5408 hujusmodi
1471 5337 1571 5392 musici
1586 5343 1732 5394 accuratos
1750 5347 1871 5407 vocant,

330 5439 399 5506 Oscos
413 5439 503 5506 sensti
514 5437 639 5491 ueritatis
652 5438 747 5489 lumen
757 5447 911 5502 cynnama
1063 5429 1138 5501 quod
1152 5430 1181 5485 in
1201 5444 1297 5483 eorum
1313 5426 1515 5494 compositione
1529 5441 1598 5480 cure
1610 5425 1797 5483 adhibeatur.
1813 5431 1875 5486 Hos
1974 5479 1975 5486 ,

256 5529 328 5587 Item
344 5527 473 5600 pulcrum
488 5531 541 5593 est,
557 5524 581 5578 si
599 5539 651 5595 per
668 5539 739 5594 quas
759 5526 840 5577 notas
854 5520 1019 5577 neumsde·
1060 5519 1146 5576 etiem
1164 5519 1297 5574 metricos
1311 5533 1361 5590 per
1377 5515 1590 5572 similitudinem
1612 5516 1769 5590 appellant,
1788 5519 1872 5590 quod
1974 5587 1975 5604 ξ

258 5685 313 5760 (15)
327 5685 437 5745 Desunt
450 5689 525 5744 note
539 5681 660 5744 musice.
