4046 6186
167 349 233 408 isui
708 367 711 374 ⁴
814 335 907 407 arra
925 349 954 406 s.
974 341 1149 409 narrati.
1732 340 1804 404 tana

165 479 297 548 parentes
306 491 384 532 meos
398 476 544 555 superhoc
554 475 711 532 mehebess
720 481 881 532 excusatum
908 477 961 531 »Ea
972 477 1048 536 Ater
1062 459 1122 530 ilerd
1137 459 1256 539 ridetur,
1267 474 1348 550 jugis
1361 481 1390 530 et
1402 473 1513 532 infinita
1524 473 1699 547 disceptatio.
1716 471 1803 530 Rixa-

164 561 293 619 decausa
304 564 432 620 fortassis
441 565 574 619 remorari
586 564 726 637 cupiebat,
743 581 797 638 quo
805 566 864 635 jara
875 563 966 619 dictus
1006 565 1110 620 lrautur
1120 565 1262 619 multoties
1274 581 1292 619 a
1304 581 1387 619 mane
1397 583 1487 636 usque
1500 565 1535 619 ad
1551 581 1704 636 vesperam.
1720 569 1748 618 et
1763 567 1805 632 lut

163 670 250 724 eques
271 653 298 708 in
319 653 370 708 bac
393 653 581 708 remoratione
600 655 714 724 longius
732 654 906 716 eveheretur,
929 670 964 708 ne
1006 654 1166 724 hujusmodi
1191 653 1302 709 rusticis
1325 654 1410 709 moris
1431 661 1484 712 est)
1504 671 1575 726 pene
1595 655 1654 725 jam
1675 653 1711 708 ad
1725 667 1805 708 arma

162 741 235 797 forte
251 742 404 814 abaliquo,
421 743 444 797 si
464 760 527 798 eunt
548 744 657 816 insequi
674 743 765 808 vellet,
782 743 962 798 inveniretur.
1007 760 1095 815 usque
1128 744 1244 798 invicem
1269 743 1461 814 exprobrando
1485 749 1687 815 processerant.
1709 743 1804 796 Genua

163 829 302 886 Reversus
328 831 423 904 itaque
443 833 569 888 servulus
586 831 748 905 parentibus
772 831 823 886 lilii
849 832 965 903 replicat
1006 833 1082 888 enim
1096 834 1148 887 hoc
1163 839 1273 903 agreste
1288 834 1445 898 hominum,
1461 835 1484 888 si
1500 833 1567 905 quid
1590 841 1664 888 mter
1683 848 1731 886 eos
1745 831 1804 885 dis·

137 921 386 998 'excusationem
410 929 439 976 et
462 939 516 976 non
541 923 601 977 sine
633 921 719 976 multa
748 922 961 992 stupefactione,
1005 922 1537 984 sensionisexortumt'uerit,nisicum
1554 920 1806 992 multaignumiaia

161 1009 359 1080 aquilaesuper
374 1026 491 1080 puerum
507 1009 647 1064 exordiae
659 1009 755 1080 pandit
770 1009 962 1063 obumbratio·
1006 1013 1158 1067 terminare
1180 1012 1311 1066 nesciunt
1348 1012 1418 1068 Cum
1441 1028 1508 1066 rero
1528 1013 1651 1072 tandem,
1676 1027 1707 1064 ex
1732 1025 1806 1064 corn·

162 1111 238 1150 nem.
263 1097 406 1158 Parent-es.
422 1114 484 1152 cum
502 1099 578 1153 ramni
602 1098 709 1152 farnilia
731 1115 817 1169 super
840 1099 882 1152 his
903 1115 964 1167 qino
1007 1103 1082 1156 muni
1095 1117 1243 1158 consensu.
1259 1101 1294 1155 ad
1309 1101 1466 1156 dirimenda
1477 1101 1656 1172 agriculturae
1671 1117 1728 1155 suae
1743 1115 1806 1171 pro·

162 1185 314 1241 audierant
329 1195 547 1243 murrnuraates.
558 1188 675 1243 invicem
690 1188 838 1255 laetantum
855 1195 885 1241 ut
901 1203 964 1240 veru
1005 1191 1156 1246 cessissent
1181 1189 1311 1250 confinia,
1335 1191 1453 1261 contigit
1476 1207 1539 1245 curn
1569 1191 1609 1244 eis
1632 1189 1754 1244 adfuisse
1777 1193 1807 1243 et

162 1275 298 1329 certiores
313 1277 391 1340 liunt,
404 1278 440 1331 ad
451 1277 600 1332 ridendum
612 1284 722 1332 tuntum
736 1279 788 1330 hoc
799 1277 963 1331 miraculum
1005 1283 1080 1344 hune
1101 1281 1284 1336 venerabilem
1310 1297 1439 1352 puerum.
1463 1280 1516 1334 Ubi
1541 1297 1605 1333 vero
1626 1285 1739 1333 rentum
1763 1281 1806 1332 est

162 1369 294 1423 hilariter
317 1385 378 1424 sese
402 1371 595 1425 cohortantur.
610 1369 717 1425 Relicto
741 1369 865 1425 convivio
886 1378 966 1440 pater
1006 1373 1042 1427 ad
1057 1373 1232 1430 locumcunr
1249 1371 1350 1425 diversi
1360 1371 1472 1424 diversa
1486 1368 1634 1424 sentirent.
1652 1366 1721 1420 vidit
1735 1381 1806 1438 puer

162 1457 319 1513 cumomni
337 1459 393 1514 ruit
408 1459 524 1516 familia.
546 1467 637 1514 mater
658 1476 722 1526 cum
741 1459 881 1514 ancillulis
906 1459 965 1529 ejus
1006 1462 1127 1533 lapidem
1148 1468 1231 1516 terrae
1247 1461 1342 1515 haum.
1359 1465 1391 1514 ut
1406 1459 1571 1534 pierumque
1590 1455 1677 1510 rideri
1692 1455 1764 1509 solet
1776 1455 1806 1510 in

161 1547 302 1602 currendo
315 1565 386 1619 pene
398 1548 496 1606 atterit
509 1548 639 1619 vestigia;
661 1564 747 1604 unum
763 1549 894 1602 omnihus
918 1564 965 1601 ro·
1005 1551 1134 1606 terminis
1153 1566 1305 1621 agrorum:
1327 1566 1411 1620 super
1430 1563 1513 1619 quem
1536 1545 1634 1618 pedem
1657 1543 1803 1614 injicieus3

161 1643 236 1698 turn,
259 1637 283 1690 si
306 1638 379 1692 forte
402 1655 463 1709 quae
481 1637 579 1694 auditu
600 1638 767 1706 didicerant,
792 1637 851 1692 risu
878 1636 963 1692 etiam
1009 1661 1020 1692 r
1043 1641 1094 1694 llio
1109 1645 1161 1703 est,
1176 1639 1277 1708 inquit.
1297 1639 1436 1693 terminus
1459 1643 1488 1691 et
1512 1636 1596 1705 hujus
1617 1631 1806 1689 contentionis

161 1725 282 1796 probare
307 1733 428 1796 possent.
453 1725 505 1780 Ubi
527 1743 590 1780 veru
608 1727 660 1792 ‚illo
680 1733 793 1782 reatum
815 1732 867 1784 est,
891 1725 965 1780 inve·
1006 1729 1087 1784 limes
1101 1729 1283 1784 certissimus.
1308 1748 1319 1779 s
1343 1727 1385 1782 Ad
1412 1727 1493 1797 cujus
1513 1724 1682 1779 levissimum
1698 1729 1805 1792 tactum

161 1817 242 1870 uitur
260 1815 468 1886 diligentiuset
484 1814 559 1886 quod
570 1816 660 1870 relatu
670 1815 816 1876 didicerat,
827 1817 888 1886 ipso
901 1831 966 1869 suo·
976 1836 996 1892 q
1007 1819 1077 1890 lapis
1091 1819 1138 1873 ille
1152 1819 1191 1872 ita
1206 1817 1334 1882 subsidit,
1356 1817 1441 1871 veluti
1461 1831 1525 1870 cera
1539 1831 1556 1868 a
1570 1813 1640 1868 facie
1659 1809 1807 1865 candentis

162 1921 228 1958 rum
258 1905 401 1959 oculorum
434 1904 595 1959 testimonio
624 1905 759 1959 veraciter
784 1905 962 1959 confitentur.
1005 1907 1073 1963 terri
1084 1907 1223 1979 liquescit.
1237 1909 1362 1978 Apparet
1375 1905 1505 1977 equidem
1518 1903 1609 1975 ligura
1619 1903 1722 1973 plante
1732 1900 1803 1970 ejus,

161 1994 251 2048 Pater
269 1999 298 2047 et
311 1999 401 2048 mater
415 2010 499 2064 super
515 1994 571 2048 filiu
586 2011 669 2064 quarn
685 1993 861 2048 familiariter
876 1995 965 2065 lacry-
1005 1997 1035 2052 in
1049 1998 1147 2052 eadern
1166 2003 1248 2052 caute
1266 1996 1336 2050 adeo
1353 1994 1492 2050 subtiliter
1502 2008 1642 2064 expressa,
1656 1997 1686 2046 ut
1700 1988 1806 2044 anullo

162 2088 284 2137 mantes.
310 2081 367 2136 Deo
392 2099 509 2154 puerum
531 2083 739 2152 somniandant,
766 2099 876 2138 acaria
903 2083 964 2136 sine
1005 2087 1145 2141 artificum
1165 2085 1323 2157 expressius
1345 2083 1468 2155 exsculpi
1493 2087 1543 2136 aut
1571 2080 1676 2151 signari
1700 2081 1817 2150 posset.¹

162 2172 254 2226 multa
268 2171 424 2228 devotione.
441 2171 612 2226 charissimes
630 2188 687 2228 suae
709 2169 812 2226 sobolis
832 2171 964 2225 innocen·
1005 2175 1239 2230 Itacontentione
1253 2174 1361 2240 sedata,
1377 2173 1539 2236 Dominum,
1556 2171 1604 2242 qui
1620 2183 1722 2238 magna
1738 2182 1807 2238 ope·

160 2261 231 2315 tiam
248 2267 412 2315 retractant.
1005 2271 1085 2319 ratur
1103 2265 1133 2318 in
1156 2263 1287 2323 minimis.
1309 2261 1510 2332 glorificantes,
1531 2259 1677 2314 redierunt
1696 2255 1725 2310 ia
1742 2271 1804 2309 sua.

200 2351 227 2406 6.
239 2350 315 2404 later
332 2350 390 2405 hec
409 2349 522 2414 milites,
542 2367 661 2423 quorum
678 2367 765 2422 equos
779 2349 961 2412 custodierat,
1005 2357 1102 2410 Exstat
1115 2372 1205 2426 usque
1224 2355 1252 2409 in
1269 2353 1435 2407 hodiernum
1461 2351 1535 2405 diem
1561 2365 1645 2420 penes
1663 2363 1715 2400 nos
1729 2344 1806 2399 idem

162 2440 244 2511 equis
268 2439 421 2498 recensitis,
437 2456 522 2494 unum
538 2440 635 2494 deesse
651 2439 805 2510 reperiunt,
822 2455 905 2510 quem
922 2443 965 2502 (ut
1004 2446 1259 2517 lapis,magnaeque
1275 2443 1349 2515 apud
1364 2458 1410 2496 eos
1422 2439 1523 2512 quibus
1541 2445 1583 2494 est
1599 2438 1742 2508 cognitum
1758 2435 1808 2488 ho-

164 2527 326 2598 hujusmodi
344 2545 403 2582 mos
421 2539 464 2582 est
478 2528 651 2598 hominibus)
666 2545 681 2582 a
696 2544 780 2598 puero
796 2527 903 2581 intente
919 2543 962 2580 re·
1005 2535 1088 2590 batur
1101 2533 1300 2589 venerationis,
1324 2532 1388 2586 llaec
1404 2531 1469 2588 duo,
1486 2545 1548 2600 quae
1567 2529 1595 2581 in
1612 2526 1732 2598 pueritia
1746 2525 1808 2595 ejus

165 2619 292 2690 quirunt.
307 2617 411 2672 lilande
425 2634 457 2672 ac
469 2617 565 2672 letires·
578 2634 696 2688 puerum
708 2615 877 2672 demulcent.
895 2615 965 2670 insi·
1004 2633 1068 2679 acta
1088 2623 1277 2692 cognorimus,
1298 2621 1400 2674 dixisse
1426 2618 1548 2672 sufficiat
1565 2635 1571 2668 ε
1596 2614 1697 2670 arnodo
1711 2621 1807 2668 autem

165 2715 274 2763 Siesslt'l'
287 2706 322 2760 *ib
337 2723 369 2761 e0
384 2707 558 2780 leqllll'ssssleo'
571 2705 594 2760 Sl
611 2721 694 2778 quam
719 2721 768 2776 1³⁰l
789 2722 852 2759 0⁰¹ss
869 2704 964 2758 damni
1006 2715 1041 2768 ad
1056 2730 1155 2784 eaquae
1167 2713 1196 2765 in
1206 2710 1351 2764 maturiori
1365 2709 1426 2779 ejus
1443 2715 1525 2761 aetate
1540 2723 1590 2777 per
1600 2703 1808 2758 cuaanmiaus

165 2797 253 2868 hujus
268 2796 432 2852 adinvenire
447 2803 561 2868 possent
571 2795 810 2869 recuperationem
828 2809 834 2842 τ
850 2801 911 2847 erat
925 2793 965 2847 si-
1005 2809 1138 2874 operatus
1148 2808 1200 2858 est,
1215 2800 1271 2854 000
1288 2799 1348 2872 ipso
1362 2804 1515 2862 annuente,
1527 2802 1587 2850 qna
1603 2792 1704 2848 mentis
1717 2791 1809 2845 tmen.

165 2887 279 2959 quidem
295 2885 471 2958 aliquantula
484 2902 568 2958 super
581 2883 684 2940 talibus
705 2885 741 2959 de
762 2883 810 2938 illo
832 2883 963 2956 suspicio,
1005 2891 1044 2946 150
1059 2900 1102 2946 est
1115 2889 1272 2960 dirigenda.

164 2976 214 3048 qui
234 2993 297 3031 eum
314 2991 380 3046 erga
397 2991 533 3046 pauperes
549 2991 604 3029 non
621 2973 781 3028 nesciebant
795 2990 856 3028 esse
871 2973 964 3028 muni·
1040 2981 1066 3036 8,
1083 2979 1273 3050 asspicientes
1287 2981 1381 3032 autem
1401 2974 1466 3029 boni
1481 2977 1612 3046 parentes
1627 2971 1706 3032 bonae
1721 2967 1809 3028 sobo-

164 3065 260 3126 lirum,
274 3081 307 3119 ao
322 3063 455 3139 quidquid
468 3065 576 3134 uspiam
590 3063 714 3136 reperire
728 3069 846 3134 poterat.
858 3062 887 3117 in
898 3068 965 3117 usus
1005 3071 1041 3124 lis
1055 3085 1113 3123 suae
1126 3067 1275 3121 benerolen
1289 3067 1394 3128 iam,et
1405 3064 1432 3119 in
1447 3063 1561 3119 servitio
1578 3061 1626 3116 Dei
1642 3061 1703 3132 ejus
1717 3065 1809 3114 atten-

164 3170 230 3209 eum
253 3154 403 3208 audierant
423 3155 581 3224 expendere
603 3155 779 3208 miserorum.
803 3153 931 3223 Cumque
950 3165 965 3204 a
987 3161 1105 3216 mentes
1120 3155 1298 3214 industriam
1315 3155 1446 3226 episeopo
1466 3170 1529 3207 eum
1551 3151 1599 3224 qui
1620 3158 1687 3205 runc
1701 3156 1809 3219 tempo.

163 3243 278 3307 famulis
302 3259 336 3297 ea
363 3243 398 3297 de
423 3259 508 3297 causa
531 3249 561 3297 et
583 3241 711 3314 privatim
737 3248 764 3296 et
789 3242 898 3313 publice
920 3226 1046 3303 arr-Cris
1070 3244 1282 3302 viromandensi
1304 3251 1424 3318 praerat
1446 3241 1572 3296 Faciesire
1598 3239 1809 3294 commendare-

162 3339 308 3404 gueretur,
325 3332 494 3403 appropians
514 3331 587 3403 patri
609 3347 669 3386 rem
684 3331 782 3385 ordine
798 3329 967 3402 pandionii-
1009 3343 1084 3400 runt,
1100 3345 1213 3390 orantes
1233 3334 1413 3388 desertissime
1432 3340 1571 3404 quatenus
1593 3327 1742 3401 episcopali
1763 3328 1808 3382 be·

163 3427 246 3476 ratur
264 3428 344 3492 pater
363 3412 610 3476 clenrentissirnam
635 3419 880 3491 compunctionem
897 3419 964 3485 lilii;
1007 3427 1165 3480 ardictione
1191 3424 1226 3478 ad
1255 3422 1405 3478 clericatus
1435 3425 1646 3494 promoveretur
1675 3417 1808 3472 officium.

164 3519 194 3566 et
206 3510 272 3565 licet
285 3509 380 3564 damni
396 3509 601 3581 aliquantulam
626 3507 679 3562 sihi
697 3525 753 3563 nrm
779 3508 899 3562 nesciret
912 3509 965 3561 irn-
1008 3515 1240 3570 cominendatum
1253 3514 1348 3584 itaque
1359 3511 1411 3566 sihi
1424 3510 1543 3581 benigne
1559 3511 1660 3582 praesul
1675 3508 1807 3582 suscepit,

164 3600 282 3661 minere,
299 3599 561 3654 admoderamen
578 3615 663 3669 super
683 3596 806 3652 benevoli
824 3598 901 3670 pueri
916 3597 967 3651 he·
1008 3604 1142 3661 benevole
1171 3605 1347 3674 anqaeratus
1371 3607 1424 3668 est,
1444 3608 1473 3655 et
1496 3600 1645 3668 diligenter
1664 3585 1807 3664 enutriris,

164 3689 265 3744 nevols
293 3688 505 3759 congratulatus
538 3695 581 3741 est
612 3689 813 3758 compasstono.
844 3687 966 3740 Tantum
1009 3702 1038 3749 et
1052 3699 1188 3764 tanquam
1209 3694 1321 3746 unicum
1340 3697 1368 3744 et
1388 3690 1529 3744 uterinum
1550 3687 1649 3754 filitrm,
1668 3687 1697 3742 in
1714 3687 1768 3746 lide
1782 3693 1811 3743 et

164 3778 252 3848 hujus
271 3775 350 3848 pueri
372 3776 506 3830 Dorulaus
520 3776 549 3832 in
564 3793 614 3830 sua
636 3776 808 3847 prospiciens
825 3773 967 3829 voluntate
1008 3780 1465 3837 doctrinaecclesiasticaeducare
1479 3777 1808 3833 liberaliterelabombat.

164 3866 345 3927 famulatum,
363 3865 423 3938 ipso
447 3864 543 3919 endem
570 3871 711 3919 momento
728 3882 859 3934 magnum
875 3864 968 3918 subito
1009 3870 1127 3934 Quantae
1142 3869 1202 3940 ipse
1215 3868 1401 3932 liberalitatis,
1418 3867 1741 3938 quantae‘sanctimoniae
1760 3884 1811 3924 seu

164 3956 299 4027 dignatus
314 3961 357 4009 est
367 3954 513 4009 ostendere
525 3954 703 4008 miraculum.
714 3955 784 4008 Nam
797 3970 859 4007 rrurn
876 3953 969 4007 derruo
1009 3957 1182 4012 castinroniae
1196 3973 1226 4010 se
1245 3973 1260 4010 a
1276 3974 1363 4027 puero
1385 3955 1552 4013 exhibuerit,
1574 3961 1681 4028 quanta
1695 3955 1810 4010 humili.
1910 3997 1913 4001 .

165 4061 303 4116 equorum
326 4060 441 4097 suorum
465 4043 583 4098 sollicite
608 4049 785 4097 recenserent
805 4059 965 4109 numerum,
1009 4053 1067 4102 tate
1078 4065 1126 4101 seu
1141 4046 1297 4100 reverentia
1308 4053 1336 4100 et
1350 4045 1423 4118 apud
1441 4046 1528 4108 Deum
1554 4051 1583 4098 et
1604 4044 1681 4099 urbis
1696 4044 1811 4115 pontifi-

165 4134 261 4189 dirina
280 4131 320 4186 sic
343 4139 477 4203 operante
493 4131 648 4201 majestate.
665 4138 751 4185 totam
775 4148 871 4186 eorum
894 4131 967 4186 inte·
1009 4154 1069 4191 cern
1094 4135 1237 4199 claruerit,
1258 4151 1309 4206 pro
1332 4141 1408 4188 certo
1432 4133 1541 4188 edicere
1561 4149 1616 4187 non
1640 4139 1684 4187 est
1708 4141 1812 4186 nostras

165 4223 300 4296 gritatem
321 4237 352 4274 ex
377 4220 527 4291 improviso
547 4220 699 4291 reperiunt.
723 4219 862 4274 Mirantur
876 4229 970 4274 astan-
1011 4223 1213 4300 possibilitatis
1226 4223 1415 4294 Eratquideni
1430 4221 1626 4293 magnanimus
1636 4221 1665 4276 ia
1675 4219 1810 4290 adversis,

165 4309 335 4368 tes.larnilia
346 4321 444 4364 cuncta
462 4310 581 4364 laetatur.
599 4310 681 4363 Pater
694 4325 758 4362 curn
775 4317 865 4363 matre
880 4309 968 4364 lilium
1011 4315 1087 4369 mitis
1103 4314 1130 4368 in
1144 4311 1292 4385 prosperis.
1313 4320 1429 4367 cunctos
1452 4312 1506 4365 sibi
1528 4310 1693 4379 obedientiae
1709 4309 1812 4364 seduli-

167 4417 253 4474 quam
283 4397 462 4452 familiariter
483 4399 688 4470 arnplexaatur,
711 4407 740 4452 et
754 4405 786 4453 ut
808 4398 843 4452 ad
868 4399 969 4453 altiora
1011 4411 1069 4458 tate
1084 4401 1242 4476 preferens,
1260 4418 1368 4454 morum
1392 4402 1520 4456 claritate
1539 4399 1711 4472 precellens,
1730 4415 1812 4470 egen·

168 4507 200 4544 se
232 4487 361 4558 subrigat
392 4487 612 4558 lacrymabiliter
643 4488 869 4542 cohortantur-¹
906 4465 1087 4550 liiiiDtibus
1103 4492 1181 4562 larga
1197 4491 1378 4548 miseratione
1392 4506 1567 4544 succurrens.
1582 4487 1683 4560 sicque
1695 4486 1813 4552 viriliter

169 4581 263 4634 aiunl·
284 4577 379 4630 omnia
401 4581 497 4632 nostia
520 4582 587 4630 sunl
599 4583 658 4640 1¹18,
675 4585 755 4631 utere
771 4577 874 4632 nostris
893 4583 924 4631 ut
938 4577 972 4630 li·
1012 4581 1111 4636 farnito
1130 4580 1293 4634 conculcato
1315 4579 1457 4643 vitiorum,
1474 4579 1665 4650 angustiorem
1678 4595 1812 4632 conscen-

170 4669 241 4723 bet:
259 4674 319 4728 tuo,
344 4667 432 4731 aiunt,
454 4671 483 4720 et
506 4673 611 4722 nostro.
632 4673 664 4721 ut
687 4667 738 4720 tibi
759 4667 848 4721 risum
874 4667 968 4728 fuerit,
1012 4671 1081 4725 dens
1099 4671 1202 4724 scalam
1233 4675 1377 4724 virtutum.
1397 4666 1533 4744 quidquid
1560 4671 1616 4722 lleo
1638 4666 1813 4722 contrarium

170 4758 202 4814 in
229 4756 280 4812 Dei
307 4757 400 4828 gratia
435 4762 515 4811 utere
540 4756 719 4828 patrimonio,
743 4763 775 4812 ut
804 4775 855 4812 nos
879 4763 971 4812 tecum
1012 4757 1161 4824 sentiebat,
1178 4757 1502 4830 declinabat;quidquid
1523 4773 1588 4811 vero
1606 4755 1740 4825 placitum
1761 4772 1814 4822 no·

170 4851 318 4902 consortes
339 4845 469 4916 perennis
483 4845 546 4900 ritae
561 4845 664 4900 babeas
686 4847 713 4900 ia
730 4846 853 4918 premio.
877 4869 888 4896 ι
910 4845 972 4900 Νοττ
1015 4855 1101 4916 verat,
1118 4847 1193 4902 omni
1213 4848 1276 4902 nisu
1299 4846 1513 4919 exsequebatur.
1536 4847 1604 4902 Erat
1622 4845 1760 4918 siquidem
1784 4846 1814 4901 iu

171 4934 340 4991 diffidebant
367 4934 442 4989 enirn
464 4935 525 5005 ejus
548 4935 726 4989 scotatione
753 4935 865 5002 salvari,
890 4952 973 5007 quem
1014 4936 1288 4994 orationeassiduus,
1300 4935 1417 5007 jejuniis
1438 4941 1467 4990 et
1485 4935 1588 5006 vigiliis
1602 4935 1736 5000 intentus,
1747 4929 1814 4990 aiio}

167 5027 229 5096 jam
260 5023 347 5078 tantis
367 5039 384 5076 a
404 5023 463 5078 Deo
489 5023 621 5078 ridebant
650 5023 798 5079 virtutibus
825 5024 969 5080 illustrari.
1013 5043 1076 5081 rum
1092 5025 1321 5081 tribulationibus
1332 5033 1466 5098 tunquam
1477 5025 1537 5080 suis
1547 5024 1634 5108 ipsius
1648 5021 1814 5106 lacrymabi-

172 5114 207 5168 Et
222 5111 282 5168 haec
297 5111 430 5173 dicentes,
447 5129 541 5166 secum
557 5112 703 5167 adducunt
724 5130 857 5186 puerum:
873 5114 973 5168 multu·
1013 5116 1079 5170 liter
1093 5113 1285 5186 compatiens;
1303 5114 1433 5170 omnibus
1456 5114 1551 5170 omnia
1575 5113 1666 5167 iactus
1689 5116 1759 5180 erat,
1781 5120 1814 5174 ut

171 5217 229 5274 que
244 5217 308 5254 cum
323 5200 438 5272 gaudio,
453 5201 482 5255 in
498 5200 541 5255 bis
562 5208 591 5256 et
610 5200 672 5256 aliis
692 5201 770 5256 hone
791 5220 848 5258 suaa
870 5202 973 5257 sobolis
1014 5221 1111 5259 omnes
1124 5205 1158 5259 ad
1174 5210 1307 5258 aeternam
1317 5207 1488 5258 confortaret
1501 5200 1729 5256 consolationem.
1740 5198 1813 5264 Quid

170 5290 292 5354 actibus,
310 5289 367 5344 Deo
378 5290 485 5360 gratias
500 5290 663 5356 relerentes,
678 5299 825 5362 gratanter
840 5308 901 5346 sese
912 5293 974 5346 refr-
1015 5293 1119 5366 plura‘l
1134 5293 1230 5348 Multis
1247 5293 1445 5348 attestantibus
1466 5289 1631 5362 peregrinus
1646 5295 1708 5343 erat
1722 5289 1750 5343 in
1765 5287 1813 5346 sae-

171 5378 262 5433 ciuat.
1015 5383 1087 5448 culo,
1102 5389 1130 5438 et
1142 5384 1201 5454 jam
1216 5399 1266 5454 pro
1281 5390 1358 5435 certo
1383 5378 1589 5448 rnaasionarius
1603 5375 1770 5444 credebatur
1784 5377 1813 5450 ia

208 5468 235 5523 i.
254 5467 365 5522 Accidit
380 5468 569 5539 postmodum,
591 5467 658 5523 dum
678 5468 754 5524 domi
774 5471 908 5543 puerulus
923 5473 973 5526 ha·
1015 5474 1103 5538 coelo;
1121 5472 1204 5527 facies
1217 5473 1278 5544 ejus
1291 5469 1426 5543 jucunda,
1442 5468 1538 5540 lingua
1554 5469 1616 5538 ejus
1636 5467 1766 5528 facunda,
1783 5484 1814 5537 os

171 5555 299 5622 heretum
316 5557 390 5611 inter
410 5557 558 5629 indigenas
581 5575 637 5616 aon
656 5559 764 5614 modica
781 5559 908 5631 quaedam
931 5561 973 5616 al·
1014 5563 1076 5632 ejus
1090 5562 1118 5615 in
1139 5561 1250 5616 laudeni
1273 5555 1318 5614 Dei
1343 5574 1454 5630 semper
1473 5563 1535 5612 erat
1554 5563 1693 5632 apertura.
1716 5555 1816 5629 Carnis

168 5645 300 5711 ter-catio,
314 5645 349 5699 de
363 5645 491 5700 terminis
506 5645 634 5702 videlicet
646 5655 830 5721 egwinna
843 5647 973 5721 frequen·
1015 5649 1206 5724 voluptatibus
1219 5649 1371 5718 reluctans,
1383 5647 1578 5720 perfectiorem
1591 5645 1816 5734 spiritualisritq
