3934 6174
194 245 246 306 ιω
678 238 709 292 a.
730 233 936 292 muraena
955 231 1134 290 clarata.
1154 233 1321 290 lecuras.
1768 232 1818 291 res

195 373 228 428 in
241 369 369 426 eamdem
382 370 478 435 picria
487 369 567 421 iltius
582 363 645 437 [qua
651 362 724 432 justi
738 361 843 428 sumus)
859 347 1091 428 imaginemque
1104 361 1157 412 erit
1172 360 1220 422 iti,
1233 359 1478 426 transformamur,
1493 374 1550 413 nan
1563 359 1666 426 fuscati
1677 361 1764 422 intus,
1775 353 1816 414 ts.

197 459 352 516 aclantate
366 457 439 526 fidei,
452 458 494 510 oei
508 455 665 516 creationis,
681 450 711 504 in
726 448 892 514 claritatem,
910 451 949 500 uel
965 449 997 501 dc
1008 449 1110 500 uirtute
1123 450 1154 502 in
1168 450 1308 514 uirtutem,
1329 445 1370 504 19.
1386 453 1523 520 tanquam
1538 464 1556 502 a
1569 447 1682 503 Domini
1701 446 1817 518 Spiritu,

197 565 257 606 uere
266 550 347 614 docti,
358 550 399 601 uel
416 544 613 612 transformati
622 557 672 609 per
687 539 826 607 Spiritum
840 540 980 605 sanctum.

915 675 1032 734 CAPUT
1047 676 1094 732 IV.

214 853 217 864 ·
234 833 301 888 Ideo
316 832 452 901 (qutaper
464 843 539 897 spem
552 825 804 893 transformamur,
820 824 862 876 uei
875 821 943 889 quia
959 823 1079 874 revetata
1092 821 1163 888 snae
1176 821 1351 890 speculamur
1362 823 1483 891 pieriam
1493 823 1570 876 nobis
1576 823 1764 892 promissam),
1778 821 1827 877 ha-

199 922 298 978 bentes
310 919 384 974 hanc
402 913 675 972 administrationem
687 911 903 982 predicationis,
917 908 998 978 Juxta
1010 908 1084 979 quod
1098 907 1320 962 misericordiam
1330 910 1472 966 consecuti
1484 927 1592 978 sumus,
1600 927 1656 966 non
1665 927 1716 980 per
1725 916 1828 966 merita

201 1017 307 1078 nostra,
321 1007 508 1080 predicanda,
524 1020 580 1059 non
589 1002 743 1067 deficimus,
752 999 800 1054 sed
816 997 979 1052 abdicamus
992 995 1100 1050 occulta
1109 996 1262 1064 dedecoris,
1274 1001 1495 1068 occultaprccato
1508 1016 1567 1070 que
1582 1001 1755 1066 dedecorant,
1770 1016 1830 1056 non

201 1100 379 1158 ambulantes
391 1103 423 1151 ut
434 1095 545 1165 pseudo,
562 1093 592 1147 in
606 1089 720 1156 astutia,
738 1105 829 1160 neque
842 1087 1035 1142 adulterantes
1049 1083 1162 1140 verbum
1175 1084 1235 1151 Dei,
1250 1087 1397 1155 lepttimun
1415 1104 1526 1142 seersum
1546 1089 1706 1155 adiurantes,
1723 1093 1763 1144 uei
1777 1105 1831 1159 pra

203 1186 603 1252 terrenotucraprmticaates;
620 1179 712 1235 sedin
732 1176 957 1232 manifestatione
980 1172 1106 1229 veritatis
1125 1173 1354 1229 commendantes
1378 1175 1567 1247 nosmetipsos
1581 1176 1617 1231 ad
1630 1193 1744 1232 omnem
1762 1193 1832 1233 con·

202 1277 349 1334 scientiam
364 1272 521 1337 hominum,
536 1274 596 1340 ipsa
609 1270 798 1336 manifestatio
813 1267 938 1320 veritatis
953 1263 1127 1318 commendat
1142 1279 1189 1316 nos
1202 1267 1269 1332 apsis
1283 1264 1450 1330 horninibus,
1470 1282 1563 1320 coram
1587 1267 1655 1334 Deo,
1671 1283 1727 1322 nan
1740 1272 1832 1324 setam

203 1365 371 1428 haminibus,
386 1363 432 1416 sed
447 1363 531 1415 ctiam
545 1361 607 1412 Dea.
625 1357 768 1426 Responsio
783 1357 819 1408 aa
829 1353 959 1422 bacquad
975 1353 1047 1406 dicit
1063 1371 1071 1406 :
1087 1355 1208 1406 revetata
1229 1354 1309 1420 facie.
1325 1353 1406 1417 Quod
1425 1355 1449 1410 si
1463 1354 1549 1411 ctiam
1564 1361 1694 1427 opertum
1713 1363 1756 1412 est
1773 1374 1834 1413 nan

204 1457 377 1510 columnatus
388 1453 440 1515 teu,
455 1449 501 1502 sed
512 1449 595 1502 etiam
608 1444 788 1514 Evangelium
803 1447 942 1507 nostrum,
958 1441 988 1495 in
1004 1441 1039 1496 iis
1054 1439 1102 1512 qui
1115 1446 1245 1511 pereunt,
1255 1447 1299 1496 est
1317 1447 1466 1514 opertum;
1481 1443 1505 1502 l.
1523 1446 1554 1500 in
1575 1445 1677 1516 quibus
1695 1447 1834 1503 Deushu·

201 1545 248 1615 jus
260 1541 364 1608 saculi,
380 1545 476 1595 auctor
490 1540 627 1602 amnium,
641 1537 682 1589 uel
696 1534 820 1588 diabolus
832 1533 960 1601 princeps
974 1532 1058 1600 buius
1068 1532 1170 1596 saculi,
1188 1531 1335 1586 excaecarit
1347 1538 1457 1589 mentes
1470 1533 1638 1603 infidelium,
1654 1541 1687 1592 ut
1708 1553 1765 1592 non
1778 1537 1835 1592 iul-

203 1635 270 1704 geat
283 1631 339 1686 illis
352 1626 520 1684 illuminatio
536 1621 679 1694 Evangelii
693 1621 789 1693 gloria
799 1619 913 1686 Christi,
924 1620 1055 1690 perquod
1071 1617 1248 1688 clarificatur
1263 1620 1396 1689 Obristus,
1413 1621 1462 1694 qui
1485 1629 1529 1678 est
1546 1624 1640 1696 imago
1662 1623 1723 1693 Ilei,
1739 1630 1834 1681 eenn-

204 1721 281 1777 milis
294 1721 385 1776 Patri.
400 1717 553 1786 Responsio.
569 1712 596 1771 2.
609 1715 672 1768 Non
684 1710 759 1767 enim
776 1709 963 1780 nosmetipsos
975 1706 1171 1779 prestamus,
1188 1707 1236 1762 sed
1250 1709 1348 1765 lesum
1367 1710 1511 1768 christum
1524 1713 1676 1770 Dominum
1690 1719 1833 1781 nostrum,

204 1811 307 1864 scilieet
321 1823 383 1874 esse,
398 1808 564 1870 nassutem,
579 1797 820 1867 nonsoiumejus,
834 1799 977 1852 sedetiam
991 1812 1085 1850 servos
1100 1801 1206 1852 vestros
1220 1813 1272 1868 per
1289 1799 1395 1866 lesum,
1415 1801 1548 1872 quoniam
1563 1804 1637 1859 Deus
1651 1802 1677 1860 3.
1692 1803 1740 1875 qui
1762 1802 1837 1859 dixit

205 1897 241 1952 de
255 1895 377 1952 tenebris
391 1895 494 1958 lucem,
505 1893 639 1962 quoniam
653 1891 729 1944 dicit
745 1905 752 1942 :
766 1888 827 1942 liiat
839 1887 902 1952 lua;
917 1886 959 1940 cel
973 1887 1023 1955 qui
1033 1885 1065 1938 de
1079 1887 1142 1940 calo
1156 1885 1225 1953 facit
1240 1885 1339 1942 calum
1354 1888 1566 1960 splendescere,
1584 1892 1611 1946 l.
1627 1892 1686 1964 ipse
1700 1892 1728 1948 5.
1740 1891 1838 1947 illuxit

205 1987 235 2042 in
250 1990 314 2052 Μ
325 1981 455 2040 cordibus
471 1980 576 2036 nostris
589 1993 649 2048 que
659 1979 773 2032 obscura
790 1981 880 2040 erant,
896 1976 987 2040 idest,
1004 1977 1054 2044 qui
1077 1974 1154 2028 nabis
1174 1977 1299 2030 innotuit
1314 1978 1352 2032 ad
1373 1978 1421 2033 baa
1431 1985 1463 2035 ut
1482 1983 1677 2038 illuminatam
1689 1985 1836 2038 scientiam
1916 2048 1919 2054 Ι

207 2076 347 2132 claritatis
359 2075 409 2130 liet
423 2073 463 2142 [ut
475 2071 579 2126 Christi
594 2069 725 2122 notitiam
735 2066 860 2120 domines
874 2065 1017 2134 baberent)
1027 2065 1206 2133 predicanda
1219 2065 1359 2133 daremus,
1377 2065 1403 2123 6.
1418 2069 1464 2132 ad,
1478 2071 1580 2137 danda
1597 2071 1839 2127 illuminationem

207 2163 330 2219 scientia
342 2159 478 2216 claritatis
488 2157 539 2213 Dei
556 2159 595 2226 (ut
610 2157 717 2210 amatur
728 2159 834 2224 quanta
848 2155 885 2207 sit
897 2155 1012 2208 claritas
1022 2154 1116 2207 Patris
1125 2167 1176 2221 per
1184 2155 1368 2220 manitionem
1379 2158 1456 2224 Filii,
1466 2175 1547 2228 quem
1560 2161 1756 2229 predicamus,
1768 2163 1841 2231 quia

206 2255 308 2309 notitia
316 2253 408 2307 Patris
422 2253 451 2318 fit
462 2248 617 2316 capnitiane
631 2246 710 2312 titia
721 2243 751 2298 in
763 2242 845 2309 facie,
861 2245 893 2297 in
908 2245 1072 2310 counitione,
1088 2241 1195 2296 Christi
1211 2243 1287 2298 lesu.
1304 2245 1436 2312 Ouamuis
1456 2249 1635 2303 tribulemur.
1650 2247 1677 2304 7.
1693 2249 1842 2305 Habemus

207 2346 302 2397 autem
316 2341 480 2396 thesaurum
489 2337 586 2400 istam,
603 2334 633 2388 id
645 2338 692 2399 est,
703 2333 776 2386 lianc
788 2332 956 2397 claritatem,
970 2329 1000 2384 in
1024 2329 1098 2385 vasis
1117 2329 1259 2399 fictilibus,
1277 2337 1309 2386 ut
1320 2331 1478 2389 sublimitas
1492 2335 1530 2390 sit
1552 2336 1665 2392 virtutis
1678 2337 1728 2392 Dei
1739 2338 1777 2410 (si
1789 2339 1845 2394 da.

207 2436 288 2486 retur
302 2431 347 2485 laic
362 2429 507 2484 thesaurus
524 2425 640 2492 anpelis,
660 2423 828 2490 dignitatem
846 2433 942 2473 aarum
960 2421 1119 2488 suppetiisse
1141 2419 1295 2486 diceretur,·
1316 2437 1393 2478 nunc
1411 2439 1474 2478 acro
1490 2425 1649 2481 sublimitas
1661 2426 1711 2482 Dei
1726 2432 1843 2483 tanturn

208 2517 422 2588 mandaretur),
438 2518 464 2570 si
476 2515 544 2586 quid
554 2514 618 2568 toni
627 2511 758 2580 saumas,
770 2511 822 2564 lica
835 2511 1004 2575 ascribatur,
1016 2511 1045 2561 et
1057 2521 1116 2561 non
1131 2511 1286 2576 plectemur
1296 2513 1334 2565 ex'
1344 2511 1433 2567 nobis.
1451 2517 1477 2570 8.
1494 2513 1529 2570 ln
1543 2513 1673 2570 omnibus
1687 2518 1776 2584 icitur
1788 2515 1844 2570 tri-

177 2639 179 2643 ·
204 2607 382 2664 bulationem
392 2604 525 2678 patimur,
541 2601 591 2657 sed
605 2613 662 2657 non
674 2602 771 2654 animo
785 2597 999 2669 angustiemur;
1016 2594 1189 2667 aporiamur,
1206 2600 1331 2668 inopiam
1345 2603 1484 2670 patimur,
1496 2606 1537 2658 uel
1548 2607 1738 2674 opprimimur
1748 2604 1843 2674 (poros

209 2696 306 2762 draca,
318 2693 395 2749 dives
411 2694 506 2747 latine
516 2707 527 2758 ;
538 2705 644 2760 aporos,
658 2689 743 2754 idest,
758 2701 884 2759 pauper;
914 2685 980 2740 inde
995 2684 1185 2755 aporiamur);
1204 2685 1284 2742 seda
1302 2694 1441 2759 proposito
1464 2707 1521 2748 non
1545 2692 1742 2762 destituimur;
1763 2694 1843 2750 lame

210 2784 433 2854 persecutionem
444 2779 578 2852 patimur,
592 2777 641 2832 sed
654 2791 739 2831 nona
753 2776 806 2830 lica
815 2773 1055 2845 derelinquimur;
1069 2773 1218 2844 dejicimur
1232 2793 1350 2847 corpore,
1364 2779 1413 2834 sed
1427 2796 1485 2836 nou
1498 2782 1625 2853 perimus
1638 2785 1753 2852 animo;
1767 2800 1844 2839 mm-

208 2887 261 2944 per
273 2869 519 2926 mortificationem
527 2881 580 2937 pro
594 2865 661 2920 lesu
671 2865 701 2919 in
714 2879 830 2934 corpore
844 2868 941 2918 nostro
958 2862 1195 2929 circumferentes,
1208 2870 1237 2920 et
1258 2865 1288 2921 in
1308 2867 1365 2923 vita
1381 2873 1484 2925 eterna
1506 2871 1573 2926 lesu
1595 2871 1794 2929 manifestetur
1807 2873 1844 2928 in

209 2955 533 3031 cerporibusnostris,in
545 2955 643 3023 [utura
653 2955 882 3008 incarnenastra
898 2954 1015 3006 mortali
1028 2955 1104 3021 facta
1122 2955 1288 3010 immortali.
1306 2957 1424 3029 Semper
1434 2959 1510 3016 enim
1524 2976 1585 3028 nos,
1598 2961 1646 3033 qui
1658 2961 1786 3028 vivimus,
1806 2962 1841 3018 in

209 3051 331 3104 mortem
339 3045 479 3101 tradimur
486 3048 602 3117 propter
610 3042 717 3110 lesum,
727 3044 793 3096 utet
801 3041 859 3096 vita
867 3042 934 3096 lesu
941 3040 1138 3097 manifestetur
1145 3041 1175 3097 in
1191 3059 1275 3099 carne
1284 3051 1382 3101 nostra
1393 3049 1514 3116 mortali,
1527 3051 1843 3120 aridiquetribuialiane

209 3139 365 3208 compressi,
377 3139 476 3207 parati
485 3137 523 3190 ad
534 3138 650 3190 martem
659 3147 756 3187 snmus
768 3145 821 3200 pro
837 3134 949 3187 nomine
964 3133 1077 3199 dbristi,
1094 3137 1125 3187 ut
1140 3148 1203 3188 curn
1218 3149 1247 3188 eo
1266 3135 1357 3190 uiuae
1375 3139 1511 3205 posdmus
1517 3159 1526 3206 ;
1547 3145 1573 3196 et
1591 3140 1641 3196 hoc
1662 3147 1699 3196 ast
1705 3159 1717 3210 ,·
1734 3158 1846 3212 semper

885 3274 1184 3333 COMMENTARIUS·

218 3441 225 3448 -
248 3407 292 3469 18.
305 3406 431 3481 titillari
463 3405 591 3462 claritate
617 3407 649 3460 in
669 3405 837 3461 claritatem.
853 3400 962 3456 Natura
980 3399 1140 3461 natanta
1150 3401 1180 3456 in
1187 3401 1302 3474 astutia,
1311 3419 1402 3476 neque
1412 3405 1603 3461 adulterantes
1612 3403 1727 3462 verbum
1737 3407 1798 3476 Dei,
1814 3414 1850 3463 et

211 3497 296 3556 rebus
307 3496 409 3552 creatis
423 3494 666 3562 excellentissima,
689 3509 754 3549 cum
778 3507 856 3547 asuo
875 3491 1008 3547 creatore
1051 3504 1101 3543 cur
1111 3489 1212 3546 dixerit
1227 3506 1233 3540 ε
1249 3492 1347 3549 Gloria
1361 3495 1474 3564 Obristi,
1490 3501 1519 3551 et
1526 3512 1583 3551 non
1594 3495 1705 3566 duent,
1719 3497 1850 3570 Evange-

210 3587 386 3662 justificatur
397 3584 433 3640 ab
445 3584 601 3656 impietate,
615 3599 633 3638 a
644 3581 762 3638 deformi
771 3581 863 3636 forma
875 3578 1009 3634 transfor·
1048 3578 1079 3633 lii
1091 3579 1189 3651 glorie
1198 3587 1311 3640 nostra.

213 3674 347 3733 matoria
364 3674 518 3730 formosam
532 3674 651 3728 formam
665 3689 672 3741 ;
687 3678 731 3727 est
744 3670 848 3743 quippe
862 3674 891 3724 et
903 3668 932 3723 in
947 3667 1009 3740 ipsa
1083 3667 1109 3723 8.
1123 3671 1255 3738 Quidiail
1265 3675 1296 3727 de
1311 3675 1438 3728 tenebris.
1454 3673 1536 3730 Ratio
1546 3690 1597 3730 cur
1609 3675 1783 3748 predicaret,
1800 3675 1850 3730 vi-

213 3764 369 3839 impietate,
389 3767 496 3836 quanta
508 3762 599 3834 magis
618 3759 776 3816 damnabile
798 3759 908 3826 tritium,
929 3762 1009 3812 tauto
1049 3758 1304 3816 delicetscientiam
1317 3763 1492 3834 praedicando
1507 3762 1649 3820 deditillis
1662 3766 1746 3821 Deus.

213 3854 317 3912 certius
332 3857 435 3909 natura
445 3849 604 3919 laudabilis,
621 3854 651 3905 et
664 3850 699 3906 ob
712 3849 891 3916 hocaddidit,
901 3847 936 3902 de
951 3848 1010 3918 glo·
1085 3847 1111 3904 l.
1128 3850 1250 3908 Auousr.
1265 3853 1324 3921 Ipse
1333 3854 1441 3908 illusit.
1453 3853 1491 3909 Ut
1500 3871 1551 3910 nos
1566 3853 1749 3920 illuminaret,
1764 3859 1793 3909 et
1806 3853 1852 3910 sio

212 3941 430 4015 riaingloriam,
439 3941 474 3996 de
486 3940 579 4013 gloria
592 3938 742 3994 creationis
757 3939 785 3994 in
799 3936 1010 4010 gloriamjusti-
1049 3937 1219 3996 haberemus
1231 3940 1377 3997 scientiam
1391 3942 1527 3998 claritatis
1542 3943 1603 4013 ejus
1614 3959 1665 4015 per
1683 3942 1783 3998 Filium
1797 3944 1852 4013 qui

213 4031 363 4091 ficationis.
378 4029 513 4095 Quamuis
527 4028 677 4101 possithoc
689 4035 717 4082 et
738 4027 799 4082 aliis
826 4026 917 4083 modis
929 4025 1010 4080 intel·
1051 4032 1095 4082 eat
1107 4027 1239 4099 splendor
1250 4029 1344 4085 Patris
1359 4048 1414 4103 quo
1424 4031 1628 4086 illuminamur.

215 4125 265 4196 ligi
280 4121 355 4196 qued
369 4121 474 4177 dictum
490 4124 542 4188 est,
557 4119 592 4174 de
603 4118 695 4190 gloria
705 4117 881 4190 ingloriam
903 4115 939 4171 dc
953 4114 1012 4186 glo·
1088 4115 1113 4171 5.
1129 4117 1255 4172 Arsame.
1265 4118 1851 4192 illusitincordibusllluminanturenim,

214 4214 259 4270 ria
270 4211 336 4268 fidei
350 4210 512 4282 ingloriam
527 4207 606 4282 spei;
623 4208 658 4263 de
669 4207 762 4280 gloria
777 4223 833 4279 qua
855 4221 952 4262 sumus
961 4203 1013 4258 filii
1053 4205 1288 4277 recognitionem
1303 4207 1427 4263 habeant
1452 4209 1549 4280 gloria
1564 4209 1615 4264 Dei
1630 4225 1680 4281 per
1693 4208 1850 4264 Christum.

213 4301 275 4370 Dei,
291 4300 451 4372 ingloriam
467 4315 523 4372 qua
535 4297 642 4354 similes
652 4297 677 4352 ei
699 4296 812 4363 emmas,
830 4294 897 4368 quia
909 4291 1014 4348 videbi·
1089 4293 1116 4350 6.
1131 4295 1257 4354 Aususr.
1271 4297 1361 4366 (Apud
1370 4299 1591 4352 Bedaminidem
1602 4297 1704 4368 caput).
1722 4299 1763 4354 la
1778 4299 1856 4356 illu-t

214 4405 278 4447 mus
293 4406 358 4445 eum
368 4390 451 4445 sicuti
463 4393 515 4444 est.
1053 4385 1248 4439 minationem.
1260 4385 1375 4441 Haeoest
1384 4385 1502 4443 scientia
1514 4386 1575 4454 Dei,
1585 4385 1650 4458 quia
1658 4385 1855 4444 scimusillum

254 4477 296 4536 19.
312 4478 402 4552 (ibid.)
427 4471 1012 4548 TanquamadaminiSpiritu.Quodrero
1053 4487 1114 4528 esse
1129 4472 1225 4529 lumen
1251 4490 1307 4547 quo
1329 4475 1452 4530 tenebra
1477 4480 1580 4531 nostrae
1593 4475 1799 4544 illuminantur,
1822 4483 1856 4534 et

215 4567 339 4624 addidit:
357 4572 518 4637 tanquama
534 4567 646 4620 Domini
660 4565 789 4635 Spiritu,·
811 4563 933 4618 ostendit
949 4577 1013 4632 gra·
1052 4562 1146 4634 ipsum
1157 4563 1281 4630 attende,
1298 4564 1534 4635 quemadmodum
1547 4565 1677 4621 inculcet.

215 4657 286 4712 dam
301 4656 362 4728 [al.,
378 4653 485 4728 mutia]
497 4652 859 4723 nobisconferri,tanquam
877 4648 1046 4736 [ai.,tam}B
1092 4652 1118 4706 l.
1130 4651 1240 4710 Laura.
1260 4651 1396 4708 Habemus
1410 4655 1581 4710 tbmaurum.
1597 4655 1774 4710 Thesaurum
1796 4654 1856 4710 cla-

216 4744 349 4820 optabilis
357 4742 581 4801 confirmationis
601 4742 663 4814 [al.‚
680 4737 947 4810 transformationis]
963 4738 1013 4795 bo·
1055 4741 1149 4798 nitatis
1165 4742 1288 4798 scientiae
1299 4742 1351 4798 Dei
1358 4743 1426 4799 dicit
1434 4745 1574 4816 apostolos
1584 4743 1722 4801 haberein
1728 4745 1855 4801 terrama

216 4851 296 4894 num.
1054 4831 1227 4905 corporibus,
1242 4836 1275 4888 ut
1286 4833 1397 4905 quando
1412 4833 1519 4905 aliquid
1533 4833 1674 4890 subtiliter
1689 4839 1787 4908 mant,
1798 4835 1857 4890 vir-

252 4923 331 4980 (lAP.
347 4921 395 4978 IV.
415 4949 445 4965 -·
459 4919 485 4979 l.
500 4920 605 4976 Larsa.
620 4921 655 4975 ln
668 4921 704 4975 iis
718 4921 818 4990 quibus
832 4919 903 4975 deus
929 4919 1014 4988 huius
1053 4921 1109 4978 tuti
1123 4921 1174 4978 Dei
1188 4921 1339 4994 imputent,
1355 4921 1492 4981 nonsibi.

215 5016 318 5072 saculi.
334 5014 421 5080 Quasi
437 5001 563 5070 diceret:
581 5012 636 5077 Qui
664 5028 721 5067 non
746 5013 837 5067 solum
861 5011 1013 5068 invisibiles
1089 5011 1657 5068 8.Ausnoalnomnibustribulatianem.
1669 5013 1860 5069 Nuncosten·

215 5108 370 5171 meatum,
387 5103 436 5159 sed
451 5103 538 5158 etiam
551 5101 605 5156 hoc
618 5101 757 5157 invisibila
780 5100 914 5156 seculum
929 5101 1012 5173 regit,
1060 5101 1102 5157 dit
1109 5101 1176 5173 quia
1190 5099 1283 5156 idonei
1298 5100 1601 5173 erantpreedicatores:
1617 5101 1666 5174 qui
1678 5101 1858 5175 passitribu-

214 5197 359 5266 potestat
380 5194 422 5248 ita
437 5191 584 5258 construit,
601 5191 631 5245 in
653 5190 755 5263 quibus
775 5189 851 5245 Deus
874 5188 1021 5246 excecavit
1059 5191 1194 5247 lationem
1210 5205 1267 5245 non
1282 5189 1526 5262 angustiabantur,
1539 5189 1568 5244 id
1594 5195 1646 5256 est,
1671 5207 1728 5246 non
1743 5195 1860 5248 tantum

218 5289 331 5339 mentes
341 5281 497 5338 infidelium
512 5281 596 5350 hujus
612 5280 722 5346 saeculi;
744 5279 812 5353 quia
822 5280 846 5335 si
860 5279 895 5335 de
908 5280 1019 5337 diabolo
1061 5278 1301 5353 opprimebantur,
1318 5283 1350 5335 ut
1373 5279 1515 5335 cederent.
1530 5278 1747 5350 Aporiabantur,
1760 5280 1788 5334 id
1801 5285 1858 5349 est,

215 5371 388 5440 dictumest,
404 5371 479 5427 Deus
503 5371 589 5442 huJ'us
611 5370 714 5439 sacculi,
739 5371 779 5425 sic
798 5369 967 5442 intelligitur
985 5371 1015 5427 in
1056 5369 1180 5442 inopiam
1194 5367 1384 5441 patiebantur,
1399 5375 1428 5425 et
1442 5366 1542 5424 aderet
1562 5373 1660 5440 pastor
1681 5368 1765 5424 Deus.
1782 5367 1861 5439 Deji-

219 5457 390 5534 Erangelior
407 5463 538 5532 Princeps
552 5461 654 5516 mundi
667 5461 759 5530 hujus.
1056 5460 1212 5526 ciebantur,
1239 5457 1267 5514 id
1291 5463 1344 5529 eat,
1362 5458 1504 5516 veteribus
1528 5456 1789 5531 prosternebantur,
1805 5474 1862 5514 nec

250 5547 278 5610 2.
291 5551 355 5608 Nan
369 5552 445 5608 enim
462 5565 521 5609 aas.
538 5549 669 5609 Ostendit
683 5550 757 5625 quod
772 5565 830 5608 non
843 5550 902 5608 sint
918 5550 1016 5610 ambu·
1056 5547 1307 5608 momentaneis.
1497 5547 1499 5550 ’
