3872 6162
74 193 116 260 tii
579 193 790 252 conterrite.
810 187 985 250 ernanus.
1004 215 1038 242 -.-.
1057 187 1125 244 ΠΙ.
1146 187 1169 243 l.
1643 181 1697 242 tm

73 321 140 386 Quod
162 320 199 376 de
219 317 350 376 munibus
371 318 506 390 intellige,
527 325 555 374 et
575 320 599 376 ei
623 325 703 376 tanta
720 320 856 378 librorum
867 317 970 378 Aeliae
983 332 1038 370 non
1048 319 1091 370 est
1104 317 1193 370 lectus
1207 328 1298 386 neque
1311 314 1457 384 legendus,
1470 313 1518 384 qul
1528 312 1654 383 sipoteet
1667 313 1697 366 in

72 410 140 482 copia
158 415 241 476 esset,
262 415 295 465 ut
314 408 367 464 illis
383 407 491 479 jugiter
509 409 543 462 ad
569 409 670 466 lectum
687 409 857 479 jacentibus,
900 406 1009 459 duabus
1019 405 1147 462 noctibus
1156 403 1377 475 perlegi‚tandiu
1387 404 1499 473 legitur,
1509 402 1600 473 quoad
1608 418 1697 473 usque

73 497 111 552 alii
123 499 149 552 in
163 497 286 554 claustro
300 497 431 554 sedentes
445 496 548 552 habere
564 503 685 567 possent.
701 514 747 552 uc.
759 498 859 551 lucens
900 495 1024 548 finiatur.
1558 557 1563 568 ι

72 603 126 641 rere
140 585 168 640 in
183 585 254 641 lecto
269 601 325 642 non
348 585 431 641 murlo
446 601 479 640 ea
497 583 587 654 sigua,
607 601 668 656 quea
693 602 757 640 oum
774 602 858 640 niano
936 584 990 638 Sed
1006 590 1034 638 et
1048 585 1100 636 hoc
1115 583 1248 637 lectorem
1261 589 1372 654 oportet
1383 582 1544 654 scirequod
1552 598 1698 652 nunquam

72 672 857 744 fiuntdevitat,sedetiamictumoculorumnequaquam
900 673 983 727 debet
1010 673 1156 726 lecticmm
1184 672 1315 742 incipere,
1339 672 1393 726 nisi
1421 677 1486 726 ante
1509 671 1561 725 sibi
1584 671 1720 741 signum,

72 763 156 832 dirigit
164 763 202 818 acl
214 762 298 818 ullius
312 761 407 818 fratris
422 762 536 827 lectum,
548 769 580 818 ut
594 763 661 818 illuc
676 762 806 833 respiciat
817 763 859 816 vel
899 761 992 826 saciat,
1005 765 1119 831 excepto
1129 762 1163 818 ad
1178 762 1342 814 mandatum
1353 762 1381 815 in
1392 760 1508 814 sabbato
1518 777 1524 814 z
1534 767 1601 814 tunc
1610 761 1696 827 enim,

71 852 100 906 ael
113 858 293 908 momentum.
315 851 383 906 Post
396 867 510 916 nouam,
526 851 583 907 sive
595 851 672 906 sitim
688 852 799 916 lrabeat,
816 852 858 904 vel
900 855 933 902 ut
952 849 1092 902 armarius
1113 857 1226 904 cantum
1248 850 1390 912 terminat,
1415 850 1579 918 legeranno
1593 849 1698 908 tardat.

72 957 127 1006 oon,
139 945 235 996 tamen
250 955 306 996 nea
319 938 425 996 omittit
435 955 498 994 eum
508 939 571 994 eliis
586 939 614 994 in
629 939 806 994 relectorium
818 939 860 992 irc
901 939 955 1002 Qui
969 937 1020 991 tali
1034 939 1103 991 bore
1118 939 1152 991 ed
1167 938 1345 992 collationem
1361 937 1447 1003 uenit,
1468 938 1540 1008 quod
1557 939 1599 992 vel
1614 939 1698 993 dimi·

72 1028 213 1088 bibiturua.
228 1027 282 1082 uisi
294 1027 330 1084 sit
345 1026 573 1093 obedientiarius,
589 1031 601 1054 *
616 1034 645 1084 et
661 1045 695 1082 ea
708 1028 778 1082 hora
792 1026 860 1080 loris
900 1027 979 1081 dium
993 1043 1098 1093 versus,
1121 1027 1249 1080 lectionis
1267 1026 1347 1080 audit
1366 1026 1499 1086 sedendo,
1519 1033 1633 1098 propter
1647 1027 1700 1082 hoe

72 1116 177 1174 nimium
191 1123 353 1186 occupatos.
368 1129 416 1170 eu.
429 1115 544 1178 Quoties
557 1121 760 1186 postvesperos
770 1129 860 1170 crana-
901 1116 1011 1170 veniam
1026 1117 1061 1169 ad
1082 1116 1237 1174 crastinum
1258 1114 1413 1186 capitulum
1437 1131 1493 1168 non
1509 1116 1586 1184 petit.
1607 1117 1700 1170 Finita

72 1211 120 1270 tur,
130 1203 292 1266 cecalacm
302 1204 499 1262 dorrnttorium
512 1205 648 1264 ascendit,
663 1208 675 1232 *
691 1206 812 1270 cultrum
823 1204 859 1260 ad
901 1211 996 1258 autem
1007 1205 1135 1266 lectione,
1148 1203 1282 1258 lectoribi
1296 1205 1374 1272 juxta
1385 1203 1544 1273 analogium
1557 1203 1699 1260 tacitante

72 1298 145 1362 caput
171 1292 297 1363 deuouit,
323 1294 502 1352 nocturnales
523 1295 631 1350 calceos
653 1295 754 1357 induit,
780 1294 859 1348 etin
901 1298 930 1346 et
943 1300 1019 1347 retro
1042 1301 1071 1347 et
1090 1293 1187 1347 statim
1210 1292 1275 1356 evit,
1294 1291 1348 1346 nisi
1363 1293 1400 1346 sit
1422 1293 1451 1346 in
1466 1293 1611 1359 custodia3
1631 1297 1701 1350 tune

72 1382 213 1440 claustrum
223 1382 320 1442 sedere
331 1383 415 1440 venit.
428 1383 480 1438 Ubi
491 1384 525 1438 ad
536 1383 614 1440 illam
625 1383 723 1441 liorem
735 1383 859 1453 quandiu
901 1397 1053 1452 parumper
1080 1381 1229 1447 divertens,
1261 1382 1405 1435 custodem
1435 1397 1516 1436 suum
1546 1388 1697 1452 exspectat.

72 1471 147 1536 sedet,
162 1477 312 1542 tantopere
325 1471 437 1530 silentio
452 1473 556 1537 studet,
579 1478 611 1528 ut
634 1473 659 1526 si
673 1473 775 1526 sciolus
789 1473 859 1526 scri-
900 1471 1014 1535 mines,
1027 1471 1075 1541 qui
1091 1475 1238 1525 remanent
1252 1471 1286 1524 de
1301 1471 1432 1541 capitulo,
1445 1471 1526 1524 linita
1539 1472 1697 1538 collatione,

73 1559 142 1616 beru
156 1561 228 1618 terte
238 1561 307 1631 quid
317 1561 470 1634 scripserit,
480 1579 532 1616 uec
541 1577 722 1633 pergameno,
734 1577 785 1616 nec
794 1577 859 1630 pen·
900 1559 1004 1627 egressi
1020 1560 1055 1616 de
1069 1560 1193 1630 capitulo
1214 1560 1249 1613 ad
1264 1559 1406 1612 sinistram
1421 1565 1530 1630 partem
1545 1561 1698 1626 divertunt,

71 1663 101 1702 na
111 1648 166 1718 ipsa
178 1647 316 1720 quidquid
328 1649 437 1706 sonitus
450 1650 507 1707 ullo
523 1650 606 1706 modo
616 1650 794 1712 committat;
810 1657 859 1704 aut
870 1634 997 1712 Bdonec,
1014 1655 1073 1702 toto
1087 1655 1224 1702 conventu
1247 1665 1368 1718 egresso,
1385 1647 1420 1701 dc
1434 1647 1533 1702 abbate
1547 1649 1590 1702 vel
1606 1650 1700 1720 priore

72 1736 297 1807 situdiusquam
309 1738 786 1802 celeritenormnericdescendit,
799 1749 858 1794 tarn
900 1737 1042 1790 licervtiara
1066 1736 1187 1791 abeundi
1205 1737 1352 1808 accipiant.
1376 1738 1454 1792 Tunc
1476 1738 1590 1791 enimsi
1612 1738 1702 1808 aliqui

72 1825 135 1878 lente
151 1825 249 1895 pedem
265 1832 360 1895 ponat,
376 1831 409 1883 ut
422 1827 483 1895 ejus
505 1827 640 1892 incessus,
657 1827 680 1882 si
701 1827 810 1884 videtur
824 1825 859 1882 ab
900 1825 1001 1879 fratres
1013 1825 1145 1886 sitierint,
1163 1827 1236 1882 lacto
1248 1826 1331 1895 signo
1342 1825 1483 1880 licentiam
1498 1825 1611 1881 bibendi
1626 1827 1699 1880 ecci-

73 1913 134 1974 aliis,
146 1914 365 1969 minimetamcn
376 1914 567 1985 abillopcssit
578 1915 679 1970 audiri.
690 1913 858 1984 Huiusmodi
900 1913 989 1984 piunt.
1007 1913 1105 1973 Serius
1121 1931 1184 1968 vero
1209 1929 1386 1985 nequaquam
1409 1914 1569 1983 hujusmodi
1587 1915 1699 1972 lieentia

72 2009 154 2058 autem
168 2001 311 2058 silentium
327 2003 383 2058 alio
399 2009 525 2073 tempore
539 2019 597 2061 nou
611 2009 667 2058 tam
683 2003 801 2058 sollicite
817 2007 859 2056 est
900 2007 943 2057 eet
957 2003 1086 2073 petenda,
1108 2019 1159 2057 nec
1173 2003 1257 2058 etiam
1274 2003 1400 2073 posthoc,
1417 2002 1470 2056 nisi
1488 2015 1568 2070 raro;
1585 2009 1701 2074 excepto

73 2089 274 2145 observandum.
286 2095 297 2116 '
308 2091 469 2154 carendum,
479 2097 522 2146 est
532 2097 625 2148 auterre
636 2097 693 2145 tam
704 2098 767 2162 post
778 2107 859 2162 pran-
900 2092 923 2146 si
936 2091 1090 2162 quemlibet
1103 2092 1253 2146 venemens
1266 2091 1328 2144 sitis
1350 2091 1492 2154 invaserit,
1509 2109 1571 2162 quae
1585 2093 1699 2147 omnino

71 2179 138 2237 dium
152 2197 236 2251 quam
258 2185 323 2253 post
337 2197 453 2244 cenum
468 2181 577 2252 nequis
592 2186 744 2252 praesumet
759 2196 858 2238 manus
901 2180 937 2234 sit
966 2180 1150 2234 intolerabilia
1176 2199 1182 2234 :
1206 2180 1344 2251 ejusmodi
1367 2193 1491 2250 namque
1517 2181 1701 2236 vehementia

73 2269 163 2336 lauare,
188 2269 312 2340 exceptis
341 2270 534 2340 scriptorrbm,
552 2277 581 2330 cr
602 2269 706 2340 siquis
729 2270 859 2327 sacerdos
901 2275 1014 2324 nonest
1034 2269 1077 2324 lex
1093 2269 1205 2339 posita:
1222 2283 1398 2339 quacumque
1419 2269 1494 2322 enim
1517 2268 1586 2322 hora
1601 2283 1701 2340 querc·

72 2358 120 2412 tale
136 2358 201 2428 quid
221 2358 308 2419 hebet
326 2359 354 2414 in
374 2359 480 2415 missali
499 2358 570 2414 libro
585 2358 735 2430 praevidere
751 2375 757 2410 ε
775 2375 859 2428 quom
900 2375 985 2429 quam
1009 2364 1090 2414 tenta
1110 2357 1291 2412 intolerantia
1315 2358 1430 2416 vexarit.
1447 2358 1532 2412 etiam
1552 2357 1582 2412 in
1601 2357 1702 2418 mediis

72 2451 129 2500 tunc
142 2447 286 2518 temporis.
299 2446 352 2503 uisi
369 2447 629 2518 pannoiurolutum
646 2463 786 2517 nusquam
796 2463 859 2518 por·
899 2447 1056 2506 nmtuticis,
1085 2452 1162 2518 petet
1184 2447 1324 2500 licentiam
1351 2445 1474 2504 bibendi.
1500 2447 1561 2510 Qua
1587 2452 1700 2519 accepte

72 2534 142 2588 tabit.
156 2535 235 2600 Quod
248 2536 367 2593 sacrista
388 2537 595 2607 uehujusmocli
607 2535 694 2608 panai
706 2537 858 2608 eliciendo
897 2537 980 2607 jussu
994 2535 1097 2606 prioris
1113 2535 1208 2606 aliquo
1223 2551 1286 2589 eum
1301 2535 1454 2590 comitante
1469 2535 1520 2589 ibit
1534 2536 1563 2590 in
1577 2537 1702 2590 infirme-

72 2622 165 2680 ibidem
178 2625 281 2692 desint,
295 2625 461 2696 providebit.
900 2624 982 2680 riam.
999 2631 1028 2678 et
1046 2639 1097 2677 nec
1111 2624 1261 2677 revertitur
1277 2630 1373 2694 postea
1399 2624 1426 2677 in
1448 2629 1626 2684 conventum.
1646 2624 1703 2679 nisi

340 2715 456 2772 CAPUT
473 2713 584 2772 Llillll.
900 2719 1078 2782 cotempore.
1090 2727 1146 2781 quo
1156 2717 1184 2764 et
1196 2711 1314 2782 quilibet
1328 2711 1466 2773 infirmus,
1481 2725 1532 2764 neo
1546 2711 1702 2766 sinelicen-

129 2802 164 2856 lte
179 2819 218 2866 co,
234 2804 462 2871 comtemnere
477 2806 660 2860 claustmcuo
676 2810 794 2873 tempore
900 2801 950 2855 tia.
966 2801 1001 2854 Et
1024 2799 1178 2863 sciendum,
1196 2800 1270 2870 quod
1285 2799 1333 2870 qui
1352 2800 1387 2853 de
1409 2799 1591 2870 completorio
1606 2813 1700 2854 rema-

362 2877 539 2930 “mimiti-
902 2895 978 2948 neat.
1013 2905 1077 2943 cum
1105 2889 1211 2942 iaciunt
1238 2888 1401 2958 praedictum
1427 2889 1539 2958 sigrium
1568 2887 1700 2956 abeundi,

102 2961 308 3018 Procurandum
324 2965 367 3018 est
380 2964 477 3030 ctiam,
493 2969 525 3018 ut
539 2963 568 3020 in
582 2969 708 3035 tempore
725 2965 857 3036 hyemali,
867 2981 892 3044 0
902 2983 1020 3051 possum
1043 2993 1162 3048 quoque,
1179 2977 1203 3031 si
1227 2975 1342 3033 bibituri
1366 2985 1441 3044 sunt,
1466 2978 1528 3049 ipsa
1542 2985 1625 3036 „0020
1639 2991 1701 3032 am.

73 3049 213 3122 iserae
226 3052 318 3108 serius
337 3053 443 3116 fluitur,
455 3045 550 3111 lumen
568 3069 632 3108 mox
646 3070 698 3124 per
706 3054 859 3116 claustrum
902 3069 1083 3139 perceperam
1097 3066 1236 3120 iraeneum
1250 3066 1373 3120 urcem.
1391 3067 1449 3120 nne
1468 3081 1541 3132 vero,
1555 3068 1603 3138 qm
1618 3081 1701 3121 oau-

72 3141 242 3206 accendatur,
256 3140 324 3212 quia
338 3147 491 3198 conventus
510 3142 722 3198 nocturnalibus
744 3141 860 3203 indutis,
902 3156 960 3228 pagi
975 3156 1036 3210 suis
1050 3155 1150 3210 officijs
1165 3155 1315 3226 anquando
1331 3171 1382 3226 per
1395 3155 1537 3210 licentiam
1552 3157 1654 3210 degum
1666 3156 1703 3210 „d

70 3227 174 3294 iuitllssss
194 3247 308 3309 quoque
332 3230 448 3296 laternis
470 3232 593 3286 8⁶⁰&ssss
615 3231 738 3286 sedendO
758 3230 862 3302 absque
903 3245 1090 3310 collationem,
1112 3245 1183 3299 sicem
1202 3251 1246 3298 est
1259 3243 1439 3315 hospitarius,
1454 3245 1701 3316 eleemosynarius,

73 3316 150 3386 libris,
161 3325 257 3374 &¹¹10ss
268 3325 439 3390 eisleciflnb
452 3319 539 3376 d0¹¹⁰⁰
549 3319 708 3392 cymbalum
720 3320 755 3374 ad
769 3319 862 3374 biben·
903 3339 932 3388 ct
946 3334 1040 3390 caeteri
1051 3334 1223 3403 hujusmodi,
1240 3338 1339 3404 petunt
1352 3333 1423 3387 hauc
1444 3333 1585 3387 licentiam
1597 3335 1709 3389 aeelle«

73 3405 130 3460 ‘¹⁰⁰¹
145 3408 329 3480 percutiatur·
345 3409 422 3462 Tunc
443 3409 516 3464 ‘ssim
536 3408 597 3464 ⁸³³0
614 3425 694 3466 ¹¹¹⁰&
703 3409 787 3496 prior
798 3425 864 3462 ⁰0¹¹·
904 3421 988 3484 racio,
1005 3421 1114 3478 silorte
1130 3438 1186 3477 non
1202 3422 1311 3494 possint
1326 3437 1343 3475 a
1361 3422 1454 3492 priore
1466 3423 1618 3490 claustrali,
1634 3423 1703 3477 dum

74 3497 143 3554 cutit.
157 3504 186 3552 et
198 3505 293 3552 custos
305 3497 540 3552 hebdomadarius
554 3503 620 3554 ante
634 3499 742 3552 smitam
755 3496 864 3552 bibitio·
905 3510 972 3565 facit
986 3511 1089 3566 circam
1103 3517 1167 3581 post
1180 3510 1395 3581 completorium
1411 3511 1524 3565 haum,

73 3599 127 3639 nem
142 3593 209 3642 ante
225 3591 254 3640 et
269 3593 344 3640 retro
358 3585 472 3650 iaciens,
489 3586 601 3644 nonnisi
612 3587 709 3658 iussus
723 3586 759 3640 ad
779 3586 864 3640 rolla·
1185 3599 1302 3654 CAPUT
1328 3600 1423 3654 LXIX,

73 3672 169 3728 tionem
197 3675 303 3748 pulsat,
335 3681 366 3730 ut
391 3681 530 3730 conventu
553 3677 588 3730 ‹le
614 3675 761 3730 refectorio
781 3681 865 3728 curate
1041 3689 1076 3741 lle
1089 3689 1179 3755 putre
1193 3690 1391 3744 (wrmircrsum
1405 3695 1570 3758 aspramente,

72 3769 377 3834 consequenterflgailil'
387 3764 507 3822 collatio.
519 3765 562 3818 Ad
570 3765 688 3820 eundum
701 3763 864 3821 bibitionem
943 3778 955 3800 *
969 3776 1037 3830 Post
1049 3777 1262 3847 completorium
1274 3777 1361 3831 frater
1372 3777 1407 3832 ad
1418 3779 1624 3849 aspergendum
1639 3779 1704 3834 dop-

73 3851 191 3927 quisquis
206 3851 427 3908 obedientiarius
440 3859 554 3926 propter
562 3852 715 3908 instantem
730 3869 787 3906 811ae
797 3851 863 3908 obe-
906 3863 1050 3919 mitorium
1065 3865 1216 3935 deputatus
1235 3866 1293 3936 (qui
1311 3866 1396 3920 etiam·
1417 3883 1566 3922 conversus
1584 3881 1645 3922 esse
1659 3885 1705 3939 po-

71 3937 175 3996 dienbae
200 3943 396 4000 necessitatem
412 3948 479 3998 ante
501 3943 570 3997 ulios
589 3943 649 3998 sine
669 3942 783 4001 liceniiu
797 3944 863 4012 exii,
906 3958 1044 4016 testrmox
1055 3955 1135 4008 finito
1145 3955 1325 4025 completorio
1336 3961 1401 4009 ante
1418 3957 1534 4011 chorum
1552 3958 1666 4023 secedit,
1676 3963 1705 4012 et

72 4043 121 4082 noc
134 4030 316 4096 reclametur,
332 4031 386 4088 nisi
400 4032 500 4106 sapius
511 4033 539 4086 id
550 4032 585 4086 ab
598 4049 631 4088 oo
646 4037 799 4104 reposcam.
904 4043 985 4114 Juxta
999 4042 1099 4109 altare,
1122 4059 1178 4114 quo
1199 4043 1303 4099 mermi
1326 4045 1434 4108 senece,-
1455 4047 1574 4116 pinam
1595 4049 1707 4099 aarum

334 4121 450 4178 CAPUT
471 4120 596 4178 Llll'lll.
907 4131 1062 4186 orationem
1078 4132 1153 4186 lacit.
1170 4132 1232 4196 Qua
1245 4131 1319 4186 sacta
1336 4133 1517 4203 semetipsum
1533 4149 1606 4204 aqua
1620 4133 1708 4186 bene-

289 4217 326 4272 lle
339 4217 435 4272 lectore
449 4218 640 4274 collationum.
909 4220 984 4276 dicta
997 4221 1112 4292 spargit,
1125 4221 1220 4291 sicque
1238 4221 1365 4275 aseendit
1375 4221 1582 4288 dormitorium,
1593 4227 1624 4275 ut
1637 4221 1707 4275 illud

106 4301 118 4323 '
131 4302 272 4366 Quoniam
288 4319 344 4361 uon
358 4309 402 4360 cst
422 4309 525 4360 course
547 4306 768 4372 consummitate,
784 4312 816 4362 ut
837 4306 866 4362 in
908 4315 1049 4380 aspergat.
1060 4309 1142 4373 Quod
1156 4309 1271 4379 quidem
1285 4325 1430 4380 nunquam
1445 4310 1560 4373 omittit,
1578 4309 1633 4364 nisi
1647 4309 1707 4364 (lies

73 4387 164 4446 tabula
179 4397 295 4448 cotem
306 4393 745 4466 lectoroolistionis,i(ieome,jor
761 4395 867 4455 sollici·
907 4397 1055 4452 Dominiea
1077 4397 1123 4454 eit.
1150 4397 1251 4464 Finito,
1273 4404 1305 4452 ut
1319 4399 1425 4453 dictam
1441 4403 1494 4466 eet,
1510 4397 1706 4470 completorio,

74 4480 137 4534 tudo
149 4481 310 4554 debetesse
325 4483 457 4548 armario,
477 4488 510 4538 ut
530 4484 694 4555 tempestive
712 4485 867 4556 provideat,
908 4503 972 4542 curn
986 4487 1087 4541 iterum
1107 4485 1211 4542 seciam
1228 4493 1286 4541 tres
1309 4487 1460 4554 orationes,
1477 4482 1513 4542 ad
1537 4487 1589 4542 has
1614 4486 1708 4541 locere

73 4583 103 4620 ne
115 4571 334 4642 negligentiam
348 4572 510 4644 legendoad
524 4573 703 4636 collationem
712 4574 865 4644 contingat.
908 4580 985 4630 tenet
994 4581 1160 4642 extremum,
1172 4582 1202 4630 et
1216 4577 1324 4647 priores
1334 4577 1514 4632 anteriomre.
1525 4575 1633 4641 Quibus
1645 4589 1710 4646 per·

74 4655 249 4730 Quapropter
259 4661 289 4726 in
302 4661 348 4721 dir
362 4661 510 4723 Dominicis
522 4662 572 4726 dat
585 4661 688 4720 librum
703 4679 752 4733 per
762 4663 867 4718 ucune-
910 4662 990 4730 actis,
1007 4680 1022 4717 e
1037 4664 1121 4721 cucco
1137 4664 1287 4721 novissime
1301 4679 1430 4735 egressus
1442 4666 1578 4721 altaribus
1592 4666 1651 4720 illle
1664 4679 1711 4720 re·

73 4747 183 4802 medam
199 4749 316 4810 lecturo,
330 4749 551 4821 eiqueostendit,
566 4750 612 4809 ubi
626 4750 869 4822 inciperedebeat.
910 4759 1039 4808 verenter
1056 4752 1179 4807 inclinat.
1195 4753 1275 4818 Quod
1290 4754 1375 4809 etiam
1392 4769 1523 4826 aspersae
1537 4771 1611 4828 aqua
1624 4753 1712 4809 baee-

73 4833 138 4888 Nam
171 4838 322 4907 preteritae
349 4837 529 4897 hebdomadae
559 4840 647 4898 lector
669 4839 722 4911 ipsi
747 4841 872 4898 armario
911 4841 985 4896 dieta
1000 4841 1174 4896 esamrdote
1186 4842 1371 4898 nibilominus
1384 4843 1522 4899 observat.
1538 4847 1606 4912 (nen
1620 4839 1656 4898 Et
1668 4851 1713 4898 ree

73 4926 204 4992 ostendit,
221 4925 269 4982 ubi
291 4927 401 4998 tegendi
422 4929 508 4992 linem
528 4929 636 4988 fecerit.
652 4929 814 4988 Cavendum
828 4935 871 4986 est
911 4929 992 4984 mens
1006 4931 1042 4985 ad
1057 4930 1162 4986 ostiam
1176 4931 1299 4986 eeclesiae
1314 4935 1398 5002 eaput
1416 4933 1507 5004 operit
1521 4946 1585 4987 com
1605 4933 1713 5002 capelle

73 5015 205 5080 armario,
222 5031 258 5070 ne
273 5031 397 5086 unquam
419 5017 512 5074 mium
531 5017 617 5081 sciolo
635 5017 663 5080 id
686 5017 824 5089 injungat,
841 5025 873 5074 ut
912 5033 965 5074 nec
977 5019 1098 5090 amplius
1112 5019 1238 5074 mactat
1258 5037 1347 5092 usqua
1367 5021 1435 5076 eam
1450 5035 1481 5076 ee
1494 5019 1669 5077 collocaverit
1681 5019 1711 5072 in

73 5103 299 5160 resolutionem
314 5105 402 5176 legat3
418 5107 468 5170 sed
485 5113 544 5169 tam
559 5107 733 5168 coaveaiecri
750 5115 778 5166 et
791 5108 873 5164 tmel-
913 5107 995 5167 lecto.

14 5183 16 5244 l
75 5191 168 5262 ligccti
181 5209 380 5264 personaeque
394 5195 433 5252 ita
448 5195 870 5266 lesmctcccieateaedmcst.
1204 5197 1322 5256 carue
1340 5199 1421 5255 Lxx÷

75 5275 105 5334 lc
118 5282 270 5356 precipuis
283 5282 490 5348 festivitatibus,
502 5284 605 5356 quibus
617 5302 636 5350 a
648 5291 771 5356 quatuor
786 5288 876 5344 Venite
956 5315 960 5324 ·
1158 5289 1294 5354 Quomodo
1308 5305 1334 5343 se
1347 5292 1461 5344 collocet.

75 5371 425 5435 acaemetensium
442 5373 548 5444 cappis,
563 5373 747 5446 sipreprium
766 5391 873 5434 samoe
951 5379 1018 5445 rua.)
1033 5377 1117 5448 Ergo,
1130 5378 1241 5437 emnad
1252 5379 1355 5432 lectum
1366 5373 1572 5442 veneritsiest
1584 5373 1714 5431 booroet

75 5471 136 5519 aem
152 5457 352 5532 rumpemus
368 5461 472 5534 buitur
485 5462 722 5536 malemein,
738 5465 878 5533 atsutia
914 5467 1028 5522 centra
1043 5467 1171 5536 munuc
1185 5465 1306 5523 nom
1320 5466 1408 5539 prose
1424 5467 1456 5521 tt
1471 5469 1558 5535 super·
1574 5465 1713 5534 ubuum,
