3970 6172
229 286 298 345 troo
759 287 945 343 utaentur
964 269 1148 344 onustans.
1169 289 1332 345 nouauit.
1752 309 1755 316 ·
1795 285 1862 343 test

225 414 354 472 notitiam
368 412 453 467 dedit.
470 412 613 467 Attonitus
627 413 728 483 hospes
747 413 819 468 tanti
841 421 960 486 stupore
969 413 1169 484 nti-adonico,
1192 415 1233 468 vel
1249 432 1282 469 ex
1298 419 1404 468 terrore
1426 413 1499 466 liunt
1513 411 1640 481 expedita
1664 411 1780 465 libertas
1794 427 1860 466 con-

225 503 322 566 rotuli,
335 502 474 572 simulque
488 502 618 556 laudibus
632 503 738 556 diutius
752 503 917 558 immoratus
932 505 1021 559 omni·
1062 504 1215 558 ditionibus
1238 508 1320 557 esset.
1347 502 1573 556 liberalissimus
1596 499 1725 571 princeps
1743 500 1861 555 libenter

224 591 425 663 potentissima
446 591 642 646 misericordiae
658 592 781 659 Domini,
796 593 866 648 dixit
879 595 913 648 ad
930 611 993 648 eum
1011 613 1017 649 :
1061 592 1169 650 annuit.
1186 591 1258 647 etin
1275 591 1372 662 primis
1386 592 1477 661 gratis
1492 607 1553 661 quae
1567 588 1734 660 petebantur
1748 591 1859 660 exsequi

225 701 237 732 t
258 681 282 736 0
303 679 415 734 domine
435 681 525 749 liugn,
542 680 564 733 si
584 681 727 735 desideras
746 681 810 736 boni
833 683 884 736 viri
907 700 1019 754 compos
1060 680 1165 743 volens,
1183 681 1360 751 postmodum
1388 679 1492 734 saniori
1515 678 1631 732 consilio
1650 678 1771 748 pretium
1787 678 1859 748 quod

221 767 351 829 oristeo,
371 769 439 823 nulli
462 769 510 823 alii
531 769 631 823 melius
659 775 722 840 post
744 771 865 841 gratiam
885 772 1019 844 principis
1057 769 1166 839 justum
1182 777 1225 823 est
1238 770 1355 840 benigne
1371 769 1485 838 recapit·
1501 774 1530 822 el
1544 767 1704 837 tuingellw
1723 769 1857 837 0¹⁰ml’l02

221 857 423 929 apostolorum,
445 873 528 928 quom
549 858 666 929 principi
688 860 810 914 contestis
824 861 960 923 atterritus
975 879 1019 916 ar·
1059 859 1296 928 quemadmodum
1311 859 1345 911 de
1369 856 1460 928 pretio
1476 855 1585 910 Domini
1602 863 1714 925 emptus
1729 863 1773 909 est
1793 872 1859 926 ager

220 946 356 1016 changeio
372 945 501 1001 Michaeli
517 951 545 1001 te
567 947 648 1002 dccet
670 947 828 1002 caenobium
843 956 1015 1014 construere,
1058 945 1086 1000 ln
1102 948 1275 1017 sepulturam
1291 947 1512 1016 peregrinorum,
1528 946 1672 1000 monachis
1684 945 1786 998 saeculo
1803 962 1859 998 mo-

219 1040 260 1101 ut,
276 1035 399 1090 dimissis
413 1035 542 1091 omnibus
561 1037 684 1107 peccatis
698 1038 764 1099 tuis.
779 1037 845 1093 inda
863 1039 955 1094 exitus
974 1041 1016 1096 tui
1058 1035 1155 1089 ritulis
1170 1036 1198 1090 iu
1225 1036 1321 1090 codam
1339 1036 1399 1089 loco
1413 1035 1503 1106 pretio
1520 1034 1610 1088 vitalis
1631 1034 1778 1104 sepultura
1793 1051 1856 1104 pro-

219 1123 255 1177 de
268 1123 321 1178 hoc
333 1123 430 1178 exsilio
443 1123 543 1178 animae
558 1128 614 1178 tuat
628 1125 682 1178 iste
694 1125 731 1180 sit
743 1133 864 1197 ereptor,
876 1132 905 1182 et
917 1129 1016 1184 Petrus
1056 1123 1173 1186 veniret,
1188 1129 1217 1179 et
1230 1124 1333 1179 suturis
1347 1124 1521 1194 temporibus
1542 1122 1717 1192 relragandae
1739 1121 1856 1177 coenobii

219 1216 356 1282 receptor.
378 1231 391 1265 a
413 1211 503 1266 Simul
531 1212 616 1265 etiam
636 1212 728 1268 locum
753 1215 909 1285 praelatum,
931 1234 1015 1289 quarn
1057 1211 1194 1266 libertatis
1205 1212 1313 1266 occasio
1328 1213 1404 1267 nulla
1416 1211 1498 1266 toret.
1509 1213 1575 1265 Post
1587 1212 1646 1266 hoc
1657 1211 1691 1265 ad
1705 1210 1856 1282 hospitium

216 1299 371 1371 protimus,
387 1299 516 1355 videlicet
529 1315 569 1355 att
589 1301 723 1366 millibus,
746 1310 829 1370 esset,
853 1307 1013 1375 ostendens,
1056 1299 1136 1356 laelus
1162 1303 1244 1372 Hugo
1265 1301 1435 1372 regreditur,
1447 1307 1475 1356 tl
1488 1299 1603 1355 00ss⁸l1l0
1618 1300 1801 1355 nihilominus
1812 1300 1859 1354 1¹⁰·

216 1395 246 1446 et
259 1389 439 1463 prelatorum
450 1391 647 1446 miraculorum
659 1391 860 1448 nobilissimam
874 1397 1014 1451 narratio·
1055 1390 1136 1460 sullis
1149 1390 1249 1454 viuum,
1262 1390 1306 1444 cul
1322 1391 1440 1445 luieluiu
1451 1390 1504 1444 lOCl
1514 1389 1717 1444 commilieiel·
1727 1390 1856 1460 quaesliu·

217 1495 281 1535 nem
296 1496 476 1552 prosequens,
499 1480 608 1534 animos
621 1480 673 1534 viri
692 1482 860 1551 jamdudum
881 1485 916 1539 ad
931 1485 958 1538 id
974 1487 1014 1540 in·
1055 1494 1112 1534 rus·
1129 1478 1245 1533 luluu'm
1259 1480 1327 1550 qula
1340 1478 1389 1534 vlae
1404 1479 1512 1534 occasi«)
1526 1495 1556 1533 ὅθ
1570 1478 1699 1550 prebuit.
1713 1495 1778 1533 cum
1792 1495 1856 1549 pau·

216 1575 309 1625 mnus
323 1569 525 1624 exhortationis
539 1569 618 1624 bone
632 1570 760 1624 scintillis
774 1574 902 1628 accendit
922 1577 1014 1646 atquo
1055 1569 1095 1622 cis
1109 1568 1144 1622 od
1166 1568 1270 1622 montis
1285 1584 1429 1627 cacumen.
1448 1567 1642 1624 habitudinem
1659 1569 1713 1623 loci
1735 1568 1854 1630 visuros,

215 1657 255 1714 sic
271 1657 384 1712 tandem
405 1662 434 1712 et
455 1657 537 1712 verba
551 1658 661 1724 salutis,
678 1665 706 1714 et
722 1660 796 1714 diem
820 1678 875 1732 quo
889 1662 953 1717 fessi
970 1681 1014 1719 vn.
1055 1658 1148 1727 potius
1161 1658 1249 1712 animi
1263 1675 1346 1728 quam
1364 1658 1390 1711 vi
1403 1657 1529 1728 corporis
1548 1667 1624 1718 (nant
1650 1657 1694 1711 via
1709 1663 1772 1712 erat
1785 1658 1856 1711 dilli-

215 1752 318 1802 ncrant
339 1762 391 1800 nox
413 1745 586 1816 subsequens
600 1748 710 1802 clausit.
727 1750 813 1804 Adest
829 1751 1014 1823 archangelus
1025 1767 1044 1826 [J
1056 1747 1171 1814 tillium)
1198 1747 1330 1800 liuhllui'·
1347 1747 1426 1802 AEslu
1442 1762 1508 1818 eigo
1524 1747 1566 1800 iel
1591 1745 1685 1800 lubuit
1700 1747 1793 1800 festus
1806 1746 1856 1799 ad·

213 1851 265 1906 per
280 1833 414 1889 visionem
429 1835 568 1906 soporatis
588 1837 714 1907 utrisque
730 1839 906 1909 conjugibus,
922 1847 951 1894 et
964 1858 1013 1896 ea·
1054 1835 1178 1900 modum,
1208 1835 1264 1889 lm⁰
1292 1835 1338 1889 till
1366 1842 1437 1890 nutu
1466 1835 1517 1890 Del
1546 1835 1690 1899 deficient·
1710 1834 1746 1888 ad
1772 1835 1856 1906 pedes

214 1923 277 1978 dent
291 1924 383 1994 specie
395 1923 558 1995 eisdemque
572 1925 663 1979 verbis
675 1927 846 1998 conspicitur
858 1936 887 1983 et
899 1931 1014 1985 auditur
1054 1924 1186 1983 eremita.
1204 1924 1249 1977 cui
1268 1923 1391 1979 ecclesiae
1412 1924 1544 1994 contigua
1559 1932 1619 1978 erat
1638 1924 1710 1978 cella
1724 1925 1856 1994 parvissi-

212 2030 230 2070 a
251 2013 370 2070 duobus.
397 2015 534 2069 Hortatur
553 2020 580 2069 et
599 2015 729 2087 imperat,
751 2023 783 2071 ut
802 2017 830 2070 in
849 2019 909 2073 loco
928 2037 1012 2091 quam
1054 2029 1109 2074 ma,
1123 2013 1328 2084 prosternitur,
1346 2020 1374 2067 et
1388 2019 1420 2066 ut
1434 2013 1605 2084 archangeli,
1621 2013 1644 2067 si
1659 2029 1716 2066 non
1731 2013 1855 2066 humano

211 2103 313 2176 hospes
333 2103 536 2174 designaverat,
553 2103 640 2158 totius
661 2105 772 2160 consilii
793 2107 865 2161 viras
884 2109 963 2179 figat,
984 2114 1013 2164 et
1053 2102 1179 2167 consilio,
1195 2102 1268 2155 tanti
1291 2101 1407 2172 periculi
1430 2103 1568 2156 medelam
1589 2101 1758 2168 quantocius
1778 2102 1855 2156 inve·

211 2193 318 2264 absque
331 2192 506 2247 dubitatione
520 2194 724 2248 monasterium
747 2193 894 2262 fabricans,
912 2199 1012 2254 anima
1052 2190 1121 2256 ulti,
1136 2191 1312 2260 deplectitur·
1324 2191 1438 2245 Audiuit
1451 2191 1487 2245 ab
1503 2191 1550 2245 illo
1564 2207 1666 2263 aquam
1682 2191 1712 2244 in
1726 2190 1856 2262 proximo

211 2297 269 2337 sua
284 2281 395 2336 coeleste
414 2297 444 2336 se
468 2287 630 2336 construere
653 2283 788 2353 palatium
812 2300 868 2338 non
890 2286 1009 2345 diffidat.
1052 2279 1233 2346 uoulmberi;
1251 2279 1344 2333 vinum
1360 2287 1454 2334 autem
1471 2280 1500 2333 in
1514 2280 1668 2351 ampullula
1683 2296 1778 2351 parva,
1792 2297 1855 2351 quae

211 2370 267 2426 Vir
280 2377 344 2444 post
355 2371 555 2426 revelationem
571 2370 647 2442 prior
661 2371 784 2442 evigilat,
800 2378 828 2427 et
844 2379 903 2429 turn
919 2376 1008 2442 uxori,
1051 2368 1086 2423 ad
1100 2369 1183 2423 uului
1200 2368 1292 2423 missae
1310 2369 1528 2425 celeblulluutffl
1542 2369 1585 2423 il¹
1598 2375 1694 2442 POSSOl
1711 2371 1854 2434 stillim,

210 2459 390 2533 Insongomo
405 2460 527 2522 nornine,
541 2459 627 2514 totius
639 2465 766 2516 tenorem
776 2461 890 2517 visionis
900 2470 1007 2519 narrat,
1051 2457 1199 2512 contineri.
1215 2459 1304 2512 Penes
1320 2458 1405 2512 senil
1425 2457 1540 2512 omnino
1560 2458 1676 2512 remedii
1693 2457 1763 2513 lore.
1779 2459 1855 2512 Nam

209 2550 363 2622 Postquam
378 2553 407 2604 et
427 2549 490 2620 ipsa
508 2549 606 2603 retulit
620 2566 678 2604 suae
692 2552 868 2606 concordiam
884 2553 1007 2620 visionis,
1050 2548 1181 2600 tutulum
1197 2547 1360 2617 archangeli
1375 2547 1473 2618 procul
1489 2547 1574 2601 dubio
1589 2547 1684 2602 omnia
1699 2564 1794 2618 posse.
1810 2545 1856 2602 ln·

210 2638 288 2694 ocior
301 2643 393 2693 stratu
421 2653 451 2693 se
470 2637 599 2708 proripit,
626 2644 652 2693 et
677 2637 835 2708 hospitibus
859 2642 1007 2699 sciscitatis
1049 2635 1778 2707 stantequemsitisetaestuspericulumcoartabat‚
1795 2653 1855 2690 ere·

208 2726 349 2800 quomodo
364 2726 465 2784 melius
479 2727 514 2781 ad
531 2726 658 2781 ellectum
670 2743 716 2782 res
727 2727 855 2794 ducatur,
868 2732 1008 2801 sagaciter
1049 2725 1118 2779 mila
1140 2725 1254 2779 laudem
1280 2725 1385 2795 pietate
1408 2729 1574 2790 concitatur.
1590 2730 1619 2779 ei
1637 2724 1851 2795 archangelum·

208 2816 354 2872 consilium
376 2814 485 2887 quaerit.
507 2813 586 2871 'l'unc
604 2830 676 2871 uxor
695 2817 813 2888 hospitis
834 2819 889 2873 Eva
908 2820 1007 2875 melior
1047 2814 1070 2870 si
1085 2819 1176 2868 statua
1191 2814 1243 2868 loci
1259 2813 1312 2868 sihi
1327 2816 1445 2885 placeat,
1462 2814 1554 2869 devoti
1577 2815 1629 2868 viri
1652 2813 1760 2868 mederi
1775 2814 1854 2885 peri·

207 2905 331 2960 consiliis
354 2903 418 2960 Evae
440 2902 550 2977 prioris,
574 2921 635 2976 qua
654 2921 717 2961 sero
732 2907 910 2963 contulerant
927 2911 1005 2980 (nam
1047 2903 1110 2957 culo
1130 2902 1307 2974 deplectitu-
1330 2903 1404 2969 310¹,
1420 2903 1492 2957 mlii
1511 2904 1639 2959 dicturus
1661 2920 1735 2970 sum,
1752 2904 1855 2975 Pffidl·

205 2994 250 3049 his
264 2994 325 3066 ipsa
339 2993 493 3064 plurimum
515 2993 663 3064 institerat)
679 2995 870 3050 narrationem
885 2997 1034 3062 archan-(2
1045 2999 1118 3046 ctam
1135 2993 1225 3047 cernit
1245 2992 1440 3063 ampullulam,
1457 2993 1536 3064 quusi
1553 2992 1588 3047 ab
1603 2993 1659 3046 imo
1674 2993 1852 3048 scaturiente

206 3083 289 3155 gelici
313 3083 417 3138 montis
432 3083 642 3138 corroboratam
661 3085 766 3154 gavisa,
783 3101 839 3140 una
863 3103 926 3142 cum
947 3088 1006 3143 viro
1046 3097 1117 3136 vena
1144 3081 1230 3136 fontis
1254 3081 1402 3146 inundare,
1423 3087 1452 3137 et
1478 3098 1620 3136 summum
1645 3081 1853 3152 archangelum

206 3171 318 3244 quantis
333 3171 407 3226 valet
427 3170 546 3242 ingeniis
565 3187 663 3226 omnes
687 3172 807 3228 directos
828 3172 922 3230 aditus
934 3176 1005 3231 inci.
1046 3171 1177 3225 virtutem
1193 3170 1330 3226 visibilem
1346 3169 1486 3225 exhibere.
1499 3170 1641 3235 Quantum
1659 3171 1788 3242 oportuit
1806 3189 1854 3243 po·

203 3261 312 3333 pianda
322 3260 561 3331 faciendaquerei
575 3259 911 3334 perquirit‘landemque
921 3263 1004 3320 simui
1045 3261 1096 3314 toti
1111 3268 1178 3314 sunt
1192 3260 1240 3330 qui
1253 3265 1397 3314 venerant
1413 3265 1442 3314 et
1455 3266 1569 3331 accepta
1588 3259 1786 3315 benedictione
1807 3279 1853 3316 rc-

203 3349 411 3406 conlerentibus
432 3349 493 3404 sani
514 3364 582 3403 vena
606 3348 714 3403 consilii
730 3365 746 3403 a
760 3350 837 3405 tonte
852 3351 1003 3422 Sapientiae
1045 3349 1172 3414 deuntcs,
1189 3349 1263 3403 sicut
1278 3349 1466 3420 prediximus.
1482 3349 1572 3404 vivum
1589 3350 1684 3404 tutalae
1705 3349 1759 3404 loci
1780 3367 1851 3405 con-

202 3439 295 3494 Patris
308 3439 453 3511 processit,
470 3438 517 3509 qui
533 3438 562 3492 in
576 3437 726 3508 Evangelio
740 3440 798 3494 suis
814 3442 955 3511 promittit
969 3444 1003 3497 ti-
1042 3455 1145 3508 gruum
1165 3440 1243 3508 (nam
1265 3439 1390 3492 eremitae
1404 3438 1480 3492 nulla
1497 3439 1552 3509 jam
1568 3437 1620 3492 nisi
1636 3438 1671 3492 de
1685 3438 1850 3495 coelestibus

202 3526 321 3594 delibus,
341 3528 458 3583 dicens:
483 3527 531 3581 tibi
552 3529 606 3581 duo
628 3531 669 3581 cet
691 3533 743 3581 tres
766 3533 923 3597 congregali
940 3530 1002 3596 sue·
1044 3543 1112 3581 cura
1126 3536 1196 3588 erati
1213 3527 1336 3598 reperire
1351 3527 1543 3581 desiderantes
1557 3528 1593 3581 ad
1608 3527 1764 3599 hospitium
1779 3547 1849 3600 pro·

139 3603 145 3618 ’
202 3618 262 3669 rint
275 3619 306 3669 t‘n
316 3618 430 3670 nomino
442 3630 508 3672 uteo,
523 3616 634 3668 itisuut
647 3617 679 3668 t'n
693 3617 782 3668 medio
792 3632 897 3670 coruus.
910 3615 1003 3688 lgitur
1043 3623 1143 3687 perant
1167 3616 1275 3671 Retulit
1289 3615 1394 3686 hospiti
1414 3616 1456 3670 vir
1477 3617 1535 3671 Deo
1549 3616 1664 3671 devotus
1680 3617 1756 3688 quod
1771 3617 1848 3672 acci·

201 3701 320 3758 levaturi
344 3704 417 3758 tanti
440 3703 541 3756 molem
566 3703 663 3774 palatii
688 3704 770 3773 Hugo
792 3708 821 3759 et
839 3722 908 3760 uxor
929 3708 998 3777 rius,
1041 3707 1131 3770 derat,
1148 3711 1177 3759 ct
1195 3706 1269 3760 inter
1283 3705 1363 3760 verba
1382 3705 1532 3760 locutionis
1546 3712 1615 3760 tastu
1629 3704 1697 3760 boni
1711 3706 1847 3760 desiderii

201 3789 331 3846 omnibus
341 3790 432 3846 modis
441 3805 555 3845 arenam
572 3791 728 3845 nocituram
744 3793 898 3862 prudenter
908 3796 1001 3867 explo·
1040 3811 1097 3850 non
1110 3794 1202 3849 minus
1213 3811 1296 3866 quarn
1309 3794 1385 3865 prius
1402 3795 1448 3848 siti
1460 3795 1584 3867 corporis
1594 3799 1727 3862 aestuans,
1740 3796 1846 3851 iterum

200 3885 274 3948 rant,
290 3885 320 3935 et
333 3895 396 3934 earn
410 3878 556 3934 obstruere
579 3878 651 3934 lelici
673 3881 820 3936 conamine
842 3889 953 3954 parant,
968 3891 1000 3940 ut
1041 3889 1126 3955 atque
1149 3886 1253 3938 iterum
1276 3882 1310 3938 de
1333 3883 1386 3938 loci
1408 3884 1508 3948 tutela,
1529 3884 1574 3939 cui
1596 3891 1757 3956 opportune
1774 3893 1848 3940 asset

199 3985 286 4041 snpra
304 3969 415 4024 llrmam
440 3973 549 4040 petram
567 3985 665 4024 secure
689 3968 904 4026 tundamentum
925 3989 999 4028 nun·
1041 3973 1252 4038 committenda,
1271 3972 1386 4027 verbum
1403 3973 1555 4044 repetebat.

199 4075 284 4131 quam
300 4075 431 4114 casurum
452 4059 569 4129 iaciant.
587 4058 717 4113 Ascensis
732 4075 799 4130 ergo
814 4060 936 4117 diluculo
951 4079 999 4118 ve·
1075 4063 1180 4118 Aderat
1190 4062 1228 4116 ibi
1242 4062 1357 4134 quidam
1373 4068 1442 4117 nutu
1456 4062 1568 4119 Domini
1583 4061 1626 4115 vir
1638 4062 1792 4133 religiosus
1803 4080 1846 4118 or·

199 4147 309 4212 hiculis,
326 4147 461 4202 llordoini
476 4147 647 4202 marchionis
661 4147 778 4211 curiam,
794 4165 856 4220 quae
874 4165 921 4205 xm
937 4157 999 4206 tan-
1038 4153 1113 4208 dinis
1135 4152 1294 4216 monastici,
1309 4152 1423 4206 nomine
1438 4155 1578 4216 Atvcrtus,
1596 4151 1645 4222 qui
1667 4151 1697 4206 in
1719 4153 1846 4208 Lisathio

198 4242 258 4292 tum
275 4236 398 4292 millibus
411 4237 440 4291 in
454 4241 546 4291 castro
563 4237 701 4291 avilliano
716 4243 783 4291 tunc
797 4238 906 4304 aderat,
922 4241 997 4294 cele·
1038 4240 1210 4296 munasterio
1225 4240 1334 4294 abbatis
1356 4241 1434 4312 prius
1453 4241 1545 4295 ollicio
1560 4241 1683 4305 functus,
1705 4247 1795 4314 atque
1810 4244 1846 4296 ab

198 4325 268 4382 riter
289 4325 405 4388 adeunt,
426 4341 548 4397 eumque
562 4325 602 4380 ihi
622 4342 686 4380 curn
706 4341 792 4380 uxore
814 4327 997 4384 nihilominus
1038 4330 1120 4384 hoca
1139 4329 1288 4384 contrariis
1301 4335 1404 4384 sanotae
1421 4330 1564 4400 religionis
1585 4330 1728 4401 expulsus,
1744 4339 1845 4388 tunca

197 4421 267 4470 nutu
284 4413 453 4480 Divinitatis,
469 4429 504 4468 nc
527 4413 633 4468 diutius
654 4412 818 4483 fatigentur,
839 4414 994 4472 inveniunt.
1006 4418 1181 4494 Dliminibus
1196 4419 1386 4490 apostolorum
1402 4435 1555 4489 regressus,
1570 4419 1598 4474 in
1613 4419 1714 4474 eodem
1731 4437 1783 4491 per
1794 4421 1845 4474 ali·

197 4503 310 4558 Nobiles
324 4510 353 4559 et
372 4502 509 4574 elegantis
533 4502 705 4557 habitudinis
729 4503 870 4573 peregrini
891 4519 924 4558 ex
947 4506 998 4560 cis·
1038 4507 1568 4580 quotdicsluerathospitioremorntus
1582 4508 1842 4581 Honoaitnospos,

197 4593 338 4647 montanis
356 4591 484 4663 partibus
512 4591 657 4645 advenisse
677 4590 797 4663 principi
817 4591 993 4660 nuntiantur,
1037 4604 1070 4653 ut
1092 4613 1165 4661 reor,
1181 4596 1272 4667 gratia
1287 4595 1379 4650 divina
1395 4596 1525 4668 providit,
1542 4597 1589 4668 qui
1605 4613 1661 4652 non
1687 4603 1722 4652 ut
1741 4616 1842 4665 novus,

196 4699 316 4756 moxque
328 4683 362 4738 ab
378 4702 410 4740 eo
426 4684 529 4742 secuti.
549 4683 697 4738 Nobilibus
712 4701 773 4740 mos
788 4684 995 4756 quodammodo
1036 4688 1084 4743 sed
1101 4695 1232 4758 expertus
1247 4686 1332 4740 olitcti
1348 4686 1506 4748 monastici.
1522 4703 1622 4758 parvas
1642 4703 1782 4759 expensas
1795 4691 1844 4744 ad-

195 4772 362 4828 naturaliter
388 4774 472 4839 inest,
497 4773 521 4826 si
545 4772 611 4828 boni
635 4779 701 4828 sunt
728 4774 880 4828 honorilice
905 4774 995 4830 susci-
1036 4778 1091 4832 huc
1101 4774 1279 4846 incompositi
1288 4775 1378 4830 locelli
1389 4775 1489 4848 spiritu
1501 4792 1609 4848 pauper
1617 4792 1715 4832 amore
1728 4779 1843 4849 religio·

194 4861 318 4935 piuntur.
341 4861 482 4916 Adventus
503 4877 602 4916 causas
625 4867 774 4934 exponunt,
798 4870 826 4917 et
848 4863 992 4918 licentiam
1033 4867 1077 4924 nis
1098 4864 1205 4919 antnbit
1225 4883 1232 4919 :
1255 4869 1284 4918 et
1306 4864 1405 4919 humili
1431 4881 1489 4920 suae
1512 4865 1688 4936 paupertatis
1703 4866 1842 4938 obsequio

193 4950 373 5007 construendi
395 4949 514 5005 coenobii
536 4949 565 5004 in
589 4959 748 5006 memorato
767 4951 909 5006 multoties
931 4952 992 5006 loco
1033 4953 1177 5012 servituris
1190 4953 1218 5007 in
1234 4958 1377 5024 posterum
1395 4953 1516 5019 Christo,
1529 4971 1591 5026 qum
1605 4955 1675 5009 satis
1695 4956 1755 5009 sint
1768 4957 1842 5011 divi-

190 5045 310 5113 petunt3
327 5055 361 5095 ea
384 5039 512 5094 videlicet
534 5038 652 5105 ratione,
668 5046 701 5094 ut
713 5040 852 5110 gloriosus
867 5040 991 5095 marchio
1032 5046 1087 5100 tias
1111 5041 1286 5113 aggregabit.
1308 5043 1418 5097 Auditis
1441 5043 1485 5096 liis
1516 5043 1682 5098 venerabilis
1707 5053 1843 5117 peccator

192 5135 329 5202 quantum
343 5129 427 5184 vellet
440 5127 501 5182 auri
520 5128 563 5182 vel
585 5128 703 5198 argenti,
719 5129 859 5184 mulorum
876 5135 992 5183 caetero·
1033 5133 1115 5203 Hugo
1130 5131 1159 5185 in
1176 5131 1287 5185 laudem
1302 5131 1499 5202 Redemptorts
1517 5132 1665 5186 attollitur.
1682 5132 1839 5187 Prmlatum

189 5235 311 5291 rumque
336 5218 536 5283 vehiculorum,
559 5233 620 5288 quae
645 5217 830 5282 adduxerant,
855 5218 992 5289 optimam
1032 5237 1099 5292 ergo
1123 5220 1212 5274 virum
1235 5219 1398 5290 religiosum
1422 5221 1568 5274 Atvertum
1592 5219 1688 5274 multis
1704 5222 1839 5292 precibus

189 5308 298 5379 copiam
310 5306 430 5378 benigne
441 5306 586 5377 reciperet.
597 5310 626 5359 et
634 5305 724 5360 locum
735 5305 771 5360 ab
778 5305 855 5360 omni
866 5321 918 5360 sua
927 5323 990 5377 pro·
1029 5309 1123 5370 vincit,
1141 5313 1170 5362 et
1191 5307 1296 5362 relictis
1312 5315 1448 5378 quantum
1464 5309 1500 5363 ad
1515 5325 1637 5381 praesens
1652 5315 1684 5363 ut
1707 5311 1839 5381 peregri-

189 5395 388 5468 hteredumqua
402 5411 517 5450 suorum
531 5393 657 5449 seculari
672 5401 810 5464 potestate
825 5395 929 5465 scripto
940 5396 987 5466 ju·
1028 5414 1082 5453 nus
1108 5402 1218 5468 poterat
1250 5397 1426 5464 necessariis,
1455 5399 1481 5452 ei
1513 5399 1605 5454 locum
1639 5400 1835 5466 committens,

188 5484 282 5540 dioiali
304 5484 444 5553 solveret;
469 5490 608 5553 quatenus
629 5483 658 5536 in
679 5491 821 5555 posterum
844 5484 901 5538 Deo
917 5483 987 5540 inibi
1028 5486 1110 5541 citius
1125 5484 1267 5540 rediturus
1282 5486 1316 5538 ad
1333 5502 1395 5545 sua,
1411 5502 1474 5541 curn
1489 5487 1593 5557 gaudio
1608 5486 1702 5542 rediit.

187 5571 343 5642 servituris,
357 5588 375 5630 a
388 5571 496 5629 annuis
510 5587 574 5644 qna
587 5571 683 5628 moult
696 5573 884 5646 potestatibus
893 5573 938 5630 val
951 5588 986 5630 ex
1062 5574 1167 5632 Exinde
1191 5573 1232 5630 vir
1254 5574 1312 5632 Deo
1335 5577 1436 5648 plenus
1457 5577 1591 5634 Atvattus
1605 5576 1723 5635 omnino
1746 5577 1835 5650 plena
