3986 6184
201 291 235 348 35
690 281 720 335 B.
743 274 950 335 tnnrnnncr
971 267 1151 326 onnruna.
1173 266 1342 324 luuntur.
1798 265 1832 320 :ln

200 413 317 476 mandat
329 417 362 472 ut
380 406 552 468 monasterio
565 403 740 471 exturbetur,
764 401 856 475 patria
871 398 1029 458 discedatA
1039 413 1116 454 mam
1132 395 1252 468 petierat
1264 394 1310 468 (¹⁴)
1326 409 1411 452 causa
1433 391 1578 464 cujusdam
1599 390 1703 457 clerici,
1719 387 1834 447 nomine

199 505 380 564 Lanfrsncus.
392 501 451 558 Nec
459 501 554 556 motus
568 493 656 552 animi
669 492 713 550 sui
722 493 776 550 bac
785 490 891 548 indicta
900 490 999 548 sedare
1039 484 1212 558 Borangarii,
1226 483 1274 556 qui
1285 483 1322 540 de
1334 487 1509 540 sacramento
1520 479 1833 552 altarisalitordogma·

199 595 306 660 relens,
319 587 465 648 mandavit
474 586 548 658 juris
561 583 726 640 monasterii
740 581 845 642 villam,
856 595 919 651 quae
933 580 1000 636 Par·
1039 575 1144 632 tiaabat
1154 591 1239 646 quarn
1258 573 1380 630 Ecclesia
1400 577 1486 630 tenet.
1501 579 1534 640 Β
1550 571 1596 644 (¹⁵)
1618 569 1735 627 Dicebat
1758 568 1834 624 enim

199 700 250 742 eus
262 682 375 748 dicitur,
386 676 511 734 flamnris
521 673 621 732 excidi.
633 673 753 728 Paretur
766 677 825 726 tam
839 669 999 741 efterejus-
1040 681 1142 738 panem
1151 669 1181 719 et
1188 663 1284 720 vinum
1294 669 1360 736 post
1365 659 1613 728 consecrationem,
1628 663 1836 726 sacramentum

200 771 283 828 sioni.
296 765 520 829 Eodiscedente,
537 761 585 834 qui
599 776 684 816 omne
707 759 844 830 gaudium
865 754 1000 814 fratribus
1040 759 1162 820 tentum,
1179 769 1235 810 non
1258 757 1353 810 antem
1369 769 1431 810 esse
1445 767 1543 808 verum
1563 748 1668 806 Christi
1688 763 1790 820 corpus
1808 752 1837 802 et

201 865 265 918 erat
273 864 302 916 et
316 853 480 920 consolatio,
494 851 574 908 dolor
583 850 659 906 altus
670 853 807 906 remanet.
820 847 892 912 Quia
902 847 1001 904 melior
1040 842 1217 914 sanguinem.
1232 843 1288 898 Iste
1303 841 1420 898 clericus
1432 839 1590 897 Lanfranco
1605 838 1686 911 quasi
1705 836 1837 893 familiari

202 965 260 1004 non
273 945 439 1009 habebatur,
452 941 747 1013 tripesequusquarto
760 937 832 1010 pede
842 935 946 1002 inutili,
958 934 999 990 illi
1039 948 1092 988 suo
1106 931 1149 1002 (¹⁶)
1161 931 1272 986 litteras
1286 929 1343 1002 (lt)
1357 930 1475 986 miserat
1487 945 1583 986 errore
1601 928 1662 1000 ipso
1679 942 1835 1000 respersas;

189 1036 349 1102 ..tribuitur‚
366 1039 395 1090 et
409 1046 483 1087 unus
504 1027 636 1084 famulus.
662 1027 773 1082 Instent
787 1025 884 1098 itaque
898 1024 1000 1080 fraires
1041 1037 1089 1078 eas
1104 1019 1152 1092 qui
1166 1021 1297 1092 legerunt
1317 1018 1506 1076 Lanfmnoum
1528 1018 1598 1074 talia
1610 1017 1717 1073 sentire
1730 1015 1837 1088 opinati

202 1123 332 1190 orationi,
356 1124 437 1194 juxta
459 1117 530 1174 illud
547 1115 676 1173 terente
698 1134 705 1169 ε
722 1114 919 1171 Praetolantes
935 1129 1000 1170 cum
1041 1116 1117 1179 sunt,
1132 1113 1162 1165 et
1174 1108 1282 1166 socium
1295 1109 1400 1166 erroris
1406 1108 1631 1164 diffamaverunt.
1646 1107 1681 1164 nt
1692 1111 1753 1162 tum
1766 1106 1838 1161 forte

203 1211 315 1272 silentio
334 1211 459 1268 seruare
479 1204 593 1264 Domini
609 1205 774 1274 illorsum,
790 1201 846 1269 ibt.
868 1202 1001 1259 Protinus
1041 1198 1269 1256 Lanfrancus'ad
1289 1197 1393 1254 Urbem
1408 1196 1549 1270 pmfectus
1562 1201 1635 1262 erat,
1658 1195 1839 1268 pontiflcante

204 1319 264 1375 qua
276 1301 324 1356 ille
335 1296 497 1356 discedebat
514 1294 580 1350 duci
600 1293 698 1350 obrius
710 1292 832 1348 venienti
849 1292 1001 1364 appropin·
1042 1293 1110 1346 tunc
1118 1289 1215 1344 sedem
1230 1287 1305 1346 beati
1318 1287 1396 1343 Petri
1405 1287 1499 1344 Leone
1510 1285 1568 1358 (15)
1577 1291 1673 1342 octavo
1681 1284 1837 1358 (sturmin,

204 1407 304 1464 quana,
319 1403 391 1460 equo
411 1403 461 1460 per
479 1383 604 1456 singulos
625 1398 725 1454 passus
739 1385 824 1454 caput
841 1381 878 1436 ad
896 1385 1001 1437 tenum
1042 1377 1092 1452 qui
1101 1377 1248 1434 infamiam
1256 1376 1310 1433 sibi
1320 1377 1472 1433 conflatam
1480 1375 1641 1443 audierunt,
1650 1375 1841 1447 litterssipsas
1915 1447 1918 1456 Ι

202 1479 399 1542 submittente,
411 1475 558 1532 dominum
569 1472 694 1539 salutat,
709 1469 878 1526 innocentia
887 1469 1001 1542 quidem
1042 1471 1107 1540 post
1119 1482 1184 1522 eum
1199 1466 1338 1522 miserunt
1351 1465 1481 1532 Romam
1496 1463 1591 1536 ibique
1605 1463 1792 1536 suspicionem
1805 1463 1841 1518 de

204 1568 341 1634 conscius,
364 1565 389 1621 si
412 1565 490 1620 locus
513 1561 625 1618 dicendi
647 1561 772 1627 daretur,
788 1575 845 1616 non
858 1558 1004 1615 diffidebat
1043 1557 1200 1614 Lanfranco
1225 1555 1393 1626 quibusdam
1411 1559 1592 1626 pepererunt.
1611 1554 1689 1626 Papa
1703 1553 1841 1624 Berenga·

204 1657 374 1714 cremum
388 1653 480 1726 primo
493 1651 601 1706 vultum
615 1649 727 1712 avertit.
740 1649 790 1706 sed
800 1649 1003 1720 divinasgsnte
1043 1643 1118 1700 rium
1133 1645 1169 1700 ad
1188 1644 1262 1700 diem
1287 1643 1403 1699 vocavit.
1418 1643 1524 1698 Verum
1547 1642 1596 1698 ille
1616 1642 1721 1697 timens
1735 1641 1839 1707 venire,

204 1743 365 1810 clementia,
371 1756 437 1797 mcx
447 1738 608 1796 miserando
615 1737 747 1809 respexit,
761 1742 790 1792 et
802 1741 873 1793 nutu
888 1713 1035 1793 benero-B
1043 1733 1154 1790 distulit
1164 1733 1235 1802 ,sed
1248 1732 1424 1805 responsales
1438 1748 1489 1804 pro
1501 1749 1532 1787 se
1545 1732 1617 1788 dnos
1626 1731 1741 1787 elericos
1754 1729 1840 1797 misit,

204 1832 299 1890 lentim
311 1831 420 1888 aditum
434 1826 569 1900 loquendi
580 1825 717 1882 concedit.
738 1825 817 1882 Tunc
831 1825 1004 1882 Lanfraneus
1045 1823 1093 1896 qui
1107 1828 1172 1878 ante
1186 1838 1289 1895 papam
1298 1821 1452 1887 venientes,
1465 1821 1532 1876 etin
1544 1836 1659 1877 causam
1670 1819 1841 1892 deficientes,

204 1922 317 1980 decenti
327 1921 390 1992 joco
405 1918 447 1974 eit
462 1936 468 1972 z
483 1918 543 1973 Tuo
558 1917 640 1989 jussu
659 1915 803 1988 provincia
825 1919 877 1971 tua
890 1915 1003 1971 discedo
1043 1912 1186 1984 reprobati
1200 1918 1229 1968 et
1238 1911 1314 1984 capti
1326 1916 1403 1968 sunt.
1415 1911 1589 1968 Lanfrancus
1597 1911 1694 1983 jussus
1706 1909 1842 1977 surrexit,

205 2011 300 2084 pedes,
323 2009 376 2064 hoc
396 2006 490 2063 inutili
511 2009 662 2076 occupatus
687 2004 887 2077 quadrupede;
909 2004 952 2060 rel
971 2008 1003 2060 ut
1043 2002 1122 2074 pravi
1133 2001 1257 2058 rumoris
1268 2018 1287 2056 a
1305 2018 1337 2057 se
1351 2001 1491 2056 maculam
1506 1999 1647 2066 abstersit,
1662 2000 1748 2055 fldem
1762 2015 1845 2055 suam

201 2097 495 2171 jussionituaeparere
504 2093 840 2166 queam,damibiequnrn
848 2094 1005 2151 meliorem.
1045 2091 1183 2163 exposuit,
1197 2089 1350 2163 expositam
1359 2089 1422 2161 plus
1435 2087 1748 2144 sacrisauctorltatibus
1757 2101 1842 2160 qnam

206 2187 259 2246 cui
273 2187 329 2243 dux
340 2183 511 2242 subridendo
524 2201 530 2236 :
543 2182 727 2254 Quiainquit,
738 2181 773 2238 ab
783 2183 889 2238 offenso
899 2183 1004 2255 judice,
1045 2179 1220 2251 argumentis
1234 2178 1371 2252 probarit.
1389 2178 1469 2243 Quod
1483 2177 1554 2234 dixit
1566 2183 1596 2233 et
1609 2176 1738 2250 probarit
1752 2177 1844 2232 omni-

202 2277 307 2334 infecto
330 2273 402 2330 illati
422 2271 550 2328 oriminis
575 2271 699 2343 negotio,
723 2287 843 2328 munera
854 2271 1004 2345 exposcit?
1046 2269 1099 2326 bus
1112 2269 1229 2341 placuit,
1244 2268 1314 2324 nulli
1338 2267 1490 2340 displicuit.
1511 2267 1551 2341 (¹⁸,
1564 2267 1629 2322 Hac
1643 2267 1742 2322 eadem
1756 2267 1787 2321 in
1799 2282 1844 2338 sy-

205 2364 332 2424 tandem
344 2361 549 2419 disertissimus
571 2365 668 2416 orator
684 2361 766 2433 petiit
779 2361 964 2429 audientiam,
977 2367 1007 2416 et
1047 2358 1120 2415 nodo
1134 2357 1304 2414 Vercetlensi
1316 2361 1439 2412 manete
1451 2361 1528 2424 sunt,
1543 2360 1574 2412 et
1584 2356 1726 2412 sententia
1739 2356 1846 2411 Beren-

206 2455 265 2512 Deo
280 2451 334 2510 sibi
344 2467 426 2524 opem
439 2449 672 2508 subministrante
686 2465 800 2506 causam
813 2450 1005 2520 exorsus,bre-
1045 2448 1118 2520 gatii
1130 2448 1227 2504 audita
1238 2453 1267 2503 st
1279 2446 1443 2519 reprobata;
1458 2447 1528 2502 fides
1539 2463 1605 2502 vero
1620 2447 1846 2517 Ecclesiae,quam

205 2541 233 2596 vi
244 2541 281 2596 ad
295 2546 424 2613 optatum
435 2540 519 2596 finem
527 2538 678 2612 peroravit.
688 2539 721 2596 In
730 2539 933 2612 amplissimam
938 2556 1005 2612 gra·
1048 2539 1220 2598 laufrancus
1240 2536 1356 2594 tenebat
1375 2543 1404 2592 et
1418 2534 1572 2604 astruebat,
1588 2535 1724 2608 exposita,
1740 2539 1769 2590 et
1780 2550 1846 2590 con-

206 2631 277 2686 tium
300 2629 375 2686 illico
390 2634 529 2702 receptus,
539 2628 642 2702 accipit
655 2627 823 2700 promissum
836 2629 911 2700 quod
929 2629 1007 2686 nulla
1048 2626 1259 2684 oordiomnium
1267 2641 1383 2682 assensu
1389 2627 1554 2682 confirmata
1566 2625 1691 2692 estQuae
1706 2625 1848 2682 sententia

207 2718 338 2791 deinceps
348 2716 640 2774 accusationeeubiret
649 2717 789 2790 purgandi
800 2718 1006 2790 praejudicium.
1046 2715 1845 2788 noneflugitlrujnsLeonispapaesuccessoreml'ictorem.

208 2806 370 2864 (iratissimi
380 2821 444 2861 mox
454 2805 609 2862 comedunt
617 2805 761 2877 amplexus
770 2810 800 2861 et
810 2805 1006 2862 osorda.lfulto
1049 2806 1094 2878 (¹⁰)
1107 2805 1235 2877 Denique
1249 2804 1279 2859 in
1297 2803 1414 2860 concilio
1431 2805 1588 2860 Turonensl
1603 2804 1671 2874 (ld),
1698 2805 1744 2860 oui
1757 2804 1847 2876 ipsius

205 2896 292 2954 etiam
307 2911 372 2952 oum
383 2900 535 2967 augmento
547 2894 722 2950 restituenda
730 2894 935 2966 promittuntur
944 2912 1006 2968 que
1046 2894 1167 2951 Victoris
1187 2893 1340 2949 interfuere
1359 2898 1444 2964 atque
1457 2892 1594 2965 praefuere
1611 2892 1707 2964 legati,
1723 2893 1790 2948 data
1803 2899 1847 2948 cst

207 2983 263 3040 dux
278 2984 442 3056 nuperrime
455 2983 596 3040 devastari
604 2985 740 3055 jusserat.
757 2983 929 3040 alacerrime
942 2986 1006 3056 qui·
1046 2984 1100 3056 ipsi
1110 2982 1281 3054 Berengan'o
1288 2982 1365 3054 optio
1372 2981 1539 3038 defendendi
1545 2987 1654 3054 partem
1666 2997 1846 3053 suam3quam

205 3072 270 3130 dam
287 3089 464 3147 precurrens
492 3072 606 3130 nuntiat
633 3071 768 3128 trabibus
793 3072 874 3128 illum
900 3071 1324 3139 redireccumdefendendem
1338 3071 1481 3144 suscipere
1495 3087 1552 3128 non
1562 3072 1689 3138 auderet,
1702 3071 1845 3128 mnfessus

205 3162 424 3218 Commutantnr
433 3162 573 3234 lacryma,
582 3167 781 3234 persouotnon
791 3162 888 3232 semel,
899 3163 947 3218 sed
956 3179 1007 3235 per
1046 3168 1090 3220 est
1103 3178 1197 3219 coram
1212 3159 1342 3217 omnibns
1355 3176 1534 3218 communem
1549 3161 1677 3217 Ecclesia
1691 3161 1795 3230 fldem3
1816 3167 1847 3216 et

207 3255 298 3308 totum
311 3251 386 3307 diem
400 3250 506 3322 ubique
520 3250 603 3306 corde
615 3255 644 3306 et
657 3266 706 3306 ore
719 3267 738 3305 a
750 3251 858 3306 cuncus
876 3251 954 3324 pium
973 3255 1006 3308 l'e
1042 3251 1149 3324 iurarit
1161 3250 1197 3306 ab
1207 3249 1335 3306 illabere
1347 3266 1378 3305 se
1390 3249 1432 3306 ita
1443 3250 1627 3319 crediturum,
1639 3249 1714 3306 dont
1723 3249 1847 3307 Ecclesia

205 3341 294 3396 Deum
310 3341 470 3396 laudamus.
491 3338 586 3394 Abbas
597 3338 749 3411 inopinatae
767 3339 810 3395 rei
826 3339 910 3395 fidem
926 3341 1005 3397 adhi-
1044 3345 1133 3397 tenet
1150 3339 1230 3405 Quod
1236 3339 1431 3410 juramentum
1445 3344 1649 3411 transgressus,
1660 3339 1846 3396 nihilominus

205 3426 273 3484 bere
286 3443 343 3482 non
356 3429 590 3500 poteratpropter
601 3426 744 3484 feritatem
754 3444 839 3499 quam
850 3428 1004 3486 indomino
1045 3429 1169 3502 primum
1183 3429 1285 3500 dogma
1305 3428 1334 3482 in
1349 3429 1452 3501 populo
1460 3443 1593 3501 spargere
1608 3443 1665 3484 non
1677 3429 1781 3484 omisit.
1799 3427 1843 3500 (Ψ)

206 3516 321 3583 sciebat,
349 3516 438 3572 donec
459 3515 635 3572 desideratus
658 3515 780 3572 advenit.
804 3517 1006 3574 Accumnletur
1045 3519 1196 3583 Quodcum
1206 3518 1334 3574 audisset
1347 3519 1481 3574 Nioolaus
1493 3518 1754 3585 secundus,rocarit
1766 3534 1842 3586 eum;

204 3605 351 3679 gaudium,
368 3605 435 3676 quia
457 3604 639 3662 incensorum
661 3605 695 3662 fit
715 3605 828 3677 integre
841 3606 1002 3676 restitutio;
1045 3607 1094 3680 qui
1101 3609 1220 3664 Romam
1230 3609 1385 3675 veniens,et
1392 3623 1483 3663 causa
1495 3607 1700 3676 suadiffidens,
1712 3613 1741 3663 et
1750 3613 1845 3680 patro·

205 3699 347 3751 terrarum
367 3709 478 3766 quoque
500 3693 592 3749 eidem
615 3693 739 3750 ecclesia
757 3710 952 3752 concessarum
967 3695 1003 3752 ab
1044 3698 1118 3754 cinto
1132 3713 1230 3753 eorum
1244 3713 1315 3770 quos
1334 3696 1387 3752 sibi
1410 3697 1545 3769 impensis
1556 3697 1699 3754 beneflciis
1712 3698 1845 3754 concilia-

206 3783 306 3840 eodem
321 3782 435 3840 domino
454 3781 598 3840 obtinetur
611 3783 797 3839 confirmatio.
1042 3793 1130 3854 reret,
1145 3803 1246 3859 parum
1260 3785 1414 3853 confidens,
1429 3801 1494 3842 cum
1508 3802 1565 3842 non
1575 3787 1782 3842 enderetsuam
1796 3787 1845 3843 de·

240 3873 267 3929 8.
275 3872 319 3938 (¹⁸l
327 3873 419 3945 liujus
428 3876 488 3928 tom
500 3871 662 3944 improuide
671 3871 808 3944 jussionis
820 3889 935 3930 causam
947 3873 1004 3946 (13)
1043 3875 1153 3932 fensme
1166 3873 1347 3943 sententiam,
1363 3875 1516 3946 postularit
1528 3876 1675 3931 Nicolaum
1688 3875 1844 3932 secundnm

205 3961 296 4030 aiunt,
311 3961 473 4034 quodidem
485 3961 658 4018 monarcus
678 3961 888 4018 contradicebat
896 3964 1004 4036 nuptiis
1044 3966 1162 4038 ejusque
1174 3964 1334 4030 concilium,
1349 3969 1488 4036 quatenus
1502 3964 1595 4033 fidem,
1608 3979 1693 4036 quam
1707 3965 1788 4021 illum
1802 3971 1844 4021 te·

205 4049 271 4108 ulie
280 4049 393 4108 comitis
405 4051 556 4119 Elandrire,
578 4067 665 4124 quem
681 4050 743 4123 ipse
756 4050 809 4106 sibl
821 4051 879 4108 dux
892 4053 1004 4125 copula·
1043 4069 1113 4110 nere
1126 4052 1246 4120 volebat,
1257 4051 1349 4108 verbis
1358 4051 1412 4108 sibi
1423 4058 1584 4125 exponeret,
1591 4053 1695 4126 scripto
1704 4054 1840 4110 firmaret.

205 4145 285 4196 terat
295 4138 324 4196 in
340 4139 532 4208 matrimonio,
553 4139 621 4212 quia
634 4139 763 4212 proxima
776 4140 869 4196 carnis
886 4157 1004 4198 musan-
1044 4144 1143 4214 ltaque
1148 4141 1266 4214 jubente
1276 4157 1359 4214 papa,
1371 4140 1540 4198 fldesverbis
1551 4142 1841 4216 exposita,etscripts,

202 4228 611 4302 guinitatejungebatur.Unde
620 4228 787 4286 anctoritate
796 4230 916 4286 Romani
923 4247 1003 4305 pape
1044 4229 1203 4287 etomnium
1216 4246 1333 4286 msensu
1345 4229 1522 4297 confirmata,
1532 4229 1637 4285 tradita
1646 4235 1689 4286 est
1703 4231 1842 4302 Berenga-

202 4323 263 4374 tota
275 4319 410 4376 Nenstria
426 4319 521 4375 fuerat
537 4317 574 4374 ab
595 4317 687 4374 oflicio
702 4318 923 4377 christianitatis
940 4337 1000 4377 sus·
1009 4316 1086 4378 Drio
1095 4319 1299 4391 adlegandum.
1311 4319 1434 4392 Accepit,
1446 4319 1524 4392 legit,
1534 4319 1579 4392 (θ’)
1587 4325 1616 4375 et
1628 4337 1691 4376 eam
1700 4335 1731 4375 se
1743 4324 1841 4376 tenere

202 4423 292 4479 pensa
316 4413 347 4464 et
371 4407 533 4466 interdicta.
562 4407 741 4482 Quapropter
760 4407 997 4466 Lanfrencueite·
1040 4409 1155 4482 jurarit,
1170 4425 1312 4480 manuque
1322 4409 1437 4481 propria
1450 4408 1624 4482 subscripsit.
1634 4408 1696 4475 Quo
1709 4409 1781 4465 facto
1792 4425 1841 4481 gs-

111 4537 121 4552 .
202 4511 268 4552 rum
282 4495 443 4554 Romanum
455 4512 557 4569 papam
571 4495 658 4566 adiit;
677 4497 739 4569 jam
756 4497 832 4554 eninr
846 4503 930 4555 antea
944 4498 1002 4556 llo·
1042 4498 1118 4555 risus
1133 4503 1177 4554 ast
1190 4513 1274 4571 papa,
1290 4497 1415 4554 etmulti
1429 4497 1486 4565 alii,
1508 4498 1544 4554 de
1563 4498 1624 4568 ejus
1640 4499 1799 4555 reversione
1811 4503 1840 4554 et

242 4635 297 4708 (13)
315 4636 408 4692 Aliam
422 4653 535 4694 causam
558 4637 643 4709 hujus
661 4637 703 4694 rei
723 4644 822 4696 narrat
839 4641 1001 4698 Willelmus
1042 4640 1130 4697 refert
1150 4645 1246 4696 noster
1264 4639 1401 4696 acherius
1419 4639 1449 4694 in
1466 4639 1525 4696 suis
1539 4640 1624 4697 notis.
1644 4641 1710 4696 flac
1721 4640 1784 4713 ipsa
1797 4646 1841 4696 cst

203 4707 469 4776 bfulmeaburiensis,
482 4725 565 4835 guam
574 4708 635 4780 ejus
646 4709 737 4765 verbis
751 4727 889 4782 exponere
897 4713 999 4798 jurat:
1041 4728 1105 4838 Euae
1126 4728 1144 4766 a
1163 4711 1262 4766 clerico
1285 4711 1407 4782 quodam
1434 4710 1567 4793 Remensi
1587 4711 1706 4795 Romam
1730 4712 1841 4784 perlata

202 4781 363 4866 lanfranco
385 4781 462 4864 apud
503 4795 595 4864 eccum
608 4783 798 4866 'umectata
811 4797 875 4838 cum
899 4785 1000 4854 ubsque
1064 4784 1239 4866 anfrancum.
1258 4781 1293 4868 de
1318 4781 1527 4866 berengariana
1553 4783 1653 4838 bercer
1678 4787 1839 4868 suspectum

202 4851 337 4907 adiutores
352 4853 459 4922 inflatos
480 4852 569 4907 bucera
583 4851 756 4908 dralcctecam
769 4858 921 4921 ructarent,
934 4855 1000 4910 ller-
1040 4870 1151 4910 summo
1163 4853 1288 4926 pontiflci
1300 4853 1386 4908 Lcom
1401 4853 1571 4922 reddiderat,
1592 4869 1679 4926 quam
1702 4869 1838 4926 suspicio-

201 4923 364 4991 sostusjom
385 4923 516 4978 Willclmt'
535 4925 653 5005 comitis,
675 4927 767 4993 posteo
785 4926 1000 5009 repiaccpcllo·
1039 4941 1105 4982 nem
1120 4925 1232 4999 penitus
1251 4924 1282 4979 in
1302 4923 1416 5008 synodo·
1428 4923 1559 5010 Romane
1573 4941 1591 4980 a
1603 4942 1634 4981 sc
1647 4925 1761 4980 amovit.
1773 4926 1839 4981 ileo

198 4993 999 5138 annituntttlfnttntuttuu!
1038 4997 1125 5136 §.tlt
1139 4995 1532 5138 lttrnzlttdellt
1546 4995 1838 5140 illiniti-{lilii}

199 5151 247 5190 ma
260 5137 438 5221 collocatione
451 5137 707 5221 intollipensquam
718 5151 802 5208 propo
813 5139 890 5223 nibil
904 5141 996 5207 sciret,
1038 5138 1180 5206 dicuntur,
1194 5137 1285 5193 fusius
1294 5137 1417 5209 exponit.
1476 5209 1482 5222 ¹
1584 5208 1589 5222 ι

199 5207 399 5292 cbeeedmmm
419 5221 472 5276 ψει
488 5208 685 5292 αηιαιςηάωη
703 5213 839 5294 apparuit,
858 5211 997 5293 'seronem
1076 5209 1130 5279 (15)
1141 5209 1168 5292 Is
1180 5215 1223 5266 est
1237 5209 1265 5264 S.
1281 5209 1338 5264 Leo
1352 5209 1400 5292 lli,
1416 5226 1435 5265 a
1450 5208 1654 5292 llrlonedrctus
1667 5211 1743 5278 VIII,
1761 5210 1836 5283 quod

197 5278 320 5405 lul
333 5278 721 5434 ‘tlnlltftttttn
734 5281 998 5424 tunultu
1037 5279 1837 5426 tulllnltnttsternendarum

197 5364 414 5487 uticamnous
429 5421 507 5476 Becco
526 5435 657 5490 omneque
680 5422 860 5479 Numerata
875 5439 995 5480 mmmc-
1036 5423 1124 5516 flatal
1184 5438 1219 5506 ex
1259 5423 1413 5506 agendum.
1455 5491 1483 5506 ..
1582 5494 1588 5508 .

197 5491 459 5634 aepffirfflffi
479 5562 552 5618 bano
574 5561 737 5635 berengarii
751 5564 788 5620 ad
803 5563 991 5623 lanfrancum
1031 5491 1834 5636 “gip‚oetm3fflppleepesnpigolppptffbsdpuffipwnpsstmnmm
