3934 6174
124 237 175 301 ffl
463 245 509 299 'IN
527 244 561 299 D.
581 243 690 299 PAULI
707 243 819 300 misr.
839 243 1026 305 ΟΟΜΜΕΝΤ.
1047 275 1080 290 -·
1099 241 1326 300 11111111
1345 239 1428 297 DOR-
1714 242 1779 308 112,

124 370 169 423 ese
182 367 297 423 animus
311 366 475 432 voluntatis,
490 366 531 421 ita
545 364 583 421 sit
596 371 739 436 promptus
752 369 867 422 suimus
880 372 910 422 et
919 368 1082 440 perficiendi
1097 383 1132 423 ex
1144 381 1188 434 eo,
1202 365 1354 421 secuudum
1367 365 1408 431 id,
1424 363 1499 436 quod
1508 363 1632 426 hebetis.
1640 366 1706 424 Ecce
1715 381 1767 424 cur

125 461 269 526 occeptum
291 460 330 510 est
350 458 413 524 Deo,
433 459 458 510 si
477 458 514 510 sit
535 458 702 510 ootuutorie.
718 454 746 508 8.
763 455 792 510 Si
807 455 883 512 enim
896 458 1025 514 voluntas
1040 460 1172 531 prompte
1186 457 1230 510 est
1247 454 1347 523 sumre,
1363 453 1519 510 secundnm
1537 454 1567 510 id
1581 455 1656 529 quod
1670 454 1765 524 hebet,

124 549 242 618 accepta
251 550 295 601 est
305 546 368 613 Deo,
381 560 441 600 non
452 549 563 600 tontum
573 545 599 600 9.
611 545 766 600 secundum
780 545 809 600 id
824 545 898 617 quod
909 562 965 602 non
981 546 1074 602 habet.
1086 547 1151 601 Non
1162 542 1248 610 enim,
1260 542 1364 598 scilicet
1372 544 1488 611 impero,
1499 546 1533 598 ut
1545 541 1609 600 aliis
1622 543 1660 602 sit
1669 543 1766 604 remis.-

121 633 178 700 sio,
188 635 301 702 resectio
315 650 348 688 ec
362 637 475 702 uostris,
489 638 520 688 ut
534 649 579 688 cos
589 635 732 702 deficietis,
743 632 822 690 robis
831 639 927 691 autem
938 635 1092 702 tribulatio,
1105 633 1148 690 10.
1162 631 1212 688 sed
1225 632 1286 686 dico
1302 635 1334 684 ut
1346 645 1380 686 ex
1394 631 1564 701 aequalitate.
1580 629 1615 687 In
1631 627 1767 704 presenti

118 727 260 794 tempore,
270 721 411 780 tiresus
419 721 592 778 abundantia
602 722 715 778 illorum
723 722 847 795 inopiam
857 724 996 796 suppleat,
1004 729 1037 780 ut
1042 727 1071 779 et
1076 723 1190 778 illorum
1201 722 1369 775 meritorum
1376 718 1654 776 abundantiorestroe
1660 721 1763 796 inopis

119 809 167 876 sit,
184 813 220 865 in
227 811 337 878 sutoro,
347 811 585 883 supplementum,
600 809 641 867 it.
656 814 690 865 ut
702 827 780 866 nunc
793 815 818 866 et
830 812 955 868 tuoessat
968 811 1123 884 equalitas,
1135 810 1303 879 suspicientia
1318 808 1393 862 uobis
1407 813 1432 862 et
1446 810 1522 878 ipsis,
1538 808 1612 865 sicut
1625 810 1762 883 scriptum

118 903 172 966 est,
189 902 224 954 io
233 899 326 954 licodo
338 913 383 955 xv1
398 918 405 954 :
425 898 467 967 13,
481 899 522 956 lt.
534 899 588 965 Qui
599 899 732 966 multum,
749 916 806 956 non
817 898 980 967 abundarit,
996 904 1099 958 scilicet
1113 902 1220 970 collepit
1230 900 1262 955 de
1276 913 1393 965 menum
1406 914 1462 952 uon
1471 902 1533 968 plus
1543 899 1641 954 habuit
1646 918 1655 966 ,·
1669 903 1699 957 et
1712 882 1764 976 qui

119 986 276 1058 modicum,
284 1004 340 1044 non
350 987 512 1056 minoravit,
522 991 624 1045 scilicet
635 987 754 1058 collepei,
762 1005 819 1045 nou
828 991 924 1044 minus
936 989 1043 1052 inbuit.
1053 992 1095 1046 lto
1105 991 1155 1061 qui
1163 991 1287 1043 multum
1297 988 1421 1055 pecunie
1429 987 1536 1055 calluit
1545 989 1578 1043 in
1589 991 1720 1057 presenti
1729 996 1763 1046 ut

118 1075 273 1144 Corinthii,
286 1093 343 1132 non
355 1081 428 1133 sotus
438 1079 645 1144 1111111106
654 1079 711 1132 imo
720 1079 787 1132 otiis
798 1080 953 1147 impertiet.
965 1079 1008 1133 rid
1017 1079 1066 1134 lroc
1076 1079 1149 1150 quod
1157 1079 1229 1132 dicit
1238 1077 1397 1144 reporimus
1411 1076 1514 1133 Titum.
1527 1073 1655 1131 Gratiam
1663 1083 1759 1136 autem

118 1182 173 1236 ego
185 1166 258 1234 Deo,
276 1167 324 1238 qui
335 1167 414 1223 dedit
429 1168 557 1223 eamdem
576 1184 661 1238 quom
676 1167 758 1223 babeo
773 1166 992 1222 sollicitudinem
1006 1183 1057 1240 pro
1072 1166 1150 1222 vobis
1164 1165 1193 1220 in
1208 1163 1291 1219 corde
1304 1161 1370 1231 Titi,
1382 1161 1517 1234 quonism
1529 1165 1761 1224 1111111111-

117 1255 228 1311 tionem
243 1255 359 1328 quidem
366 1260 451 1327 prius
459 1259 577 1314 audieus
587 1259 704 1313 libenter
714 1255 847 1328 suscepit,
859 1261 884 1311 et
899 1273 955 1311 non
971 1261 1083 1312 tontum
1094 1255 1213 1322 audivit,
1222 1251 1271 1309 sed
1282 1267 1346 1308 cum
1353 1250 1500 1310 sollicitior
1510 1256 1593 1322 esset,
1602 1268 1654 1309 sua
1664 1255 1761 1313 volun·

116 1349 175 1400 tata
191 1345 336 1416 proiectus
350 1352 394 1402 est
407 1346 443 1402 sd
451 1363 511 1401 uos.
521 1345 650 1402 Misimus
660 1345 746 1401 etiam
754 1359 819 1402 cum
828 1343 876 1399 illo
887 1344 1005 1400 fratrem
1015 1349 1153 1410 nostrum,
1166 1343 1336 1408 barnabam,
1349 1340 1430 1412 cujus
1439 1339 1502 1396 lorus
1514 1345 1557 1396 est
1567 1340 1597 1396 in
1612 1341 1763 1413 Evangelio

114 1450 167 1506 per
179 1450 282 1490 omnes
295 1434 451 1490 Ecclesiae:
462 1450 519 1490 non
534 1435 624 1490 solum
638 1439 744 1498 autem,
762 1437 825 1489 leus
840 1437 877 1488 est
891 1436 924 1488 in
936 1433 1095 1502 Evoupelio,
1113 1433 1144 1488 id
1153 1437 1201 1498 est,
1214 1447 1272 1486 non
1284 1433 1374 1486 solum
1389 1433 1486 1486 electus
1502 1432 1535 1486 in
1551 1429 1759 1500 predicationi,

116 1525 165 1579 sed
181 1529 211 1578 et
225 1524 375 1580 ordinatus
389 1530 433 1580 est
446 1523 481 1579 ab
496 1523 634 1592 Ecclesiis,
652 1541 669 1579 a
683 1525 808 1593 fidelibus
821 1523 953 1589 Ecclesiae,
967 1523 998 1576 id
1012 1527 1062 1589 est,
1077 1521 1216 1592 apostolis,
1239 1535 1333 1574 comes
1347 1515 1584 1590 perego-iustioris
1599 1523 1713 1588 nostres,
1730 1524 1762 1576 ut

115 1629 225 1666 mecum
235 1614 321 1680 [mat.
337 1613 368 1668 in
381 1615 454 1668 hanc
467 1613 588 1684 gratiam
598 1615 775 1678 collectionis,
787 1627 849 1684 quae
864 1608 1124 1666 ministratoriis
1138 1605 1219 1663 nobis
1233 1606 1269 1661 ad
1283 1605 1396 1661 Domini
1407 1605 1536 1677 gloriam,
1546 1609 1671 1676 pralium
1685 1609 1755 1671 dico,

115 1703 143 1752 et
160 1699 337 1755 destinatam
354 1703 392 1756 od
405 1701 579 1756 voluntatem
593 1705 729 1768 nostram,
750 1699 792 1767 16,
809 1699 850 1756 17.
866 1698 1022 1755 devitantes
1038 1699 1102 1762 hoc,
1118 1713 1154 1752 ne
1169 1694 1231 1768 quis
1245 1711 1297 1751 nos
1308 1694 1448 1768 vituperet
1459 1694 1488 1749 in
1501 1695 1554 1750 hac
1568 1694 1754 1767 plenitudine,

115 1803 177 1858 qun
191 1779 385 1856 ministretur,
399 1795 531 1860 portetur
540 1793 652 1857 sanctis,
665 1806 682 1843 s
694 1787 785 1854 nobis,
799 1793 831 1843 ut
845 1791 940 1843 uacent
957 1789 1017 1856 Deo,
1031 1789 1062 1841 io
1075 1786 1189 1841 Domini
1200 1785 1332 1852 glorium.
1349 1783 1411 1838 Ideo
1424 1784 1563 1838 mittimus
1571 1785 1644 1839 illos.
1656 1779 1701 1842 18.
1714 1782 1757 1842 19.

114 1877 304 1934 Providemus
313 1879 389 1934 enim
399 1877 475 1934 bona
487 1894 544 1934 non
559 1879 650 1934 solum
660 1895 754 1934 eorem
765 1879 832 1946 Deo,
842 1878 915 1945 quod
928 1881 968 1931 est
981 1879 1006 1930 ri
1020 1877 1094 1930 solus
1108 1873 1251 1942 Apostolus
1258 1873 1408 1943 pecuniam
1417 1873 1495 1940 seret,
1510 1886 1568 1926 nors
1583 1872 1626 1927 bis
1637 1872 1760 1941 forsitan

115 1968 286 2034 crederetur,
305 1984 368 2022 cum
384 1970 440 2038 ipse
456 1967 529 2022 nibil
546 1969 706 2037 fraudaret,
724 1965 778 2021 sed
789 1964 875 2020 etiem
891 1979 985 2019 corum
998 1960 1171 2019 hominibus.
1189 1959 1316 2017 Misimus
1331 1966 1427 2016 eutem
1441 1957 1576 2016 cumillis
1591 1965 1621 2016 et
1640 1959 1759 2017 tratrem

114 2060 249 2110 nocuum
268 2058 449 2125 Timotheum,
465 2071 547 2130 quem
561 2055 740 2129 probavimus
754 2054 784 2109 in
797 2053 896 2109 multis
910 2069 983 2126 serpe
998 2051 1150 2108 sollicitum
1163 2066 1233 2118 esse,
1248 2065 1323 2106 nunc
1335 2053 1431 2106 sutem
1446 2049 1536 2105 multo
1550 2048 1753 2120 sollicitiorem,

112 2143 288 2200 ‘cnfidentia
302 2145 391 2202 multa
404 2145 500 2201 babitu
514 2145 544 2201 in
557 2161 617 2214 sos,
633 2142 749 2202 111120.
770 2159 821 2216 pro
834 2141 908 2210 Tito,
924 2141 972 2214 qni
987 2146 1031 2197 est
1050 2139 1143 2199 socius
1158 2154 1248 2209 meus,
1263 2142 1293 2196 et
1315 2137 1346 2196 in
1364 2153 1413 2196 ros
1427 2135 1551 2212 adjutor,
1574 2136 1633 2196 sire
1654 2137 1759 2196 iratres

783 2307 1083 2368 COMMENTARIUS.

142 2479 174 2540 8.
192 2483 319 2539 Amos.
332 2482 366 2540 Si
379 2485 456 2538 mim
470 2484 608 2538 volentos.
623 2479 762 2546 Quoniam
776 2477 1086 2544 (iorintlsiiAridentur
1098 2491 1248 2551 pauperes.

107 2572 149 2650 od
161 2573 220 2626 hoc
234 2587 306 2643 opus
316 2577 513 2645 provocantur,
533 2571 587 2627 hoe
600 2569 640 2626 eis
656 2569 800 2639 indicitur,
814 2574 916 2625 utnon
995 2567 1037 2624 ll.
1051 2567 1157 2624 11111.
1175 2567 1229 2636 oui
1242 2567 1376 2622 muttum.
1392 2561 1447 2630 Qui
1459 2561 1582 2620 multum
1594 2564 1759 2638 supecolle-

106 2660 174 2732 plus
191 2659 320 2716 tribuent
330 2677 415 2734 quem
427 2663 553 2733 possunt,
567 2659 675 2732 neplus
685 2657 916 2714 lorteoderentes
955 2659 1045 2728 geret,
1060 2654 1090 2710 id
1102 2659 1154 2724 est,
1169 2653 1290 2727 amplius
1303 2668 1388 2725 quam
1400 2667 1551 2724 gomorum
1564 2666 1622 2708 non
1633 2651 1758 2710 abundu-

105 2749 212 2816 coacti,
237 2765 295 2804 non
320 2749 488 2817 voluntarii,
509 2749 672 2804 viderentur
698 2747 759 2802 sine
786 2747 915 2803 mercede
955 2744 1005 2812 vit,
1019 2743 1049 2800 id
1065 2747 1118 2811 est,
1133 2760 1190 2799 non
1203 2744 1267 2816 plus
1279 2741 1379 2799 habuit
1392 2757 1478 2814 quem
1491 2757 1650 2814 gomorum,
1663 2747 1692 2798 et
1707 2743 1757 2816 qui

104 2835 219 2892 futuri:
231 2837 353 2910 quiaqui
364 2841 477 2894 coactus
486 2837 594 2908 aliquid
602 2835 678 2906 iacit,
690 2835 847 2892 mercedem
857 2851 915 2892 non
955 2833 1096 2890 modicum
1119 2831 1227 2888 11111111
1247 2831 1407 2903 collegerat,
1422 2829 1452 2885 id
1474 2834 1527 2899 est,
1543 2828 1637 2886 minus
1656 2829 1757 2888 habuit

104 2923 207 2980 habet.
954 2937 1039 2994 quum
1052 2937 1211 2992 gomorum.
1225 2918 1364 2976 Ianodo
1379 2917 1528 2975 autemita
1540 2915 1661 2974 habetur
1676 2934 1683 2972 ε
1698 2919 1756 2974 Nes

139 3011 173 3067 9.
192 3011 299 3070 omn.
318 3012 477 3070 Secundum
503 3015 534 3068 id
557 3015 638 3084 quod,
654 3017 708 3070 eto.
723 3011 782 3084 Vel·
795 3011 842 3068 ille
864 3011 914 3068 det
953 3014 1004 3081 pur·
1015 3015 1080 3082 plus
1094 3013 1247 3080 colleoerot,
1264 3009 1361 3064 lubuit
1374 3006 1753 3078 omptim3neopuiminm

103 3099 268 3156 secundem
278 3103 351 3176 quod
370 3101 535 3170 nonhabet,
553 3101 601 3173 qui
612 3102 647 3158 de
664 3102 789 3175 quinque
802 3101 911 3170 solidis,
949 3105 1109 3172 percueret,
1123 3100 1226 3170 reperit
1238 3100 1344 3153 miuus.

102 3188 154 3245 det
178 3195 321 3261 quatuor;
342 3189 418 3263 quod
439 3191 598 3246 laciendum
621 3197 664 3247 est
687 3191 737 3258 illi,
757 3190 805 3264 qui
827 3189 913 3247 habet
990 3187 1031 3247 15.
1051 3187 1073 3246 Α
1089 3189 1165 3244 uobis
1178 3189 1216 3243 od
1228 3188 1343 3243 Domini
1356 3185 1488 3254 pieriam.
1509 3183 1586 3241 Ordo
1602 3199 1610 3242 z
1629 3183 1750 3243 Anobis

102 3279 206 3335 decem
225 3279 322 3348 libras,
339 3281 380 3336 sel
395 3281 566 3352 hujusmodi.
581 3281 692 3337 Diceret
706 3280 808 3353 aliquis
824 3297 831 3334 τ
847 3280 912 3337 Non
952 3282 1130 3348 destinatam,
1148 3281 1183 3336 ad
1193 3278 1306 3336 Domini
1318 3277 1449 3351 gloriam,
1465 3277 1544 3334 etad
1557 3277 1747 3339 voluntatem.

102 3367 222 3423 estetsi
246 3369 346 3424 darent
367 3370 521 3425 secundum
536 3370 611 3444 quod
625 3370 764 3437 habeant3
783 3369 909 3425 illienim
988 3369 1030 3427 16.
1051 3372 1206 3426 Devituntes
1217 3371 1275 3425 boc.
1293 3367 1380 3434 Quasi
1394 3366 1501 3423 diceret
1516 3384 1523 3422 τ
1537 3366 1603 3424 Ideo
1621 3365 1750 3424 misimus

102 3455 289 3526 Maoedones,
308 3458 458 3531 piusquam
476 3464 571 3532 posset
588 3475 686 3515 eorum
701 3459 761 3532 pati
779 3457 906 3526 facultas,
951 3458 1067 3515 iratrem
1081 3458 1147 3515 boni
1157 3456 1312 3514 testimonii
1327 3471 1392 3512 cum
1400 3455 1473 3524 Tito,
1487 3471 1523 3512 ne
1537 3455 1599 3528 quis
1609 3455 1751 3528 vituperet

101 3544 258 3601 dederunt.
278 3546 322 3601 Ad
342 3547 396 3602 hoc
414 3548 586 3618 respondet:
610 3548 739 3615 sienim,
757 3552 811 3603 etc.
828 3546 908 3611 Quod
949 3562 1000 3605 nos
1013 3549 1044 3604 in
1057 3550 1110 3604 hac
1120 3547 1243 3620 Epistola
1254 3545 1321 3617 (52),
1334 3546 1521 3618 eleemosyna,
1533 3543 1629 3600 dicens
1649 3560 1700 3602 nos
1715 3559 1749 3601 ex

102 3640 159 3688 est:
172 3635 232 3699 Qui
245 3635 544 3692 rultdaresecundurn
554 3636 583 3692 id
594 3636 908 3708 quodhabet,acceptns
949 3653 982 3694 aa
996 3637 1103 3710 aliquid
1117 3637 1153 3692 ed
1165 3641 1294 3694 nostrum
1309 3650 1379 3708 opus
1395 3635 1527 3691 retinere.

101 3729 143 3778 est
158 3723 233 3789 Deo,
244 3739 301 3779 non
315 3727 427 3781 tentum
442 3725 489 3780 ille
502 3726 549 3798 qui
560 3726 618 3780 vult
633 3725 724 3780 iacere
734 3726 809 3782 ultre
823 3741 908 3797 quam
986 3727 1028 3784 17.
1043 3729 1168 3783 Ausees.
1181 3727 1336 3782 Deoitcntes
1351 3725 1410 3782 boc.
1422 3724 1488 3780 Ideo
1503 3725 1557 3780 hoc
1569 3722 1697 3795 subjecit,
1711 3737 1748 3779 ne

100 3809 198 3867 hebet
205 3812 326 3867 Velita:
343 3814 480 3868 Voluntas
494 3814 1094 3901 prompteiacereultrequsmssnegligens
1116 3815 1192 3871 circe
1214 3829 1312 3871 curam
1335 3819 1498 3871 sanctorum
1518 3812 1705 3885 judicaretur,
1722 3811 1748 3868 si

100 3901 201 3969 possit,
222 3902 380 3957 secundum
399 3902 428 3957 id
453 3903 525 3974 quod
551 3905 619 3972 vult,
643 3908 687 3958 est
707 3907 909 3975 accepeefnon
949 3905 1063 3976 segnius
1075 3905 1129 3962 hoc
1143 3909 1250 3976 ageret.

100 3989 263 4046 secundm
275 3989 352 4062 quod
367 3996 470 4063 potest.
983 3992 1028 4050 18.
1043 3995 1223 4050 Prouidemus
1236 3995 1312 4049 mim
1327 3993 1407 4049 boue.
1418 3991 1551 4048 Prouidet
1562 3991 1638 4048 bone
1649 4007 1746 4048 coram

134 4077 183 4135 ill.
198 4081 329 4137 Auses.
349 4081 401 4138 Sed
419 4097 453 4136 ec
470 4082 634 4152 equalitate.
655 4081 719 4136 Non
745 4079 820 4136 enim
845 4081 909 4153 plus
949 4080 1020 4152 Deo,
1033 4083 1099 4139 dum
1112 4083 1186 4155 quod
1197 4081 1280 4155 jubet
1288 4081 1362 4136 Deus
1377 4081 1453 4136 circa
1462 4079 1621 4136 ministeria
1632 4083 1745 4135 sancto-

98 4167 238 4238 exigitur,
253 4185 339 4242 quam
360 4167 413 4224 sibi
426 4169 530 4225 debent
551 4169 684 4237 retinere,
706 4169 774 4241 quia
796 4171 903 4239 ditique,
945 4188 1019 4240 rum,
1031 4172 1093 4228 lieri
1105 4171 1187 4228 docet
1200 4187 1296 4226 coram
1309 4168 1484 4241 hominibus,
1494 4168 1561 4240 quia
1571 4167 1642 4224 tales
1655 4165 1745 4224 mittit

96 4254 204 4328 inquit,
216 4261 382 4328 pessimum
399 4263 480 4312 tuum
494 4261 565 4313 sicut
580 4259 706 4327 teipsum.
944 4261 1047 4316 adhoc
1065 4277 1135 4333 opus
1153 4259 1369 4328 exhortandum,
1390 4259 1438 4331 qui
1457 4257 1597 4330 probitate
1615 4272 1667 4314 eoa
1685 4269 1743 4314 non

132 4344 181 4401 11.
201 4347 296 4401 Vestro
310 4347 496 4402 abundantia.
518 4346 549 4402 ld
571 4352 623 4413 est,
640 4345 669 4400 hi
689 4345 737 4418 qui
756 4346 903 4403 facultates
943 4349 1047 4405 iaciant
1060 4349 1101 4405 eis
1115 4349 1290 4405 scandalum.

94 4431 214 4501 moene,
240 4434 403 4491 ministrent
424 4441 585 4490 sanctorum
608 4436 720 4508 inopiis,
743 4435 902 4492 utiterum
980 4435 1024 4494 19.
1039 4438 1147 4498 Lmen.
1167 4439 1441 4494 Prouidemusenim.
1458 4436 1535 4506 Ideo,
1549 4434 1744 4510 11111111ἰεὶ-

92 4521 152 4577 illic
172 4524 268 4578 ancti
289 4522 339 4579 ubi
362 4530 429 4580 sunt
445 4524 556 4595 divites,
575 4531 604 4580 et
626 4525 674 4580 isti
695 4525 902 4598 1111111111-
942 4541 1115 4598 muscosus
1123 4525 1313 4584 ministerium
1322 4525 1746 4600 notrumrituperetur,existi·

92 4612 247 4668 munioent
266 4613 320 4683 his,
343 4613 424 4686 qnasi
444 4613 531 4670 vicem
544 4614 731 4686 rependentes
745 4615 901 4672 ministerio
941 4617 1110 4674 mundanos
1123 4634 1184 4673 ease
1198 4617 1285 4685 fures,
1299 4622 1450 4691 postquam
1459 4615 1583 4673 uiderint
1596 4621 1640 4680 tot
1653 4617 1742 4674 bonos

92 4699 225 4758 illm.
889 4703 892 4716 ”
941 4706 1042 4779 quibus
1066 4705 1305 4775 accommodatur,
1325 4705 1369 4761 rel
1386 4710 1503 4779 propter
1521 4703 1574 4760 hoc
1601 4703 1742 4762 mittimus

128 4789 176 4848 12.
192 4791 227 4847 lit
243 4792 294 4859 flet
309 4793 461 4862 equalitas.
474 4792 539 4847 llaec
550 4797 594 4848 est
611 4792 765 4864 equalitas,
777 4796 818 4860 ut,
833 4794 901 4866 quia
940 4801 991 4856 tot.
1005 4813 1042 4852 ne
1055 4787 1183 4852 dicamur
1195 4795 1339 4868 negligere
1352 4795 1423 4851 illud
1438 4793 1577 4850 mittendo
1591 4809 1690 4865 unum,
1712 4799 1742 4852 11

90 4878 138 4934 isti
150 4881 187 4936 in
198 4879 255 4936 hoc
268 4884 396 4952 tempore
407 4879 570 4936 ministrant
579 4881 692 4949 1111111,
703 4883 823 4938 reddent
833 4879 895 4957 [ol.,
939 4886 1094 4942 existimari
1112 4903 1173 4942 esse
1186 4885 1241 4955 ior,
1256 4885 1300 4941 rel
1316 4883 1458 4957 negligere
1472 4883 1543 4940 illud
1554 4902 1561 4953 3
1580 4883 1685 4940 bonnm
1698 4888 1742 4942 est

89 4967 266 5039 reddantur]
280 4968 335 5023 illis
347 4969 420 5025 vices
433 4968 463 5024 in
472 4969 577 5026 futuro.
939 4992 990 5031 nos
1009 4975 1125 5047 esitare,
1147 4991 1183 5031 ne
1202 4975 1291 5031 simus
1311 4989 1397 5030 cause
1422 4973 1503 5030 molae
1525 4972 1740 5030 existimationis

127 5057 174 5116 ld.
188 5059 379 5126 Ouimuttum
389 5058 1055 5139 noo.Plushebentsanctiinspeiu·0eorum3
1076 5069 1105 5121 et
1127 5064 1181 5120 hoc
1200 5062 1336 5136 estquod
1356 5061 1445 5119 dicit:
1462 5063 1642 5119 Providemus
1663 5064 1740 5118 euim

89 5147 509 5219 mdsseculiquamlsiquihoc
518 5148 897 5222 temporevidenturdivites,
942 5155 1087 5221 bono,etc.

90 5243 117 5290 11
130 5245 240 5292 tamen
249 5236 436 5308 aequabnntur
444 5235 501 5292 illic
510 5236 632 5308 utrique,
639 5242 673 5293 11
682 5238 754 5294 sicut
762 5239 899 5298 beneficio
975 5240 1021 5300 10.
1032 5245 1085 5298 Pro
1099 5243 1167 5298 l'ito.
1182 5239 1256 5298 Dicit
1267 5239 1394 5310 matrem,
1411 5256 1494 5313 quem
1508 5235 1648 5308 mittebat,
1663 5239 1740 5296 mul·

89 5325 213 5392 horum,
231 5331 391 5382 sanctorum
404 5326 501 5398 inopie
511 5331 696 5395 sustentatur,
708 5327 750 5383 ite
764 5328 898 5387 beneficio
940 5337 999 5389 tam
1019 5331 1149 5388 fiduciam
1172 5328 1277 5388 habere
1297 5332 1328 5386 in
1353 5331 1403 5401 eis,
1420 5330 1487 5402 quia
1507 5327 1602 5385 ‘litum
1622 5333 1651 5386 et
1669 5329 1739 5386 alios

88 5421 263 5472 samiorum
274 5415 374 5472 divites
387 5417 460 5471 liant
473 5415 503 5470 hi
516 5415 546 5472 in
563 5414 658 5471 futuro
673 5417 784 5486 smculo,
799 5419 829 5474 in
843 5436 899 5491 quo
941 5423 1083 5495 apostolos
1094 5421 1166 5477 bene
1181 5425 1382 5478 tractaverunt.

121 5539 186 5614 (52)
202 5539 326 5613 Epistola
344 5533 929 5613 111111111111111111111111111111.
