3900 6168
71 205 115 265 aas
771 205 991 263 euenerant.
1646 214 1702 276 870

71 317 234 403 depositum,
248 325 284 388 ab
299 321 356 388 alia
370 319 478 406 synodo
490 317 689 396 reconciliavit,
705 315 735 387 et
748 333 796 404 qui
807 332 996 403 unoAipsum
1012 333 1205 388 crescentium
1226 333 1273 390 diu
1293 333 1438 390 obsessum
1461 335 1535 408 cepit
1556 344 1584 394 et
1607 343 1698 413 capite

71 423 219 494 eodemque
230 423 630 494 temporeduosirnperatores
641 421 862 476 excommunica·
902 420 1060 488 truncavit;
1075 422 1167 492 ipsum
1184 439 1247 477 vero
1268 423 1427 493 pontificem
1450 426 1537 480 oculis
1557 427 1697 498 orbatum,

71 511 288 567 ritzOrientalem
300 511 863 594 quidem,nomineltlichaelem,propter
902 509 1065 579 caeterisque
1093 509 1226 564 membris
1253 510 1441 578 debilitatum,
1466 514 1501 568 ad
1527 514 1647 570 dedecus
1671 525 1700 573 et

71 599 166 670 Ignatii
178 602 345 672 patriarchae
358 601 492 670 injustam
503 599 718 670 depositionem3
729 587 861 654 Occiden-
901 584 1084 668 ignovuiuiam
1091 598 1270 652 sacerdotalis
1278 600 1384 653 ordinis
1394 617 1443 671 per
1452 603 1558 674 plateas
1568 605 1700 662 Leoninae

71 690 147 744 talem
159 696 267 754 autem,
276 690 391 744 nomine
402 688 862 760 LotliariumpropterWaldradae
902 687 1022 741 civitatis
1032 687 1202 742 circumduci
1213 687 1308 756 jussit.
1325 689 1378 743 Sed
1393 695 1460 743 ante
1472 707 1557 762 quam
1571 709 1626 748 xxx
1639 695 1700 750 dies

72 779 170 849 pellicis
182 794 241 832 suae
253 777 424 833 societatem.
904 776 1099 846 implerentur,
1124 775 1219 829 anima
1235 783 1262 830 et
1278 792 1394 848 corpore
1408 779 1468 850 ipse
1489 797 1536 834 rex
1551 782 1700 840 defunctus

101 867 133 920 Et
157 867 193 920 de
215 866 337 921 secundo
361 865 485 920 Adriano
507 863 555 935 qui
575 855 745 918 tl'dotletbr
771 853 862 918 fillum
903 870 955 918 est.
1120 851 1123 866 '
1198 929 1203 941 ·

73 925 861 1030 Caroliconstituitirnper·atorelb.bbdebcbrotobqbne,
918 1007 923 1022 ι
939 930 974 1006 Εἴ
988 951 1022 1004 de
1036 931 1185 1006 denedibto
1200 923 1360 1006 Tusculano
1372 953 1420 1024 qui
1435 955 1598 1024 Heancum,
1611 961 1699 1031 majo·

73 1042 113 1113 qui
122 1044 277 1096 altercatus
283 1049 327 1096 est
336 1059 400 1096 cum
411 1042 588 1113 angelberga
598 1041 696 1111 regina
705 1041 740 1094 de
751 1041 863 1094 civitate
904 1040 942 1093 ris
953 1040 1070 1094 Othonis
1078 1047 1220 1111 nepotem,
1229 1041 1546 1111 regemTeutonicorum
1562 1048 1701 1103 ordinavit

72 1133 208 1196 Ravenna,
223 1133 270 1204 qui
285 1138 314 1187 et
327 1131 457 1186 Carolum
472 1133 563 1186 silium
579 1132 640 1200 ejus
654 1130 795 1184 ordinavit
809 1130 862 1183 irn-
904 1129 1114 1198 imperatorem.
1142 1129 1176 1182 Et
1196 1128 1230 1182 de
1251 1129 1313 1198 ejus
1334 1129 1421 1184 fratre
1443 1132 1559 1198 loanne,
1580 1137 1628 1204 qui
1643 1153 1700 1191 uno

72 1227 234 1292 peratorem.
258 1223 293 1276 Et
314 1221 348 1276 de
370 1220 500 1284 llavtino,
519 1220 578 1289 ejus
599 1235 768 1284 successore,
784 1219 863 1288 qu‘us
905 1219 1058 1287 eodemque
1069 1217 1114 1270 die
1125 1217 1251 1296 etlaicus
1267 1217 1320 1271 luit
1338 1223 1366 1272 et
1380 1219 1617 1290 pensitaretis
1632 1225 1701 1280 mihi

73 1310 240 1380 temporibus
249 1310 306 1365 duo
314 1303 429 1388 'glbnosi
440 1303 562 1380 episcopi
570 1303 648 1362 litere
661 1303 690 1362 dr
700 1303 862 1376 Langobar·
905 1295 1044 1381 silendum
1055 1305 1115 1358 este
1125 1317 1181 1358 non
1191 1292 1295 1358 credidi
1304 1295 1454 1385 30aeterdnl
1466 1307 1489 1361 si
1497 1303 1562 1378 quis
1570 1310 1605 1363 de
1614 1311 1703 1366 Theo·

74 1397 121 1456 dia.
136 1415 212 1452 unns
222 1394 411 1464 Placerltibtlst
424 1386 536 1451 dolnlne
550 1393 662 1462 Paulus,
673 1390 762 1466 bepos
772 1385 863 1466 irnpe-
904 1372 1035 1465 pliylatto
1049 1381 1217 1454 Tdsculand,
1228 1377 1348 1462 qlialiter
1366 1389 1468 1448 roaolt
1477 1391 1616 1450 Isa'cerdoti
1633 1414 1703 1453 ven·-

73 1486 183 1552 ratricis,
204 1487 253 1556 qui
264 1486 456 1540 Placentinarn
471 1485 628 1550 ecclesiam,
645 1500 694 1554 per
714 1482 863 1555 Sophronii
905 1483 1010 1537 diderit
1024 1487 1169 1554 papatum,
1191 1487 1220 1534 et
1234 1483 1374 1552 quomodo
1390 1499 1445 1537 uno
1465 1484 1619 1556 eodemque
1632 1492 1703 1542 tem-

74 1573 204 1643 ignaviam
229 1575 357 1630 funditus
375 1575 557 1640 destructam,
574 1591 591 1626 a
604 1572 795 1626 laudamentis
817 1567 865 1625 'rc-
904 1565 973 1644 pore
987 1571 1212 1642 Theophylactus
1223 1575 1251 1624 et
1261 1571 1413 1640 Gregorius
1423 1577 1452 1625 et
1462 1572 1702 1630 SilvesterRoma-

74 1663 228 1732 edicone
238 1665 311 1718 alter
320 1680 386 1719 vero
392 1663 562 1728 Parmensis,
576 1661 861 1724 nomineGundollus,
874 1677 974 1740 Bnum
990 1676 1046 1714 non
1061 1659 1205 1729 regebant,
1222 1659 1270 1712 sed
1287 1658 1434 1714 vastabant
1448 1661 1642 1730 pontificatum
1654 1683 1661 1731 3
1674 1669 1703 1719 et

74 1752 114 1821 qui
125 1752 290 1806 canonicam
301 1753 482 1806 Parmensern
494 1751 649 1812 constituit,
666 1749 763 1820 etipse
777 1765 863 1820 nepos
904 1751 1025 1824 qualiter
1048 1749 1188 1826 Henricus
1208 1767 1265 1816 rex,
1291 1751 1413 1804 Conradi
1434 1752 1519 1817 silius,
1544 1753 1702 1810 Romanam

73 1839 119 1894 luit
130 1841 320 1912 imperatoris.
340 1842 374 1895 Et
388 1842 423 1895 de
438 1841 563 1895 Adriano
583 1840 631 1910 qui
647 1840 672 1894 ei
688 1838 821 1893 successit
834 1839 862 1892 in
904 1831 1057 1896 Ecclesiam
1071 1852 1088 1892 a
1101 1825 1206 1892 talibus
1224 1839 1349 1910 pestibus
1366 1840 1502 1905 liberavit,
1520 1858 1625 1911 gnarus
1641 1861 1702 1898 esse

74 1929 240 1998 pontificatu.
252 1929 287 1984 Et
296 1931 331 1983 de
339 1931 491 2000 Stephano,
503 1935 531 1982 ct
541 1929 575 1982 de
585 1929 727 1993 Formosa
743 1943 862 1998 quorum
904 1929 1031 1994 voluerit,
1052 1928 1128 1998 legat
1146 1927 1249 1982 librum
1264 1945 1347 1998 quern
1358 1929 1470 1991 dictavi,
1482 1931 1530 2000 qui
1540 1930 1704 1987 inscribitur

74 2019 241 2087 temporibus
254 2018 447 2089 Langobardis
467 2016 668 2072 rebellantibus
685 2016 785 2070 Franci
798 2031 863 2086 per·
904 2021 945 2074 An
959 2031 1078 2083 aericus,
1100 2021 1129 2071 et
1148 2016 1187 2070 ibi
1201 2016 1324 2070 inveniet
1344 2017 1403 2070 baec
1426 2017 1620 2074 ordinabiliter
1642 2037 1703 2074 esse

74 2105 198 2160 didemnt
213 2106 374 2176 imperium.
389 2105 598 2182 Etdequodarn
609 2105 767 2182 Stephano,
783 2105 864 2174 citius
905 2107 1014 2176 digesta
1031 2103 1096 2178 (63).
1113 2105 1239 2160 Inveniet
1254 2105 1350 2179 aulem
1376 2106 1414 2159 ibi
1439 2111 1467 2160 et
1486 2108 1607 2176 qualiter
1630 2125 1705 2183 papa

75 2194 241 2265 temporibus
256 2195 402 2249 Sarraceni
416 2200 622 2264 occupaverunt
636 2187 769 2247 Siciliam.
785 2193 820 2246 Et
829 2193 864 2246 de
905 2197 1035 2250 Clemens
1049 2195 1152 2249 electus
1162 2194 1209 2258 sit,
1224 2195 1377 2264 qualiterve
1393 2195 1530 2250 Henricus
1549 2213 1597 2250 rex
1618 2197 1706 2269 impe-

75 2281 174 2336 losnne
188 2283 356 2348 Tusculano,
373 2284 453 2352 cujus
466 2282 639 2353 temporibus
657 2280 776 2335 Romani
787 2280 863 2352 capi·
904 2289 983 2338 rator
1001 2282 1156 2336 ordinatus.
1167 2282 1201 2335 Et
1214 2282 1249 2336 de
1259 2283 1380 2336 Damaso
1392 2285 1452 2352 ejus
1463 2301 1621 2340 successore
1635 2293 1706 2356 quot

74 2372 136 2424 tenii
151 2371 315 2442 patriciatus
331 2371 384 2425 sibi
398 2371 576 2441 tyrannidem
592 2369 811 2426 vindicaverunt.
831 2369 865 2422 Et
905 2371 935 2425 in
945 2379 1051 2441 papatu
1065 2369 1179 2424 duxerit
1190 2370 1259 2423 dies.
1273 2371 1308 2424 Et
1324 2370 1358 2424 de
1369 2373 1504 2441 praeclaro
1517 2373 1620 2443 Leone,
1637 2373 1704 2446 quid

74 2459 103 2512 de
118 2460 240 2530 quodam
257 2459 400 2522 Silvestre,
415 2459 473 2513 viro
488 2459 614 2514 omnium
626 2459 730 2512 artium
753 2457 865 2528 peritis·
908 2457 935 2512 in
951 2464 1053 2529 papatu
1077 2459 1174 2527 egerit,
1190 2458 1345 2529 qualiterve
1365 2460 1451 2513 vitam
1475 2461 1605 2516 finiverit.
1622 2463 1655 2517 Et
1670 2462 1705 2518 de

75 2547 151 2614 nmo,
170 2547 218 2618 qui
233 2546 365 2624 primitus
379 2547 465 2602 abbas
485 2546 645 2615 Bobiensis,
657 2551 756 2616 postea
773 2544 866 2598 archi·
907 2547 1018 2600 Victore
1032 2547 1093 2616 ejus
1106 2561 1266 2600 successore
1283 2546 1350 2617 quid
1371 2549 1469 2617 egerit,
1486 2554 1537 2604 aut
1552 2531 1620 2620 quid
1644 2545 1705 2622 ejds

73 2636 216 2706 episcopus
230 2635 387 2696 Ravennae,
399 2641 463 2706 post
476 2651 541 2690 vero
558 2637 702 2690 Romanus
712 2647 785 2705 papa
800 2633 867 2687 elle·
908 2630 1080 2705 temporibus
1097 2649 1200 2688 novom
1218 2633 1350 2688 evenerit.
1367 2629 1402 2712 Et
1423 2621 1457 2690 de
1483 2631 1634 2708 Stephano,
1647 2633 1706 2693 Goss

74 2733 129 2778 etus
143 2731 198 2778 est.
211 2723 246 2778 Et
259 2719 294 2778 de
312 2715 338 2779 X
353 2725 460 2779 Ioanne
470 2713 637 2790 Tusculano,
651 2721 737 2777 fratre
753 2721 867 2793 majoris
908 2718 1021 2778 thifvecti
1035 2720 1115 2776 ducis
1128 2715 1273 2792 germano,
1287 2729 1316 2792 et
1327 2723 1448 2794 qualiter
1460 2725 1519 2794 ejus
1528 2709 1705 2797 temporibus

73 2811 202 2879 Alberici,
219 2813 267 2884 qui
281 2805 416 2884 'pugnavit
433 2802 498 2867 c'um
514 2810 685 2878 sarracenis,
694 2799 723 2866 et
737 2799 869 2874 abitalia
908 2802 1028 2866 Patarea
1039 2811 1093 2880 ltili
1108 2811 1184 2881 apud
1194 2811 1383 2865 Mediolanum
1394 2819 1491 2866 exorta
1501 2819 1552 2866 est.
1563 2813 1598 2868 Et
1608 2814 1642 2868 de
1654 2814 1705 2869 Ni:

74 2903 166 2971 pulsos
178 2901 208 2955 in
224 2902 347 2956 Siciliam
363 2902 479 2972 fugavit.
496 2902 548 2956 llic
563 2891 711 2956 edificavit
724 2899 900 2972 basilicamc
910 2900 989 2953 cola'o
1005 2891 1086 2970 papa,
1099 2905 1127 2952 et
1143 2899 1237 2953 delite
1254 2901 1338 2969 quant
1363 2895 1462 2954 babuit
1475 2898 1539 2955 cuin
1554 2895 1705 2974 benedicto

73 2988 98 3042 io
111 2985 220 3060 palatio
236 2983 429 3045 Letevanensi.
446 2991 481 3044 Et
497 2991 532 3045 de
556 2990 689 3062 Silvestre
708 2985 866 3044 Tusculano
907 2989 1079 3053 invasore,et
1089 2979 1156 3059 quid
1164 2987 1256 3056 'egerit
1265 2985 1293 3040 in
1305 2977 1461 3059 papatu.Et
1470 2969 1705 3071 deunlexandroll

73 3073 272 3146 genet-effide
287 3071 407 3150 quodam
425 3071 576 3132 Benedicta
586 3073 661 3150 'pa‘p'a
671 3077 806 3140 Romano,
817 3075 868 3148 'q'ui
909 3079 991 3149 papa,
1007 3083 1036 3130 et
1049 3073 1084 3130 de
1093 3070 1143 3130 lite
1154 3093 1237 3149 quam
1246 3069 1349 3130 habuit
1358 3094 1421 3132 cum
1434 3077 1537 3132 Gadolo
1548 3079 1705 3145 Parmensi,

75 3158 127 3220 uno
142 3158 359 3244 eodemquedie
374 3155 403 3221 et
414 3157 503 3222 la'icu's
523 3153 578 3221 luit
591 3171 620 3220 et
640 3165 773 3236 pontifex.
787 3165 822 3218 Et
833 3165 868 3218 de
909 3173 938 3220 et
952 3167 1054 3236 deejus
1066 3165 1197 3230 victoriis,
1209 3171 1238 3219 et
1255 3165 1321 3236 quid
1337 3166 1429 3235 egerit
1449 3166 1478 3220 in
1497 3173 1612 3238 papatu,
1628 3164 1657 3222 el
1671 3170 1706 3224 de

72 3254 344 3310 loanneTusculano
353 3256 518 3326 genere,qui
530 3255 670 3310 Othonem
680 3269 776 3324 regem
786 3254 870 3308 Saxo·
910 3256 972 3324 ejus
994 3256 1060 3308 tine.
1088 3255 1121 3308 Et
1153 3255 1188 3309 de
1211 3253 1330 3326 septimo
1356 3255 1501 3326 Gregorio,
1528 3251 1557 3310 e't
1583 3255 1617 3311 dd
1646 3258 1706 3328 eJ'ut

73 3358 136 3397 num
149 3345 298 3398 coronavit
307 3345 517 3415 imperatorem.
528 3344 563 3398 Et
572 3342 607 3397 de
616 3341 737 3414 quodam
753 3339 869 3414 Silverio
911 3341 1045 3398 electione
1065 3348 1093 3397 et
1114 3341 1170 3397 vita
1184 3347 1212 3396 et
1226 3341 1362 3412 moribus,
1377 3349 1406 3399 et
1420 3337 1542 3415 qualiter
1555 3343 1586 3399 in
1600 3341 1707 3401 Nativi-

73 3429 230 3498 Tiburtino,
242 3425 290 3504 qui
300 3437 413 3486 irlortuo
430 3431 557 3486 alberico
574 3422 742 3496 Tusculairo,
757 3430 805 3500 qui
818 3429 870 3500 pass
910 3437 969 3486 tate
989 3425 1102 3486 llomini
1116 3431 1151 3486 ad
1166 3433 1256 3486 altare
1271 3439 1374 3487 sanctae
1389 3432 1484 3487 blariae
1497 3434 1636 3489 aCinthio
1647 3431 1707 3490 vito

73 3519 199 3576 triciatus
210 3513 264 3575 sibi
274 3513 376 3576 nornen
386 3519 585 3583 vindicaverat,
604 3538 620 3574 a
640 3519 801 3575 Crescentio
816 3505 871 3572 No·
911 3520 1017 3575 crudeli
1032 3523 1130 3590 captus
1143 3520 1188 3585 sit,
1201 3526 1229 3574 et
1242 3537 1275 3574 eo
1287 3521 1333 3575 die
1346 3521 1397 3575 Dei
1406 3522 1500 3592 gratia
1513 3522 1649 3577 liberatus
1658 3523 1706 3578 ar.

72 3616 215 3677 menterno,
233 3611 282 3681 qui
301 3601 436 3681 patricius
454 3609 609 3672 dicebatur,
629 3621 703 3679 papa
725 3607 870 3661 ordinatus
912 3609 1003 3663 Etiam
1017 3609 1051 3662 de
1063 3611 1166 3678 guerra
1182 3625 1266 3680 qnam
1289 3611 1424 3665 sustinuit
1438 3624 1502 3665 cum
1517 3611 1638 3666 Henrico
1654 3612 1709 3666 imss

72 3705 121 3762 est,
147 3699 256 3770 quique
280 3699 366 3752 etiam
387 3697 542 3752 secundum
567 3697 706 3752 Othonem
731 3694 870 3749 ordinavit
911 3704 1041 3767 peratore
1069 3703 1098 3751 et
1130 3697 1164 3751 de
1192 3699 1381 3752 controversia
1410 3715 1494 3770 quam
1516 3695 1616 3776 habirit
1644 3689 1710 3774 curr't

70 3784 271 3856 imperatorem
282 3805 289 3855 ;
299 3783 399 3858 'postea
413 3790 478 3840 v'ero
493 3803 556 3840 cum
573 3785 674 3855 magno
690 3781 825 3838 dedecore
835 3777 870 3836 'ab
911 3781 1058 3846 G'uiberto,
1075 3767 1152 3840 etde
1167 3786 1299 3840 arumnis
1310 3803 1380 3857 quas
1393 3778 1537 3864 sqstin'uit,
1550 3771 1578 3842 et
1589 3789 1623 3842 de
1633 3788 1709 3843 obsi-

71 3861 342 3930 eodern'Cres'centio
353 3892 370 3929 a
380 3867 486 3946 papatu
497 3874 628 3944 expulsus
637 3878 696 3940 est;
708 3878 738 3927 et
755 3866 869 3942 quidam
911 3873 994 3928 dione
1003 3873 1123 3927 civitatis
1134 3878 1163 3927 et
1172 3889 1232 3940 sua,
1241 3875 1363 3944 qualiter
1374 3891 1392 3927 a
1406 3874 1527 3930 Roberto
1539 3877 1710 3930 Nortuman‘-

68 3963 193 4018 loannes
206 3964 387 4018 Placentinus
404 3964 558 4034 episcopus,
576 3963 690 4016 Graecus
706 3973 818 4031 genere,
832 3959 870 4013 le·
910 3964 1012 4016 norum
1026 3961 1096 4014 duce
1121 3962 1158 4014 sit
1174 3961 1321 4026 liberatus,
1346 3966 1376 4015 et
1401 3963 1522 4032 qualiter
1546 3955 1628 4018 beato
1650 3965 1710 4018 'lina

69 4053 185 4120 gatione
198 4052 314 4107 functus
325 4051 444 4107 Othonis
459 4051 590 4120 junioris
601 4056 617 4103 a
628 4045 871 4120 Constantinopoli
912 4049 1057 4121 quieverit,
1069 4047 1245 4120 apertissime
1258 4047 1427 4103 declaratur.
1444 4049 1550 4104 Urbani
1563 4067 1627 4106 vero
1638 4045 1710 4122 pod-

71 4141 194 4208 rediens,
215 4139 284 4194 durii
308 4139 427 4194 Romam
453 4156 538 4193 causa
559 4137 696 4194 orationis
720 4138 837 4204 veniret,
854 4153 872 4190 a
911 4137 995 4192 tificis
1022 4143 1094 4203 acta,
1120 4123 1149 4191 et
1178 4137 1212 4192 de
1245 4138 1305 4208 ejus
1339 4137 1462 4204 victoria,
1492 4140 1516 4193 si
1545 4141 1607 4211 quis
1638 4135 1711 4194 scir‘c

71 4229 188 4297 prefato
201 4219 365 4284 crescentio
375 4205 574 4282 etaltomanis
584 4227 703 4298 capitur,
712 4231 835 4288 tenetur,
844 4226 1043 4322 etDvoluerit,
1059 4226 1135 4296 legat
1154 4225 1257 4280 librum
1282 4232 1365 4296 quent
1392 4226 1490 4296 scripsi
1512 4229 1555 4282 An
1570 4229 1711 4301 Honore!

70 4317 261 4381 licetinu'tus,
272 4333 345 4389 papa
353 4319 450 4370 tamen
456 4316 552 4370 infelix
560 4316 706 4370 ordinatur
715 4315 870 4370 Romanus.
913 4325 1123 4379 scnmnnrmuu,
1136 4317 1165 4367 et
1176 4312 1218 4367 ibl
1231 4313 1355 4367 inve'ni'et
1369 4309 1405 4367 ad
1424 4311 1539 4385 planata
1555 4307 1712 4370 nitentatt

68 4403 150 4468 Quod
165 4406 287 4460 audiens
300 4421 348 4460 rex
364 4409 458 4458 mente
475 4401 607 4472 effrenus,
623 4401 743 4458 Romam
758 4395 872 4456 rediens
913 4395 1108 4474 quaevolv'terit.

101 4545 163 4614 (63)
178 4545 322 4602 Hactenus
346 4539 389 4601 eet
410 4543 485 4617 apud
508 4543 642 4602 Albinum
666 4541 824 4620 scholarem
837 4535 872 4598 eti
912 4539 1063 4614 Mediolani
1076 4552 1109 4619 eq
1124 4546 1187 4597 tent'
1204 4537 1253 4596 ore
1264 4540 1363 4598 'exorta
1391 4531 1503 4616 lega‘t‘ur
1519 4528 1622 4622 Pagius
1634 4535 1653 4620 fa
1674 4523 1712 4618 vid

67 4617 236 4686 Bonizone'3
261 4617 371 4688 reliqua
398 4617 468 4672 item
496 4621 563 4670 sont
585 4615 744 4692 bonizonis,
767 4613 816 4696 sed
840 4629 873 4669 ex
913 4615 1016 4695 Baron.
1041 4614 1077 4668 ad
1101 4619 1147 4668 un.
1168 4561 1249 4679 1858,
1274 4631 1303 4668 n.
1328 4587 1480 4694 allucens
1502 4614 1578 4692 idem
1600 4564 1713 4692 legadt'tr

66 4691 165 4743 codiee
192 4689 372 4744 Oudectionis
399 4685 540 4742 canonicae
566 4691 616 4742 sert
643 4687 754 4742 Decreti
775 4685 813 4741 ab
835 4696 872 4740 eo
913 4685 1017 4756 Pagras
1032 4683 1067 4754 ad
1082 4687 1127 4739 ab.
1141 4681 1221 4751 tort,
1239 4701 1267 4740 n.
1285 4683 1344 4752 7-9,
1360 4685 1408 4740 ubi
1427 4686 1597 4752 Bonizonem
1614 4695 1658 4760 ter
1677 4677 1712 4759 de

65 4761 168 4832 scripti
618 4815 619 4820 .
699 4823 701 4826 Ι
733 4815 736 4824 ¹
933 4755 1091 4810 ontificitius
1111 4757 1191 4810 Rom.
1211 4751 1357 4828 scripsisse
1378 4754 1505 4830 adnotat,
1523 4749 1665 4833 refertque
1679 4777 1713 4816 ex

99 4833 159 4901 (tlh)
185 4817 227 4885 lte
248 4822 379 4897 Petam,
404 4825 433 4884 ld
458 4825 504 4885 ‘est
530 4829 631 4884 literati
655 4814 872 4895 Patarend'tuin,
913 4773 1064 4882 dnmbecio
1078 4832 1188 4898 partem
1201 4827 1274 4882 lianc
1287 4829 1460 4898 postremam
1477 4822 1637 4886 Bonizonis.

301 4966 830 5282 sonituum
900 5087 1486 5276 assemani
1550 4967 1598 4976 '⁴

65 5387 151 5452 orae
164 5377 392 5441 Ballenaiortm
406 5379 634 5454 disquisitionem
647 5382 681 5436 aa
695 5379 817 5453 snvrqnvs
830 5379 1040 5434 conseramus
1053 5372 1451 5456 ajorreaoaoasaan‘onm,
1464 5369 1585 5448 ”arnt
1602 5377 1668 5440 ca.
1679 5361 1714 5444 a

117 5455 301 5598 {effinges
314 5443 616 5522 amoveat-tes.
631 5458 668 5497 :a
683 5393 1117 5526 ammonebant
1131 5446 1312 5518 mesenen,
1325 5449 1455 5521 sapiae
1496 5449 1612 5511 uersas·
1634 5399 1716 5508 lae:

142 5545 195 5585 118.
753 5567 762 5577 .

801 5577 854 5595 ιι·
