3900 6168
123 227 171 289 lib
622 226 743 291 annm
763 227 812 290 AD
831 223 1046 292 canonican
1064 225 1260 291 BBOOENSB.
1707 231 1759 292 iot

122 360 150 414 de
163 375 240 414 noro
254 359 434 430 completam,
447 361 480 413 ul
492 365 591 431 meten
601 359 717 432 patebit.
734 361 785 416 lis.
797 363 866 426 cod,
882 361 916 416 de
926 365 946 420 Α
958 360 1069 427 uelutis,
1086 358 1160 414 dicta
1174 361 1339 432 probatione
1352 361 1418 416 hinc
1431 361 1589 428 indefecta,
1606 362 1665 435 ipse
1680 379 1758 417 more

123 465 187 504 noan
209 450 381 522 completam
397 455 425 504 et
439 456 673 516 conmmmatam,
698 467 760 520 qua
784 449 922 504 dedicatio
963 451 1045 505 solito
1062 451 1262 522 professionem
1285 469 1443 522 expressam
1464 452 1548 520 tecit,
1564 469 1620 523 qua
1634 452 1716 519 facta,
1733 457 1762 508 et

123 539 245 592 fuittam
266 537 448 593 celeberrime
467 545 496 594 et
517 545 575 592 tam
604 539 768 593 solemniter
784 539 922 610 completa
963 540 1133 611 perdicium
1157 539 1286 595 abbatem
1302 547 1423 611 recepta,
1443 541 1472 595 in
1487 547 1624 596 conventu
1641 541 1760 596 fratrum

40 625 42 640 '
123 635 202 698 prout
217 626 328 700 patebit
338 628 567 699 insequentibus.
964 645 1013 700 per
1025 630 1150 683 osculum
1161 629 1329 691 admittitur,
1345 629 1483 700 coepitque
1499 635 1595 701 postea
1610 629 1644 684 de
1658 630 1761 684 virtute

153 717 212 771 Cel.
230 715 295 779 tili,
307 719 360 770 lia.
376 714 595 771 43.Guillelmus
606 716 816 771 deBensserilla
831 716 922 771 dictus
963 719 992 773 in
1010 719 1140 773 virtutem
1157 719 1300 790 proficere,
1318 717 1621 789 singulosfratressuos
1633 721 1760 790 exemplo

125 805 267 876 Popeline,
281 811 334 860 etc.
351 807 401 860 dis.
419 807 489 872 ond,
501 806 534 858 G.
552 805 587 860 de
604 805 758 860 Benserilla
773 807 924 860 diotusPo-
965 809 1000 862 nd
1024 808 1129 862 bonum
1151 807 1285 862 inclinare
1308 811 1336 861 et
1361 811 1393 862 ut
1415 823 1496 862 verus
1514 809 1672 862 claustralis
1684 807 1760 864 omni

125 897 214 968 peline
227 897 258 950 in
273 895 443 951 abbatemet
458 903 598 967 pastorem
613 898 702 968 ipsius
717 897 880 952 monasterii
896 905 924 952 et
966 895 1118 950 humilitati
1134 912 1247 966 operam
1264 895 1340 950 dare.
1353 897 1474 951 Noverat
1490 896 1565 951 enirn
1586 897 1701 952 humilis
1715 897 1762 951 ille

36 1027 37 1046 ,
125 986 302 1058 postmodum
317 986 489 1052 benedictus,
503 987 664 1056 sicquidem
682 987 924 1057 magnaepruden-
965 985 1118 1040 monachus
1130 985 1204 1056 quod
1219 1001 1275 1039 non
1286 983 1341 1039 nisi
1356 1003 1406 1056 per
1418 987 1523 1057 gradus
1534 986 1702 1041 humilitatis
1713 1003 1761 1041 ra·

35 1111 36 1136 ,
125 1076 165 1128 tie
180 1081 211 1129 et
224 1074 384 1146 probitatis,
400 1075 553 1141 modestus,
570 1075 685 1139 facetus
702 1076 778 1130 mitis
796 1082 825 1130 et
841 1077 925 1129 dilec-
965 1075 1003 1128 let
1018 1075 1081 1146 quis
1094 1075 1129 1128 ed
1141 1075 1247 1146 apicem
1256 1075 1577 1130 altitudinisascendere.
1593 1077 1686 1131 Atnbi
1698 1083 1763 1131 aeta·

127 1169 165 1217 tus
180 1165 217 1218 ad
232 1180 342 1228 omnes,
360 1165 479 1236 patiens,
496 1165 665 1226 misericors,
684 1166 778 1234 largus
792 1170 821 1219 et
830 1165 922 1220 muni·
964 1163 1064 1218 tisfuit
1078 1165 1271 1234 competentis,
1288 1170 1331 1219 est
1345 1166 1431 1219 sacris
1445 1171 1590 1237 promotus
1607 1163 1759 1230 ordinibus,

33 1317 34 1332 χ
127 1255 190 1306 ficus
204 1254 255 1324 qui
271 1261 386 1308 strenue
397 1259 427 1307 et
440 1253 619 1308 laudabiliter
629 1255 709 1319 rexit,
727 1260 779 1308 etc.
965 1253 999 1307 ad
1014 1253 1161 1307 sacerdotii
1182 1253 1296 1307 tandem
1323 1255 1428 1309 meruit
1454 1253 1602 1308 ascendere
1631 1255 1760 1324 gradum.

157 1343 214 1397 Col.
235 1339 300 1406 uli,
317 1345 369 1396 lin.
388 1340 432 1399 19.
452 1341 563 1397 Christe
577 1343 705 1414 propina.
722 1344 771 1396 llis.
792 1344 855 1396 add·
872 1342 923 1396 llic
963 1342 1070 1397 Deinde
1081 1348 1144 1412 post
1156 1341 1294 1396 modicum
1302 1344 1439 1414 temporis
1452 1343 1764 1398 intervallumcomnris·

127 1431 292 1486 uenerabilis
307 1432 349 1484 vir
361 1431 538 1502 supradictus
552 1431 725 1502 temporibus
740 1431 799 1485 suis
810 1431 924 1484 vestivit
964 1447 1012 1484 sus
1028 1430 1079 1485 tuit
1093 1431 1306 1485 administrator
1316 1431 1456 1501 prioratus
1471 1431 1506 1486 de
1522 1428 1694 1486 Bello-Saltu
1709 1431 1764 1486 Ro-

129 1527 152 1574 et
164 1521 276 1592 recepit
289 1521 318 1575 in
333 1520 465 1591 predicto
485 1521 655 1576 monasterio
669 1521 848 1592 quamplures
868 1537 924 1573 rno-
965 1520 1170 1590 thomagensis3
1183 1519 1284 1573 deinde
1300 1519 1439 1590 prioratus
1454 1521 1481 1574 S.
1495 1521 1570 1574 Petri
1581 1520 1616 1575 de
1627 1521 1763 1575 Dnchiaco

127 1610 227 1664 uachos
250 1609 398 1679 religiosos
413 1609 548 1664 discretas
562 1609 645 1674 uiros,
662 1609 697 1662 de
712 1608 813 1678 quibus
828 1613 925 1678 postea
966 1609 1171 1672 Ambianensis,
1187 1615 1282 1680 po'stea
1296 1609 1438 1680 prioratus
1464 1607 1495 1663 B.
1519 1607 1616 1663 Mariae
1638 1609 1673 1664 de
1687 1611 1762 1681 Loyo

129 1699 367 1752 llomcruntnnus
377 1697 624 1752 Gaufridusdictus
635 1696 833 1751 Huroaoabbas
843 1697 956 1772 (ΞΜ-Β
968 1697 1151 1762 Belvucensis,
1167 1703 1196 1752 et
1209 1697 1340 1768 deinceps
1354 1697 1495 1769 prioratus
1509 1698 1528 1752 S
1555 1697 1630 1752 Petri
1646 1698 1680 1752 de
1692 1700 1764 1752 Pon-

129 1787 297 1852 meticensis,
312 1785 701 1856 Vincentiuedellothomago
711 1786 801 1840 dictus
812 1785 926 1840 raetiae·
966 1787 1054 1842 tisora
1077 1787 1308 1856 Rothomagensis
1323 1786 1469 1854 diaecesis,
1487 1786 1674 1858 studebatque
1688 1787 1765 1840 Pari-

129 1876 209 1930 abbas
237 1875 441 1941 Pratellensis;
468 1891 575 1928 necnon
599 1873 737 1929 liebertus
766 1873 800 1928 de
823 1875 926 1928 liotha-
966 1876 1025 1930 sius
1040 1875 1763 1946 quousqueadeptuscssetgradumbaccalaureatus

130 1981 215 2036 mago,
232 1965 305 2019 allas
316 1968 341 2018 lo
363 1966 469 2030 Tetticr.
487 1963 573 2018 abbas
588 1964 615 2018 S·
631 1962 746 2027 Ebrulti,
757 1980 790 2016 ac
803 1965 926 2018 loannes
967 1965 995 2019 in
1010 1964 1138 2028 decretis,
1150 1969 1178 2018 et
1192 1961 1359 2034 precedebat
1369 1965 1402 2018 ad
1413 1965 1532 2033 gradum
1545 1963 1661 2019 Lutetiae
1672 1966 1765 2036 legen·

129 2051 295 2125 deBoulaye
310 2053 396 2108 abbas
418 2053 603 2117 Ceraciensis,
628 2053 754 2107 Annoll
784 2051 927 2123 liutpost
967 2054 1002 2108 do
1018 2053 1175 2124 perplures
1190 2069 1278 2106 annos
1293 2052 1411 2107 indicta
1429 2051 1606 2108 decretorum
1622 2051 1763 2119 facultate,

130 2143 242 2208 obitum,
261 2149 316 2196 etc.
967 2143 1120 2197 secundum
1142 2158 1247 2196 morem
1264 2141 1292 2196 in
1316 2141 1417 2196 studiis
1437 2141 1613 2196 decretorum
1630 2143 1766 2198 hactenus

161 2233 215 2286 Gal.
245 2227 308 2296 678,
330 2234 382 2288 lin.
405 2228 446 2287 18.
469 2230 648 2285 Reverendus
663 2235 743 2302 pater
756 2229 923 2284 Gulllelmus
966 2231 1142 2286 observatum
1162 2231 1232 2284 :sed
1249 2235 1454 2301 consequenter
1466 2237 1611 2286 revocatus
1636 2231 1672 2286 ad
1692 2233 1768 2286 clau-

131 2321 220 2385 abbas,
248 2329 314 2385 ete,
340 2337 424 2390 arque
446 2322 483 2374 ed
507 2322 562 2374 trac
584 2319 673 2384 rerba,
690 2319 737 2372 ubi
752 2320 822 2373 solet
836 2317 925 2390 accipi
966 2325 1066 2381 strum,
1084 2321 1340 2392 qualisquantusre
1353 2321 1506 2375 fuitrerum
1520 2321 1764 2376 effectuclnrescit.

130 2409 294 2477 benedictio,
306 2414 337 2463 ut
347 2413 434 2462 inan.
446 2411 537 2463 Postea
552 2411 678 2478 sequitur
692 2412 723 2462 in
738 2425 788 2462 riis.
806 2410 862 2462 cod.
875 2409 927 2462 liic
969 2411 1039 2464 Nam
1056 2409 1161 2463 electus
1180 2409 1233 2463 fuit
1255 2409 1281 2462 in
1296 2409 1417 2480 priorem
1434 2411 1611 2464 claustralem
1626 2411 1693 2465 dicti
1710 2427 1767 2466 mo-

130 2499 168 2552 rir
181 2499 362 2554 venerandus
377 2498 449 2552 rexit
468 2498 632 2570 praedictum
647 2497 804 2552 coenobium
821 2498 929 2551 cunctis
968 2498 1082 2552 nasterii
1097 2516 1103 2563 ;
1121 2503 1216 2568 postea
1236 2497 1270 2550 ad
1291 2499 1517 2568 prosequendum
1534 2499 1684 2569 quamdam
1704 2517 1768 2554 cau·

130 2589 185 2642 suis
208 2588 340 2642 amabilis
362 2603 412 2658 per
430 2587 551 2658 spatium
571 2585 601 2642 lb
617 2601 755 2640 annorum
772 2593 800 2639 et
813 2585 928 2639 dimidio
969 2603 1028 2640 sam
1042 2587 1208 2640 intentatam
1219 2587 1424 2657 perquemdam
1437 2587 1607 2642 cardinalem
1623 2589 1767 2643 occasione

129 2679 168 2730 rel
181 2678 272 2742 circa3
298 2677 378 2747 cujus
397 2677 497 2730 animae
511 2675 679 2746 propitietur
693 2677 776 2728 Deus.
793 2677 891 2728 Amen.
970 2678 1112 2748 prioratus
1123 2678 1157 2730 de
1166 2677 1343 2730 Bellolinnte
1358 2677 1471 2746 lingerii
1487 2676 1769 2734 Bbroicensisdioece·

162 2767 219 2821 dol.
234 2765 300 2828 683.
317 2769 370 2820 tin.
383 2763 426 2822 30.
443 2765 546 2820 Christi
561 2765 630 2818 colla
646 2762 764 2834 subegit.
783 2765 832 2818 lfs.
845 2764 927 2818 Chri·
971 2767 1019 2828 sis,
1034 2766 1137 2819 missus
1151 2761 1205 2818 fuit
1218 2765 1352 2830 Parisios,
1371 2771 1399 2819 et
1412 2765 1534 2828 interim,
1551 2765 1679 2821 videlicet
1693 2784 1767 2822 anno

130 2859 171 2908 sto
185 2854 266 2916 colla,
279 2861 333 2909 etc.
352 2857 411 2910 Lin.
429 2853 689 2909 salamantino
704 2859 822 2908 centeno
833 2852 927 2925 sicque
968 2853 1080 2910 Domini
1095 2843 1172 2916 1⁴34,
1187 2853 1306 2922 gradum
1322 2853 1443 2907 licentiae
1461 2854 1490 2906 in
1502 2853 1576 2907 dicta
1590 2854 1767 2912 decretorum

131 2948 277 3013 quaterno,
295 2945 345 2997 lde.
360 2944 438 2997 addit
454 2942 574 3006 :Quinta
584 2939 712 3012 quintilis
726 2941 817 2995 decies
827 2946 927 3012 quarto
968 2944 1101 2998 facultate
1117 2943 1169 2997 fuit
1182 2947 1336 3007 assecutus,
1353 2946 1381 2994 et
1400 2942 1577 3012 postmodum
1602 2944 1768 2998 commissus

130 3047 239 3103 quoque
253 3037 344 3096 sextu,
360 3037 456 3102 parcat
466 3030 506 3084 illi
522 3031 605 3084 Deus.
616 3031 715 3084 Anien.
937 3033 1024 3095 Gfuit
1035 3033 1070 3086 ad
1080 3032 1205 3102 regimen
1218 3037 1246 3085 et
1260 3031 1533 3086 administrationem
1546 3031 1686 3102 prioratus
1699 3033 1770 3087 Con-

164 3123 264 3175 Deinde
279 3124 406 3189 sequitur
420 3123 451 3173 in
469 3135 518 3172 ms.
533 3120 621 3173 codice
636 3137 643 3171 :
659 3113 931 3172 Venerabili'l'homa
972 3121 1082 3176 fluentii
1098 3121 1262 3175 parisiensis
1277 3119 1413 3184 dioecesis,
1428 3127 1457 3175 et
1470 3121 1584 3175 effectus
1598 3126 1641 3175 est
1661 3121 1767 3185 doctor,

130 3209 247 3266 xnvnt
262 3209 366 3266 abbate
381 3211 545 3265 monasterii
556 3211 587 3264 B.
603 3211 640 3266 M.
651 3211 685 3266 de
701 3211 787 3264 Becco
803 3205 931 3262 llerluini
973 3217 1001 3266 et
1015 3215 1079 3264 actu
1093 3224 1193 3279 regens
1211 3210 1335 3263 Parisius
1357 3211 1386 3263 in
1400 3209 1475 3264 dicta
1490 3209 1667 3265 decretorum
1684 3211 1770 3265 facul·

130 3299 163 3354 de
185 3300 278 3354 carnis
306 3300 406 3353 educto
427 3300 579 3370 ergastulo,
595 3300 730 3354 successit
742 3297 877 3352 honestus
892 3295 932 3348 vir
972 3305 1040 3365 tate,
1058 3300 1087 3353 in
1103 3315 1159 3370 qua
1173 3315 1223 3369 per
1237 3299 1354 3353 multum
1370 3304 1482 3370 tempus
1494 3299 1566 3353 rexit
1577 3305 1605 3353 et
1622 3302 1654 3353 ut
1673 3300 1771 3354 doctor

130 3389 257 3444 unanimi
282 3389 403 3446 fratrum
421 3402 560 3443 consensu
575 3389 680 3443 electus
695 3388 817 3442 loannes
832 3385 866 3439 de
880 3385 932 3438 Ro-
973 3405 1024 3460 per
1043 3388 1254 3442 universitatem
1282 3387 1468 3441 parisiensem
1492 3387 1612 3442 dominis
1629 3386 1723 3444 abbati
1743 3394 1772 3444 et

133 3479 276 3548 thomago,
293 3477 363 3530 alias
377 3477 411 3530 de
426 3475 534 3538 Motha,
549 3478 678 3532 sacerdos
697 3481 726 3530 et
740 3475 893 3530 monachus
903 3475 931 3527 in
973 3477 1121 3532 couventui
1132 3476 1294 3531 monasterii
1309 3475 1606 3546 Maioris-Munasterii
1621 3475 1707 3549 piupe
1718 3477 1773 3532 Tu-

132 3567 203 3621 dicto
219 3566 393 3621 monasterie
409 3583 538 3637 expresse
551 3566 701 3637 professus.
714 3566 767 3620 ilie
791 3564 832 3617 vir
853 3579 933 3617 rene·
974 3567 1060 3632 ronis,
1077 3565 1183 3620 ordinis
1197 3566 1286 3620 sancti
1301 3565 1456 3620 Benedicti.
1473 3566 1628 3636 prioratum
1645 3566 1680 3620 de
1695 3567 1770 3634 Ovis,

132 3657 245 3716 mndus,
258 3655 386 3710 decimus
400 3655 551 3709 liberorum
568 3655 669 3710 nobilis
688 3655 738 3708 riri
754 3653 876 3708 Simonis
898 3652 934 3706 de
975 3673 1009 3710 en
1022 3654 1251 3719 TerosseGallire,
1261 3653 1429 3708 Morinensis
1440 3655 1579 3725 dioecesis,
1590 3661 1618 3709 et
1629 3671 1772 3711 commen·
1801 3691 1810 3704 ·

132 3744 238 3810 Motha,
255 3744 325 3798 ciris
339 3743 583 3814 Rotnomagensis,
597 3750 744 3816 postquam
760 3741 935 3814 pueritiaein-
975 3745 1039 3800 dem
1055 3743 1185 3798 obtinuit.

132 3839 278 3888 crementa
287 3833 426 3903 transegit
435 3840 464 3886 et
471 3833 632 3887 rudimenta
642 3827 867 3903 grammaticalia
877 3835 935 3882 stu·
1009 3837 1091 3889 Anno
1111 3833 1222 3887 Domini
1236 3830 1304 3888 1446
1318 3831 1392 3886 dieto
1407 3833 1578 3886 monasterio
1589 3831 1619 3886 B.
1633 3829 1729 3887 Mariae
1739 3831 1773 3888 de

132 3921 227 3976 diosus
243 3921 380 3994 percepit,
390 3921 668 3991 discretismagistris
680 3919 804 3974 Parisius
818 3919 846 3972 in
863 3934 935 3988 pre·
976 3923 1062 3977 Becco
1074 3921 1196 3975 Helluini
1212 3927 1326 3975 vacante
1341 3937 1391 3991 per
1403 3925 1522 3975 mortem
1538 3922 1646 3992 praefati
1660 3921 1774 3977 Thomas

132 4011 209 4065 clara
231 4011 340 4064 artium
363 4009 507 4078 Facultate
530 4025 547 4063 a
571 4009 735 4080 parentibus
754 4007 936 4063 traditurim·
976 4006 1092 4066 xxvni
1106 4008 1226 4074 abbatis,
1252 4015 1280 4062 et
1301 4009 1409 4079 treugis
1425 4009 1590 4078 interreges
1603 4011 1726 4064 l'mneiae
1746 4015 1775 4065 et

133 4099 281 4154 buendus:
299 4115 396 4153 rerum
421 4098 487 4170 quia
500 4099 573 4153 Deus
589 4097 755 4168 praeviderat
769 4113 832 4151 euru
845 4096 936 4150 lucer·
976 4099 1083 4170 Angliae
1097 4099 1178 4154 tactis
1193 4105 1221 4152 et
1235 4098 1423 4169 proclamatis,
1447 4098 1620 4168 pragmatica
1629 4097 1774 4154 sanctione

136 4203 200 4242 nam
215 4191 244 4243 in
257 4189 345 4242 domn
360 4202 410 4243 sua
425 4189 484 4242 fore
495 4188 650 4250 ardentem,
668 4185 937 4257 noluittantisplen·
978 4190 1006 4243 in
1022 4187 1215 4243 Norhmannia
1239 4187 1354 4240 minime
1378 4185 1470 4240 locum
1493 4185 1623 4248 habente,
1651 4185 1774 4256 religiosi

135 4275 211 4333 doris
225 4278 325 4332 lumen
340 4276 392 4332 sub
408 4275 504 4332 nubilo
519 4275 667 4330 mundana
679 4274 857 4328 obscuritatis
873 4273 936 4328 diu·
945 4277 1045 4369 Ddicti
1059 4276 1222 4330 monasterii
1233 4275 1398 4329 electionem
1409 4273 1529 4346 pastoris
1538 4273 1568 4328 in
1577 4274 1698 4347 capitulo
1708 4275 1774 4331 dicti

133 4367 193 4422 tius
207 4368 314 4434 latere3
328 4366 376 4420 sed
384 4381 470 4437 super
478 4363 676 4420 candelabrum
690 4364 752 4418 vitae
768 4363 938 4433 contempla·
978 4367 1031 4421 loci
1045 4364 1241 4419 celebrandam
1256 4364 1448 4418 decreverunt.
1463 4361 1495 4416 ln
1505 4380 1558 4434 quo
1569 4363 1698 4418 certadie
1708 4381 1775 4418 con-

131 4457 210 4525 tire,
226 4462 260 4510 ut
272 4454 403 4509 omnibus
418 4455 507 4524 quiin
526 4455 609 4508 domo
621 4453 669 4514 Dei
681 4452 937 4523 suntpostmodum
978 4455 1098 4527 gregati,
1115 4453 1288 4508 ceremoniis
1308 4453 1342 4506 ad
1364 4453 1417 4506 boc
1435 4451 1600 4507 necessariis
1624 4452 1717 4507 debite
1730 4451 1777 4506 ob

131 4546 251 4610 luceret,
270 4543 356 4598 soluit
379 4543 525 4598 collocare.
551 4542 632 4598 Unde
652 4557 768 4596 snorum
788 4546 938 4612 parentum
979 4543 1105 4608 serratis,
1122 4543 1250 4597 unanimi
1265 4541 1518 4597 consensudictum
1531 4541 1667 4595 loannem
1681 4541 1777 4596 deno-

132 4633 332 4690 obsecundans
346 4631 428 4694 rotis,
449 4630 519 4686 bene
538 4631 657 4685 moritus
672 4630 746 4685 illiue
761 4630 866 4684 dictum
883 4645 940 4683 mo·
980 4635 1114 4704 thomago
1128 4632 1260 4704 perviam
1271 4631 1392 4703 Spiritus
1408 4631 1496 4686 sancti
1507 4631 1662 4701 elegerunt,
1680 4631 1709 4686 et
1723 4633 1779 4686 ele-

133 4723 296 4778 nasterinm
324 4722 359 4775 ad
378 4719 553 4792 probandum
569 4719 716 4774 monastici
735 4715 841 4773 ordinis
853 4719 939 4772 ritem
980 4723 1100 4778 ctionem
1112 4722 1200 4793 ipsius
1214 4736 1277 4774 cum
1293 4719 1778 4791 magnissumptibusabapostolica

134 4811 250 4867 oblatus
265 4811 433 4881 ingreditur,
448 4809 519 4863 etad
534 4809 577 4864 sui
585 4807 779 4880 probationem
790 4806 826 4863 ab
840 4806 941 4862 abbate
981 4811 1047 4866 sede
1058 4811 1227 4872 confirmari,
1240 4815 1268 4862 et
1282 4809 1483 4880 perdominum
1499 4809 1676 4880 Badulphum
1690 4809 1780 4864 archi-

135 4907 167 4956 et
182 4899 397 4956 conventudioti
413 4898 464 4952 loci
480 4897 600 4969 benigne
618 4897 778 4968 suscipitur,
795 4895 940 4950 fitOhristl
983 4900 1144 4970 episcopum
1153 4899 1407 4968 Bothomageneem
1415 4898 1444 4951 in
1452 4898 1558 4970 capella
1568 4895 1716 4970 palatiisui
1728 4897 1781 4952 Ro·

135 4990 196 5045 tiro
207 5001 296 5047 nosue
312 4987 361 5058 qui
373 4987 450 5058 prius
463 4992 525 5040 erat
536 4985 730 5058 philosophus.
745 4983 854 5056 Accipit
868 4984 941 5038 illico
984 4988 1175 5058 thomagensis
1203 5003 1306 5042 munus
1335 4986 1537 5042 benedictionis
1559 4987 1610 5041 sibi
1630 4985 1778 5058 impertiri,

134 5075 309 5132 obedientia
331 5075 485 5130 fortissima
503 5091 594 5139 arma,
610 5075 639 5128 et
649 5074 712 5146 jugi
728 5073 840 5128 Domini
853 5073 943 5127 suari·
984 5091 1047 5130 cum
1058 5093 1090 5130 aa
1099 5076 1347 5146 solemnitateqnae
1355 5075 1470 5130 decebat
1479 5073 1780 5138 obtinueruntQuibus

135 5173 240 5232 tatem,
258 5165 353 5220 onena
368 5165 512 5220 lenitatem
527 5165 677 5234 diligenter
689 5162 945 5234 experiturprobnt
985 5160 1117 5220 canonice
1128 5165 1257 5237 peractis,
1270 5165 1344 5218 idem
1356 5165 1487 5219 dominns
1497 5163 1591 5228 abbas,
1605 5178 1661 5217 non
1670 5161 1782 5217 obstan·

136 5263 170 5314 et
181 5255 321 5328 approbat
331 5254 514 5309 morrasticam
525 5253 622 5306 vitam.
637 5253 776 5308 Probatur
787 5269 943 5325 necrepro·
983 5261 1012 5310 te
1025 5261 1153 5326 tempore
1169 5270 1279 5324 guerrae
1306 5258 1335 5308 et
1353 5253 1525 5308 desolatione
1544 5252 1649 5322 petria,
1672 5251 1779 5306 dictum

137 5346 230 5400 batur
243 5343 305 5415 ejus
321 5343 500 5400 laudabunda
521 5343 714 5407 conversatio;
739 5359 803 5397 nam
825 5342 860 5397 ob
881 5344 944 5398 vitae
985 5344 1187 5404 monasterium
1197 5342 1377 5397 landabiliter
1391 5341 1471 5400 rexit,
1484 5345 1513 5394 et
1522 5339 1695 5410 spiritalibus
1708 5354 1782 5394 aere-

139 5435 279 5490 meritum
295 5433 373 5488 bona
386 5433 488 5488 indolis
500 5431 662 5486 adolescens
672 5431 801 5488 omnibus
815 5449 845 5488 se
855 5432 945 5486 imita·
985 5433 1097 5488 ritatem
1113 5433 1142 5488 in
1161 5450 1191 5488 se
1206 5433 1340 5488 retinens.
1358 5431 1429 5486 Nam
1445 5428 1542 5500 rigidis
1557 5433 1585 5483 et
1595 5429 1732 5501 perversis
1742 5445 1785 5483 co-

138 5523 232 5583 bilem
248 5521 407 5577 exhibebat.
424 5521 600 5577 Probstionis
613 5521 701 5594 igitur
714 5537 788 5577 anne
802 5529 831 5578 et
844 5522 889 5577 die
903 5537 945 5576 re·
985 5521 1189 5578 habitationem
1216 5520 1371 5592 disciplina
1397 5518 1532 5588 inferens,
1556 5519 1672 5574 mitibus
1691 5521 1720 5574 et
1732 5515 1786 5588 piis
