3900 6168
239 231 292 295 il'i
715 229 766 286 AD
783 227 905 284 01²le
922 226 955 285 Β.
976 227 1186 284 marmot
1202 225 1398 284 APPENDIX.
1819 225 1868 280 ‘lte

236 375 295 418 aaa
313 357 401 415 limen
421 369 503 426 posse
524 353 675 426 attingere,
694 370 748 410 uee
765 354 801 408 da
825 353 902 408 tonte
923 351 1204 424 potare.AAugliam
1214 352 1361 424 suscepisti
1370 350 1557 422 liliam,quam
1567 349 1675 406 siderea
1690 351 1868 422 Regitormo-

236 448 344 514 Quibus
357 444 543 516 respondetur
556 442 625 498 istas
639 444 675 498 ad
687 444 762 502 huuc
784 443 837 498 rite
853 442 960 496 intrare
974 457 1035 513 que
1077 457 1137 495 sani
1163 442 1289 496 enutrias
1310 456 1453 512 sponsam.
1470 440 1533 494 lam
1554 445 1618 510 post
1630 456 1765 510 magicum
1779 439 1870 495 orbem

238 552 304 593 eum
319 548 461 604 recepere,
481 531 545 586 illas
564 547 629 586 vero
644 532 709 602 jure
729 531 828 602 repelli
844 547 905 602 «quae
919 545 983 584 eum
995 543 1037 584 re
1077 535 1168 596 terre,
1185 529 1302 585 intrasti
1315 530 1390 584 hunc
1401 527 1553 582 vastissimi
1568 528 1673 582 Oceani
1691 527 1787 582 orbem
1800 529 1869 584 alte-

235 624 398 696 pudiarere.
1078 635 1150 684 rum,
1163 635 1264 674 serena
1277 619 1347 672 fecie
1362 616 1583 690 pulcherrimum
1598 632 1630 670 ac
1644 615 1868 671 fecundissimum

273 710 413 783 Competit
425 708 491 766 huic
508 708 624 780 antiquo
634 708 830 778 nuperrimam
843 709 904 778 ejus
919 707 958 761 ibi
973 711 1037 772 50
1078 710 1161 775 arvis,
1179 708 1276 781 pratis.
1292 708 1416 780 pascuis,
1444 705 1546 771 fluviis,
1569 705 1649 760 fretis
1675 705 1868 772 uberrimum;

235 808 347 872 gestum
361 798 526 856 subnectere
540 798 882 868 miraculum,quanquam
897 793 1036 850 morosius
1077 797 1229 862 manebus,
1250 796 1365 868 campis,
1382 793 1458 848 silvis
1469 793 1660 864 gratissimum
1674 812 1680 862 ;
1696 792 1810 848 urbibus
1821 811 1871 864 po-

235 905 440 963 prosequamur
455 888 547 958 ipsum
563 887 711 942 lucifemm
732 886 913 940 festinantem
928 901 961 938 ac
973 886 1031 938 An·
1076 886 1182 956 pulosia
1192 903 1225 940 ac
1238 883 1435 940 tmnsmarinis
1449 883 1611 937 institorum
1624 884 1744 952 negotiis
1758 883 1871 938 matire-

234 979 340 1050 glicum
354 977 506 1032 Oceanum.
525 976 647 1030 Venerat
662 975 771 1047 pridem
790 973 1033 1028 reverentissimus
1075 975 1178 1030 simum
1190 995 1196 1042 ;
1207 981 1293 1045 gente
1302 973 1432 1034 candida,
1445 987 1596 1043 rerumque
1607 970 1870 1042 opibusillustrissi-

234 1065 444 1137 Andegaransis
455 1065 557 1136 praesul
571 1064 723 1118 Goillridus
738 1062 952 1126 bononensium,
962 1077 1033 1131 gau-
1075 1080 1164 1118 mum.
1182 1065 1241 1118 Hoc
1255 1062 1362 1116 scilicet
1376 1067 1435 1115 tam
1449 1060 1559 1130 iugens.
1576 1065 1605 1114 et
1627 1059 1790 1130 preclarum
1804 1060 1869 1131 Elp-

236 1157 307 1214 dens
318 1155 409 1226 ipsum
424 1154 573 1224 antiquum
582 1169 639 1207 sue
649 1152 746 1224 patrie
761 1152 899 1223 hospitem
916 1150 1036 1204 revisere
1077 1153 1219 1222 sium.jam
1235 1153 1303 1208 olim
1317 1151 1369 1206 tibi
1380 1151 1478 1205 electio
1490 1148 1601 1204 ofliciali
1611 1166 1672 1215 suo,
1684 1149 1807 1204 omnium
1817 1151 1870 1203 Ar-

234 1243 436 1316 Augusauum.
456 1243 520 1310 Qui,
543 1242 660 1296 audiens
679 1259 697 1295 a
718 1240 855 1295 fratribus
872 1236 1035 1293 monasterii
1076 1241 1144 1296 tifex
1157 1240 1363 1313 preordinavit.
1382 1238 1461 1303 Quia
1475 1238 1629 1310 primordio
1644 1239 1781 1292 mundum
1795 1238 1870 1292 omni

236 1332 402 1407 prescripta
414 1331 528 1388 recitari
539 1331 683 1396 miracula,
701 1329 805 1400 optime
820 1327 990 1399 recognovit,
1007 1331 1036 1381 et
1076 1335 1177 1384 ornatu
1192 1346 1225 1384 ac
1235 1329 1334 1384 decore
1349 1327 1592 1398 perfectum,edito
1605 1326 1713 1380 homiui
1727 1326 1871 1396 possiden-

237 1421 398 1480 test'nnenio
413 1419 488 1476 lideli
498 1417 882 1490 astipulandocornprobarit,
899 1417 1035 1471 recentis·
1075 1417 1143 1472 durn
1158 1417 1293 1472 exhibuit.
1306 1418 1372 1470 ilaec
1384 1432 1454 1486 gens
1467 1415 1536 1469 facie
1548 1415 1680 1478 formosa,
1696 1415 1746 1468 sed
1758 1414 1872 1468 idolola-

236 1528 292 1584 que
305 1509 371 1568 tacti
387 1510 448 1579 ejus
469 1508 544 1579 apud
563 1524 603 1562 se.
618 1513 647 1562 et
671 1507 746 1578 apud
764 1507 855 1578 ipsam
878 1504 1034 1561 Ecclesiam
1075 1508 1135 1562 trie
1149 1507 1265 1576 fuligine
1279 1506 1436 1576 denigrata,
1450 1508 1482 1558 ut
1491 1504 1580 1574 Moysi
1595 1502 1778 1574 AEthiopissa,
1791 1510 1872 1574 parte

236 1600 342 1658 rehttor
353 1597 483 1668 egregius
492 1596 533 1652 ita
547 1595 673 1650 narrarit
688 1614 694 1650 :
1074 1597 1104 1650 in
1119 1597 1242 1651 iordane
1254 1594 1361 1656 abluta,
1377 1593 1509 1648 ascendet
1521 1599 1581 1646 tota
1595 1591 1733 1648 dealbata.
1746 1594 1820 1655 iam,
1836 1592 1872 1646 ad

272 1687 352 1746 Hanc
378 1702 446 1743 eane
467 1685 611 1740 eeclesiam
635 1684 664 1739 in
689 1689 786 1738 nostra
807 1683 967 1754 presentia,
1001 1671 1212 1753 ameajorem
1227 1685 1277 1739 Dei
1288 1689 1317 1738 et
1332 1699 1441 1738 corone
1450 1688 1506 1736 ture
1515 1681 1697 1752 gloriam,iha
1711 1697 1792 1735 nora
1801 1681 1872 1734 lucis

236 1776 371 1836 amatae
386 1774 460 1830 tenti
479 1774 591 1845 patroni
605 1773 686 1844 plebe
708 1773 863 1828 solemnius
885 1772 1035 1826 reaedifrca-
1076 1775 1295 1844 columnaque
1317 1772 1437 1844 priscum
1453 1770 1588 1842 populum
1601 1770 1697 1825 eduxit
1714 1770 1744 1824 in
1766 1770 1832 1836 lide,
1844 1775 1872 1824 et

234 1869 305 1931 min,
329 1879 381 1933 ego
400 1862 431 1920 in
454 1861 544 1932 ipsius
558 1862 664 1916 honore
677 1867 705 1914 et
720 1859 843 1923 nomine,
860 1859 1034 1930 etprimitias
1075 1879 1156 1916 cruce
1171 1862 1344 1932 resurgentis
1368 1860 1472 1915 Christi
1488 1865 1591 1924 erecta,
1608 1865 1639 1913 tu
1665 1859 1784 1914 educam
1800 1875 1871 1929 gen·

235 1957 304 2012 naa
319 1957 373 2017 est,
393 1951 517 2020 Domino·
528 1950 652 2020 proxime
674 1949 809 2003 dedicari.
831 1948 1035 2002 Adolescebant
1076 1950 1146 2004 tium
1160 1950 1296 2020 populum
1306 1949 1341 2003 de
1359 1948 1530 2020 Aigyptiacis
1548 1947 1672 2002 tenebris
1686 1948 1869 2015 infidelitatis,

233 2041 317 2111 leuge
331 2040 443 2108 lateque
458 2037 621 2092 incircuitu
645 2053 776 2092 arvorum
796 2043 914 2106 segetes,
931 2041 959 2090 et
972 2041 1034 2090 sata
1075 2045 1103 2093 et
1116 2038 1216 2093 umbra
1232 2038 1342 2104 mortis,
1358 2038 1520 2094 introduces
1546 2044 1609 2110 post
1631 2039 1727 2092 iesum
1748 2038 1825 2092 Nave
1842 2039 1871 2093 in

228 2129 291 2199 iam
304 2127 335 2184 in
348 2127 439 2199 spicas
450 2131 480 2180 et
488 2124 1033 2182 aristasmaturescentia.recedentibus
1074 2134 1179 2182 terram
1194 2127 1432 2200 repromissionis,
1443 2133 1549 2181 terram
1561 2127 1642 2180 lactis
1654 2132 1683 2180 et
1692 2127 1792 2180 mellis.
1807 2127 1871 2182 Tibi

233 2221 330 2276 eutem
343 2215 379 2270 ad
393 2213 598 2270 dedicationem
606 2213 726 2284 populis,
743 2213 818 2268 velut
831 2213 890 2284 ipse
905 2213 1031 2268 ellande-
1073 2218 1148 2271 enim
1162 2217 1323 2287 evangelico
1332 2216 1396 2270 duci
1406 2216 1499 2286 gratia
1508 2215 1627 2270 contullit
1641 2215 1871 2286 Evangelii,quod

233 2312 313 2361 retur
340 2302 441 2360 fluvius
473 2301 591 2371 Ligeris,
616 2301 656 2356 ita
676 2300 855 2366 conculcatae,
880 2300 983 2355 attritae
1003 2308 1031 2355 et
1071 2303 1376 2376 negatumestlegifero
1388 2304 1488 2376 Moysi,
1498 2305 1628 2374 quodque
1637 2303 1804 2376 illeinlege
1814 2321 1872 2360 nou

232 2392 413 2452 commeate
427 2394 495 2446 suut
511 2390 587 2446 illius
607 2389 709 2444 arratis
722 2390 843 2460 equoris
856 2405 985 2452 annona,
1000 2395 1032 2444 ut
1073 2395 1164 2464 potuit
1179 2395 1321 2465 consequi,
1340 2394 1416 2448 tuin
1438 2410 1503 2448 vero
1522 2393 1602 2446 illum
1625 2399 1675 2447 tuo
1690 2393 1799 2464 explere
1814 2411 1872 2448 me·

230 2497 288 2539 nan
310 2481 393 2538 modo
406 2485 466 2536 tam
481 2495 627 2550 percusse,
644 2478 687 2534 rel
703 2477 850 2533 confractae
865 2483 1032 2534 notarentur
1072 2483 1164 2539 ruisti.
1180 2485 1242 2539 tem
1254 2484 1289 2537 de
1303 2483 1401 2554 spoliis
1412 2482 1497 2536 vincti
1511 2481 1625 2552 tyranni
1635 2487 1665 2537 et
1677 2482 1712 2536 de
1724 2499 1811 2551 reguo
1827 2499 1873 2538 ea·

230 2571 340 2641 stipulae
355 2586 439 2640 quam
462 2568 564 2640 passim
576 2567 730 2628 exhauste,
748 2567 789 2621 rel
808 2575 927 2639 scopatae
946 2584 1028 2622 arce.
1071 2571 1139 2641 ptiri
1153 2572 1301 2642 predonis,
1317 2572 1402 2626 facies
1415 2572 1472 2627 Deo
1487 2576 1583 2624 nostro
1597 2585 1715 2640 regnum
1733 2573 1824 2639 (Apoc.
1842 2588 1871 2635 r,

228 2658 348 2718 Adeoiu
369 2658 422 2732 hep
441 2655 620 2714 desiderabili
636 2672 787 2728 congressu
808 2656 1030 2727 Augustineusis
1071 2655 1127 2728 10),
1142 2665 1170 2714 et
1194 2661 1329 2732 populum
1354 2659 1547 2731 acquisitionis
1570 2661 1591 2729 tl
1613 2663 1687 2715 Pctr.
1707 2673 1738 2722 u,
1751 2660 1789 2728 a).
1806 2658 1871 2714 iam

229 2745 427 2811 solemnitatis,
456 2761 539 2800 nemo
557 2744 721 2800 accedebat
739 2749 878 2815 quatenus
902 2744 943 2798 rel
954 2745 1027 2816 suis,
1071 2748 1262 2819 postcoeleste
1277 2766 1396 2820 regnum
1416 2756 1444 2804 et
1463 2749 1590 2805 laborum
1603 2749 1727 2820 premia,
1740 2749 1800 2802 he:
1816 2749 1874 2804 erit

229 2835 386 2895 retuleris
405 2839 534 2907 parceret
554 2834 675 2890 demnis
697 2835 760 2888 iam
782 2833 858 2891 illius
882 2834 950 2888 anni
969 2834 1029 2888 vale
1070 2845 1206 2906 perpetua
1219 2839 1358 2908 possessio
1373 2845 1432 2902 tua,
1449 2855 1510 2910 quae
1527 2857 1578 2910 per
1592 2847 1620 2894 te
1635 2839 1753 2893 Domino
1766 2843 1811 2892 est
1823 2855 1873 2892 ac-

228 2923 320 3004 facere
330 2924 466 2982 defunctas
484 2922 543 2994 spei
557 2927 586 2978 et
599 2923 713 2986 fructui,
730 2939 818 2992 usque
836 2922 961 2978 inalium
973 2924 1030 2977 Au·
1071 2925 1184 2995 quisita.
1208 2927 1243 2980 at
1253 2929 1333 2996 cujus
1348 2928 1445 2998 fugisti
1458 2929 1625 3000 temporalia
1637 2927 1794 2984 commode.
1813 2928 1874 2997 jam

231 3020 346 3083 gustam
360 3010 542 3071 irremeabili.
561 3010 718 3082 Sperabant
735 3010 763 3068 in
777 3011 927 3082 Augustini
940 3011 1057 3082 largi-c
1069 3013 1224 3084 possidebis
1238 3016 1419 3071 haereditaria
1441 3017 1528 3072 lucre.
1551 3018 1604 3072 llic
1622 3017 1730 3088 positus
1743 3015 1774 3070 iu
1788 3025 1874 3071 ante·

228 3107 299 3166 tete,
317 3101 368 3158 sed
382 3101 414 3160 ia
425 3101 491 3166 elia,
503 3116 590 3172 quam
600 3116 661 3170 que
674 3106 742 3156 tunc
756 3105 922 3164 excesserat,
942 3099 1027 3156 bene-
1069 3103 1172 3156 murali
1185 3103 1317 3158 turritam
1327 3104 1611 3176 servabisspeculam,
1623 3105 1698 3160 unde
1709 3104 1874 3160 uniuersam

229 3190 361 3248 dictione
377 3190 482 3252 Verum
496 3206 531 3244 ex
544 3189 595 3244 bac
609 3189 814 3260 desperatione,
834 3189 925 3260 major
936 3189 1027 3244 admi·
1065 3192 1174 3262 jugiter
1184 3193 1291 3248 tuearis
1308 3193 1358 3247 tibi
1368 3193 1489 3248 dicatam
1504 3195 1637 3266 patriam.

227 3280 346 3340 canons
367 3295 400 3336 ac
416 3279 483 3339 fidei
507 3284 575 3336 nala
592 3283 636 3334 est
657 3278 766 3345 latina,
783 3277 849 3333 dum
873 3278 930 3332 haec
945 3278 1028 3332 tellus
1106 3280 1279 3336 Presidebat
1301 3280 1360 3351 (85)
1381 3282 1560 3337 Dorobernie
1575 3282 1753 3338 Edelbritbus
1767 3282 1874 3338 erens

228 3373 288 3422 tam
303 3367 484 3440 pessumdata
505 3373 534 3422 et
552 3368 739 3425 condemnata
758 3383 855 3422 omncs
875 3372 965 3421 terras
985 3367 1029 3437 ip-
1070 3385 1170 3439 regum
1183 3371 1351 3442 Anglorum,
1366 3371 1415 3426 sed
1434 3371 1482 3442 qui
1499 3371 1691 3443 primusforet
1703 3370 1874 3444 civisarige-

229 3457 288 3516 eius
303 3457 491 3529 provincianis
502 3457 894 3528 messesupergrederetur,et
907 3454 1030 3510 altitudi-
1072 3458 1175 3512 lorum.
1193 3460 1268 3514 Uxor
1294 3459 1334 3514 illi
1349 3460 1600 3527 christianissima,
1621 3461 1736 3515 nomine
1752 3461 1872 3525 bertha,

228 3563 265 3605 ne
279 3548 391 3618 frugum
406 3553 434 3604 et
453 3547 543 3618 copia.
559 3547 639 3604 Unde
652 3547 727 3602 eirca
739 3553 850 3600 tantum
863 3544 1028 3599 advocatum
1070 3546 1149 3616 regia
1175 3549 1277 3618 puelia,
1300 3549 1384 3619 regiis
1398 3549 1564 3620 parentibus
1580 3565 1613 3604 ex
1627 3549 1741 3604 Francis
1754 3549 1873 3619 regibus

228 3652 313 3697 saum
330 3636 528 3707 Augustinum,
541 3641 622 3692 tunm
639 3635 765 3691 omnium
777 3631 898 3689 excrevit
911 3649 1028 3687 reuera·
1070 3642 1227 3706 procreata,
1239 3638 1288 3692 tali
1298 3643 1474 3692 sacramento
1482 3644 1544 3692 eret
1555 3639 1872 3709 majuncmquatenus,

227 3725 268 3784 tio
284 3743 316 3782 ac
333 3726 398 3784 tidci
411 3726 521 3784 devotio
535 3731 566 3784 ut
580 3725 698 3782 credaut
712 3739 776 3780 eum
798 3721 887 3778 ubivis
898 3721 1027 3792 gentium
1069 3723 1100 3778 in
1127 3725 1349 3781 Christianitatis
1378 3726 1556 3782 observantia
1583 3727 1661 3782 nulla
1686 3727 1874 3783 infestaretur

227 3813 386 3878 nuseium
400 3815 508 3880 adesse,
524 3821 553 3870 st
567 3812 704 3884 quidquid
725 3828 743 3866 a
764 3809 883 3866 Domino
905 3811 1029 3882 postulet
1069 3815 1204 3868 remetia.
1219 3815 1284 3870 llaec
1302 3815 1418 3870 adienis
1432 3816 1537 3871 Christi
1548 3817 1637 3887 janua
1650 3815 1686 3870 ed
1700 3831 1798 3886 wem
1810 3823 1874 3872 erat

225 3902 354 3966 obtinere
368 3909 397 3960 et
407 3904 475 3960 dere
488 3920 580 3975 posse.
598 3902 648 3960 ilis
666 3903 701 3956 de
723 3901 810 3956 veteri
824 3905 853 3954 et
865 3916 936 3954 noro
950 3917 1028 3954 com·
1068 3902 1174 3973 pervia
1194 3905 1310 3959 Mandat
1323 3921 1390 3976 ergo
1404 3906 1463 3976 regi
1481 3905 1605 3976 prudens
1617 3905 1805 3976 Augustinus,
1822 3923 1874 3976 per

226 3998 356 4064 patenter
369 3991 510 4064 cupediis,
524 3993 584 4063 jam
600 3991 743 4048 &eanum
753 3994 935 4060 occupantem
950 3988 1028 4060 lega-
1068 3991 1184 4046 idoneos
1196 3994 1310 4048 nuntios
1325 4011 1355 4048 se
1368 3995 1403 4048 de
1418 3995 1575 4050 Romaene
1586 3995 1872 4064 suorumquesalutis

226 4085 288 4136 tum
303 4080 415 4136 Domini
424 4079 642 4152 subsequamur.
1016 4149 1018 4152 Ι
1067 4081 1161 4150 gratia
1174 4081 1275 4137 missos
1289 4093 1306 4136 a
1320 4083 1447 4138 Romano
1462 4083 1600 4149 antistite,
1615 4083 1639 4137 si
1653 4082 1738 4138 modo
1752 4083 1874 4154 dignen-

262 4169 354 4224 Finito
361 4171 422 4239 jam
438 4168 584 4240 principali
594 4167 796 4238 orbegcntiurn
806 4167 934 4222 terrestri
945 4167 1025 4233 calle,
1067 4181 1116 4225 tur
1143 4171 1270 4226 beatifico
1294 4173 1404 4238 nunno,
1420 4189 1505 4245 quem
1533 4171 1654 4227 afferant
1676 4172 1869 4243 acquiescere.

226 4259 403 4329 Augustinus
416 4259 530 4329 navigat
539 4259 568 4312 in
579 4273 740 4328 equoraurn
753 4255 848 4312 orbem
863 4256 1024 4322 Eriteruiiae,
1068 4259 1126 4314 Rex
1138 4261 1221 4331 jubet
1230 4267 1291 4315 tam
1305 4261 1477 4332 prestabiles
1489 4261 1620 4328 maenae
1636 4261 1666 4316 iu
1677 4261 1741 4332 ipsa
1754 4278 1813 4333 qua
1826 4278 1870 4316 re-

228 4352 257 4402 et
264 4347 479 4417 excipitur,cum
485 4347 676 4416 suprascripto
682 4363 800 4401 nurnero
809 4345 948 4402 sociorum
960 4363 1026 4416 qua·
1035 4338 1059 4397 D
1069 4349 1142 4420 cepti
1151 4358 1218 4405 sunt
1227 4350 1415 4417 insula,suum
1430 4351 1581 4406 adrentum
1594 4357 1739 4406 maturum
1752 4351 1869 4422 opperi-

226 4434 387 4500 terdeno,iu
397 4435 519 4505 opimam
532 4440 561 4490 et
573 4435 765 4505 praegrandem
773 4435 896 4490 insulam
909 4435 1025 4502 Cautie,
1068 4437 1103 4504 ri,
1113 4438 1209 4510 eisque
1223 4439 1286 4493 rite
1302 4440 1449 4494 commoda
1461 4440 1543 4512 pleae
1555 4439 1720 4496 minuenti.
1736 4439 1804 4494 ilaec
1817 4440 1869 4494 diu

227 4523 366 4581 Tenetum
391 4522 533 4578 vocabulo.
559 4524 624 4580 llaec
644 4524 762 4594 primam
783 4539 813 4578 se
833 4522 976 4578 Christum
996 4523 1026 4580 iu
1067 4534 1226 4582 remoratus
1237 4530 1313 4583 venit
1327 4529 1354 4583 in
1376 4529 1525 4594 fanetum,
1545 4529 1737 4600 residensque,
1753 4527 1807 4583 sub
1822 4527 1871 4582 di.-

227 4610 287 4666 suis
298 4610 441 4681 legatariis
464 4612 621 4682 suscepisse
641 4613 742 4668 mento
762 4613 919 4683 triumphat
933 4613 962 4667 in
975 4612 1025 4667 be·
1067 4632 1118 4684 rn;
1132 4633 1203 4671 vana
1217 4618 1292 4672 enim
1303 4617 1462 4690 suspicione
1475 4618 1577 4673 vetusti
1591 4615 1695 4672 erroris
1706 4615 1871 4686 sufflaba-

226 4698 396 4764 nedictione,
412 4699 477 4756 felix
490 4699 796 4766 tellussuafertilitate,
808 4701 1026 4756 sedfelicissima
1066 4709 1115 4758 tur
1133 4722 1163 4760 se
1182 4707 1258 4760 intra
1271 4708 1387 4762 domum
1402 4708 1498 4779 aliqua
1511 4705 1702 4762 incantatione
1721 4721 1805 4776 pose
1825 4721 1873 4762 se·

226 4786 460 4844 atterentem
488 4789 645 4846 andriam
670 4801 856 4861 supernorum
885 4790 1026 4861 primitiva
1066 4793 1140 4859 duci,
1161 4795 1392 4852 forinsecusrero
1406 4813 1462 4851 nou
1482 4795 1604 4869 possein
1624 4799 1774 4866 conspeetu
1789 4795 1871 4850 eceli.

226 4875 427 4947 hospitalitate.
444 4877 499 4944 Sic,
515 4877 642 4949 inquam,
655 4878 795 4948 dirigente
810 4878 917 4949 Spiritu
931 4879 1025 4934 Domi·
1067 4881 1146 4936 foris
1174 4883 1316 4954 prebebat
1335 4885 1440 4954 sanctis
1467 4885 1640 4940 sufflantium
1656 4883 1711 4940 sui.
1733 4883 1874 4940 Absurde

226 4964 256 5020 ni
265 4965 326 5036 ejus
340 4964 423 5032 riasn,
440 4965 576 5039 applicuit
584 4966 709 5038 prexime
722 4966 802 5037 quasi
813 4966 865 5022 sub
879 4967 969 5038 ipsam
982 4983 1025 5023 re·
1065 4971 1168 5042 quippe
1180 4989 1236 5028 nox
1247 4971 1366 5030 eruebat
1372 4973 1516 5030 obscurari
1526 4973 1676 5030 alueiferis
1688 4973 1742 5030 liei
1754 4978 1786 5028 et
1798 4967 1874 5030 aliis

224 5052 278 5126 gie
291 5052 455 5125 metropolis
469 5060 600 5125 portetu3
626 5054 674 5110 ubi
695 5055 791 5112 sedern
806 5055 909 5112 habeat
921 5073 1022 5128 perpe·
1064 5059 1132 5114 diei.

224 5148 313 5211 tuam,
330 5148 360 5198 et
370 5159 450 5198 secus
464 5143 555 5212 ipsam
575 5143 700 5214 requiem
712 5144 921 5214 sempiternam.
1098 5147 1284 5219 Augustinus,
1302 5149 1416 5206 afflatus
1427 5151 1535 5223 Spiritu
1550 5156 1656 5216 sande
1670 5150 1805 5222 ingeram
1820 5168 1876 5222 pa·

259 5229 340 5298 Ecca,
370 5231 452 5289 beate
482 5238 667 5304 protoparens
685 5234 905 5302 regenerationis
929 5235 1022 5305 gentis
1062 5253 1123 5292 cem
1148 5243 1177 5292 et
1204 5239 1324 5294 sulutem
1349 5241 1421 5311 regi,
1438 5241 1552 5312 suisque
1575 5239 1704 5296 omnibus
1718 5246 1748 5296 et
1762 5257 1873 5312 regno,

222 5319 355 5390 Anglicae,
371 5320 533 5392 relinquens
552 5328 703 5391 augustam
724 5329 869 5392 parentem
891 5323 1020 5392 Romam,
1063 5327 1149 5381 refert
1159 5343 1189 5381 se
1203 5345 1325 5399 suosque
1341 5337 1484 5385 consortes
1499 5331 1599 5385 missos
1611 5330 1648 5385 ad
1662 5329 1876 5402 ipsum,seque

1416 5431 1423 5469 l

258 5495 312 5566 (85)
327 5498 496 5556 Centaurica.
523 5497 702 5555 Edelbritbus
725 5499 942 5555 Cantauriorum
961 5518 1019 5558 res.
1061 5505 1242 5562 blalmesbur.
1260 5505 1450 5578 bilinguem
1470 5508 1565 5580 Aagl.,
1578 5525 1640 5581 rap.
1657 5507 1682 5566 i.
