3986 6184
181 295 212 357 it
460 292 509 348 AD
527 290 641 366 iltuit
661 289 691 348 B.
714 287 920 346 lausanna!
940 281 1231 347 CANTUARIENSIS
1250 279 1539 340 iacularisttori.
1785 279 1818 337 ii

181 421 272 488 eidam
286 419 423 488 semim,
439 418 468 474 in
482 418 580 474 eadem
602 416 715 470 civitate
730 413 885 470 Beroaldus
904 409 1152 489 lilluaAcanonice
1166 408 1299 481 possidet,
1311 413 1362 464 aut
1375 408 1404 462 in
1416 407 1542 464 laturum
1557 403 1737 462 concessione
1751 419 1819 487 pon·

182 489 220 548 Os
240 491 292 550 aci.
305 491 340 552 Et
349 507 397 548 sea
407 492 510 563 jugera
521 487 605 560 prati,
617 503 679 569 que
692 486 768 542 idem
777 485 856 541 dedit
866 485 901 540 ad
916 485 980 540 Bot-
1019 481 1139 548 titicum,
1150 479 1299 562 largitione
1309 494 1418 560 regum,
1430 478 1483 560 iel·
1495 475 1665 551 principum,
1677 473 1818 558 oblatione

259 580 300 628 as,
310 569 338 618 et
349 563 463 618 domuin
477 577 561 632 quam
571 559 650 613 dedit
659 557 819 612 Willelmus
829 555 980 612 canonicus
1021 552 1155 618 fidelium,
1170 569 1218 606 seu
1233 551 1296 606 aliis
1311 551 1396 621 justis
1410 550 1510 616 modis,
1524 553 1674 620 praestante
1687 547 1816 616 Domino,

181 581 257 694 ilius
271 634 364 690 Saevi.
374 636 405 691 lii
415 630 556 688 territorio
571 628 658 688 Lireti
668 628 806 710 hospitem
817 643 905 682 unum
914 642 980 682 cum
1040 624 1127 705 eterit¹
1138 623 1268 694 adipisci,
1283 623 1367 677 firma
1380 620 1467 687 vobis,
1481 620 1636 702 vestrisque
1650 619 1817 702 successori-

181 709 367 772 terrascea
379 707 642 776 quatuorarpentos
656 706 686 756 et
698 699 845 754 dimidium
855 699 890 754 de
900 698 981 752 vinea
1021 642 1073 750 ius
1089 693 1196 749 illibata
1209 697 1404 766 permaneant.
1418 691 1461 747 Ad
1477 691 1537 746 haec
1551 691 1676 773 praedicti
1690 695 1818 746 anteces-

181 781 211 834 ct
224 793 310 834 uriam
320 791 414 831 acram
424 779 507 830 terrae
519 773 594 828 intra
601 771 676 828 idem
687 770 872 826 territorium.
883 769 916 824 In
925 769 981 826 hii·
1021 765 1093 822 soris
1106 765 1196 820 nostri
1211 765 1335 836 vestigiis
1354 761 1523 818 inhaerentes
1537 767 1689 818 statuimus
1707 761 1818 818 nullum

182 845 254 906 dura
267 846 351 902 fluvio
366 846 486 902 concedo
496 844 558 900 lieri
573 842 734 900 molendina
743 842 809 907 duo,
822 841 862 896 ita
874 845 906 896 ut
919 845 981 894 tan-
1021 836 1208 893 ecclesiastica
1229 851 1280 890 seu
1302 833 1429 890 saecuian
1450 833 1613 906 praedictum
1634 833 1662 888 di
1703 831 1770 888 itate
1788 832 1820 888 in

181 923 242 978 tuin
258 918 380 992 spatium
389 918 424 972 de
439 932 513 990 aqua
527 919 674 970 remaneat
686 911 816 980 liberum,
830 917 978 983 quatenus,
1020 907 1113 974 rebus,
1135 907 1177 962 iel
1192 905 1400 978 dispensatione
1420 904 1594 985 monasterii¹
1622 921 1636 960 r
1671 901 1750 967 ibati,
1766 903 1819 958 ali-

182 990 378 1072 quoquomodo
397 1003 471 1059 aqua
485 1003 516 1042 se
536 985 645 1052 lrabeat,
661 983 858 1040 convenienter
872 982 981 1054 possint
1021 996 1105 1053 quam
1115 977 1229 1044 habere,
1238 985 1339 1048 preter
1349 977 1508 1032 Romanum
1518 981 1587 1048 pont
1618 992 1689 1042 cem,
1717 977 1820 1056 ote-sta·
1912 987 1917 997 '

180 1077 231 1133 per
243 1059 314 1119 illud
326 1059 449 1132 spatium
459 1058 620 1124 ascendere,
637 1061 666 1112 et
675 1053 846 1112 descendere
858 1059 917 1108 tarn
931 1070 980 1114 ua-
1020 1059 1097 1118 tem;
1112 1049 1162 1104 sed
1176 1066 1259 1105 omne
1270 1049 1318 1119 J'us
1330 1048 1420 1120 ipsius
1430 1047 1593 1102 monasterii
1608 1046 1644 1102 ad
1655 1063 1687 1102 so
1710 1045 1832 1129 'citudi-.

179 1148 227 1190 ies
261 1147 327 1188 uam
348 1130 447 1204 pisces.
470 1129 598 1184 Concedo
616 1128 702 1184 etiarn
717 1131 809 1182 totuin
833 1123 980 1192 allodium,
1021 1121 1065 1178 nis
1081 1127 1183 1176 nostrae
1205 1135 1452 1190 successorumque
1469 1122 1630 1174 nostrorum
1643 1117 1819 1174 decernimus

180 1220 217 1278 qu
269 1207 368 1262 tenent
380 1200 542 1257 Osmundus
555 1198 676 1255 Aculeus
690 1197 826 1254 iticardus
846 1201 876 1250 et
888 1195 980 1265 Roge-
1021 1191 1145 1248 studium
1159 1191 1310 1263 pertinere.
1326 1190 1356 1245 Si
1373 1197 1468 1244 autern
1483 1189 1602 1261 alicujus
1621 1187 1743 1262 episcopi
1757 1205 1819 1244 mo·

180 1273 249 1330 rius.
258 1271 441 1332 Interritorio
452 1270 634 1327 Galiimontis
644 1268 846 1340 superbirem,
855 1273 884 1322 et
895 1266 979 1321 etism
1020 1263 1103 1320 lestia
1120 1262 1288 1335 praegravati
1302 1259 1423 1329 fueritis,
1441 1265 1623 1334 sanctamque
1636 1257 1819 1332 apostolicam

182 1349 274 1410 uum
294 1343 365 1402 illud
380 1343 455 1415 quod
469 1347 567 1398 tenent
581 1341 740 1412 quicunque
755 1337 893 1394 allodiarii
906 1337 982 1392 intro
1021 1335 1116 1390 sedem
1131 1332 1345 1406 appellaveritis.
1361 1333 1450 1387 donec
1463 1348 1548 1388 causa
1559 1336 1651 1388 vestra
1662 1331 1698 1388 ad
1713 1329 1755 1386 Rc
1787 1347 1819 1388 a·

183 1416 229 1472 teu
250 1431 297 1472 am
307 1415 401 1486 pontis
412 1413 498 1472 Divae.
510 1415 544 1469 In
557 1417 632 1470 terra
643 1411 798 1482 Anglorum
806 1409 836 1465 in
844 1407 981 1466 comitatu
1022 1423 1089 1462 num
1102 1404 1245 1462 deseratur
1258 1402 1429 1477 pontificem,
1440 1408 1470 1458 et
1479 1402 1515 1458 ab
1524 1419 1567 1470 eo,
1577 1403 1621 1460 ael
1636 1401 1671 1458 ile
1685 1418 1752 1458 man

180 1487 216 1544 de
225 1433 396 1547 Serennia
404 1484 572 1551 manerium,
581 1483 656 1554 quod
668 1487 783 1538 vocamr
791 1479 979 1536 Northom.1n
1021 1477 1109 1550 ipsius
1123 1475 1302 1558 terminetur,
1314 1475 1385 1531 nulli
1397 1473 1516 1556 ulterius
1530 1474 1725 1556 episcopcrum
1737 1471 1822 1530 liceat

181 1557 318 1617 comitata
327 1557 362 1612 de
372 1557 490 1612 Dorsets
499 1555 555 1610 duo
567 1553 704 1621 maneria,
715 1568 802 1608 unum
814 1551 889 1624 quod
898 1567 980 1606 ioca-
1021 1553 1119 1604 contra
1132 1564 1180 1603 ios
1194 1548 1273 1601 litem
1289 1562 1410 1602 morere.
1422 1543 1607 1600 Prohibemus
1621 1549 1707 1602 etum
1720 1560 1756 1600 ne
1768 1543 1821 1602 Ba-

181 1634 231 1684 tur
248 1627 407 1692 Francona
426 1632 456 1682 et
468 1624 545 1682 aliud
564 1625 638 1707 quod
654 1628 768 1680 iocatur
780 1622 931 1686 Biencpna.
948 1621 981 1683 tn
1019 1619 1139 1690 jacensis
1154 1619 1301 1691 episcopus
1315 1633 1366 1690 pro
1380 1615 1506 1688 qualibet
1523 1615 1702 1680 sabbatismi
1719 1632 1821 1674 mona-

182 1697 316 1756 comitatu
325 1698 359 1754 de
367 1697 602 1762 Sommerseta,in
609 1691 982 1758 iernurncmeradeccm
1021 1691 1138 1745 chorum
1152 1690 1244 1772 culpa,
1261 1705 1308 1744 eos
1331 1692 1485 1770 prasumat
1507 1687 1760 1770 excommunicare,
1777 1687 1821 1744 iel

181 1769 282 1828 biddas
296 1775 379 1826 terrae
393 1767 580 1826 aecclesiam
595 1783 660 1824 aim
679 1766 756 1822 omni
774 1765 885 1820 decima
903 1765 981 1834 ejus·
1020 1762 1051 1821 iu
1062 1767 1234 1817 monasterio
1244 1760 1369 1816 divinum
1380 1755 1502 1814 cliuum
1511 1757 1670 1830 prohibere.
1692 1757 1821 1817 Obeuute

180 1837 245 1896 dem
256 1839 403 1896 territorii.
410 1839 442 1896 lii
453 1839 590 1899 comitata
598 1837 633 1892 de
640 1837 784 1892 Vultesira
792 1835 937 1896 ecclesiam
945 1813 1011 1890 deB
1019 1849 1086 1888 vero
1100 1838 1128 1888 te
1141 1849 1216 1888 nuuc
1228 1831 1353 1902 ejusdem
1368 1830 1422 1886 toci
1433 1827 1544 1912 abbate,
1559 1829 1603 1911 iel
1616 1834 1730 1912 tuorum
1749 1846 1822 1902 quo-

181 1909 303 1981 Oosbara
317 1928 381 1971 curn
402 1909 479 1968 omni
499 1914 587 1978 terra,
602 1915 631 1968 et
644 1907 753 1964 decima
766 1907 801 1962 ad
815 1923 877 1962 cam
892 1905 981 1977 perti·
1021 1904 1090 1960 libet
1103 1919 1306 1969 successorum,
1323 1901 1418 1958 nullus
1439 1901 1479 1956 ibi
1493 1906 1598 1956 astutia
1613 1901 1740 1974 quahbct
1752 1899 1821 1958 sab-

181 1987 276 2040 nentc.
287 1981 417 2040 Concedo
426 1997 538 2052 quoquc
551 1980 582 2036 in
595 1980 730 2039 comitatu
741 1977 775 2034 de
789 1977 911 2040 Naitssct
922 1993 982 2032 ma·
1020 1975 1156 2048 reptionis
1169 1991 1221 2030 seu
1231 1973 1340 2029 malitia
1350 1977 1541 2098 preponatur,
1551 1971 1607 2028 nisi
1618 1989 1701 2055 quein
1714 1971 1819 2054 iratres

181 2053 303 2118 nerium,
315 2052 390 2125 quod
403 2056 520 2108 iocatur
531 2049 653 2114 Vuelles,
666 2049 741 2121 quod
756 2048 834 2104 dedit
926 2048 931 2058 ’
1021 2045 1163 2102 communi
1177 2061 1303 2110 assensu,
1317 2061 1350 2100 ie
1371 2043 1490 2099 fratrum
1503 2060 1568 2116 pars
1581 2043 1700 2100 sanioris
1711 2043 1822 2100 mnnita

181 2122 308 2180 coenobio
330 2122 489 2180 Willelrous
516 2122 551 2181 de
575 2119 686 2186 Sccciis,
713 2136 776 2174 cum
800 2119 918 2176 eccesia
945 2119 981 2174 de
1021 2117 1176 2173 secundum
1195 2116 1246 2171 Dei
1260 2115 1390 2171 timorem
1405 2121 1434 2170 et
1445 2113 1520 2170 beati
1535 2114 1679 2170 Benedicti
1693 2115 1822 2186 regulam

180 2193 331 2250 Morthona
346 2197 376 2264 et
387 2197 464 2248 terra
477 2209 542 2248 cuin
555 2192 665 2248 decimo
680 2190 773 2248 eidam
783 2190 906 2246 ecclesiae
916 2205 980 2260 per·
1020 2188 1194 2260 providerint
1202 2187 1520 2258 eligendum.Praeterea
1529 2184 1632 2242 liberes
1641 2190 1670 2241 et
1679 2185 1824 2242 absolutas

181 2263 289 2325 tinente
299 2263 329 2320 in
339 2264 462 2323 Essessa.
477 2265 548 2322 item
561 2263 683 2320 concedo
698 2263 726 2318 in
737 2262 872 2319 comitatu
883 2262 918 2316 de
935 2262 982 2316 Fa·
1021 2276 1155 2332 personas
1171 2259 1299 2314 esaeculo
1317 2257 1458 2330 fugientes
1473 2257 1558 2312 liceat
1570 2255 1648 2312 vobis
1660 2257 1696 2312 ad
1711 2274 1825 2314 maier-

180 2353 258 2394 sessa
270 2335 466 2400 maneriolum,
482 2335 555 2407 quod
570 2339 684 2390 iocatur
697 2333 832 2400 Pentella,
848 2339 877 2386 et
892 2333 980 2388 Illuri-
1022 2331 1130 2386 sionem
1142 2335 1264 2385 vestram
1274 2329 1425 2400 suscipere,
1438 2334 1467 2384 et
1480 2345 1528 2384 cas
1544 2327 1651 2401 absque
1660 2327 1745 2386 ullius
1758 2345 1826 2386 cou-

181 2407 266 2465 doina
281 2405 328 2480 is„
339 2405 369 2463 in
381 2405 538 2477 Lundonia]
555 2406 708 2477 quamdam
720 2409 837 2472 terram,
852 2420 914 2476 quas
928 2403 983 2460 tuit
1021 2402 1188 2457 tradictione
1198 2401 1227 2456 in
1239 2407 1331 2455 vestro
1341 2399 1457 2470 collegio
1465 2399 1598 2455 retinere.
1607 2399 1737 2455 Chrisma
1746 2417 1822 2466 iero,

179 2479 300 2545 laureth,
308 2479 392 2534 sitam
403 2494 490 2550 prope
500 2477 645 2534 ecclesiam
658 2475 839 2532 SanctiPetri
857 2475 981 2546 quietam
1022 2475 1116 2528 oleum
1138 2477 1278 2537 sanctum,
1295 2471 1486 2526 dedicationes
1509 2471 1701 2538 ecclesiarum,
1724 2487 1825 2526 conse-

179 2549 215 2604 de
229 2549 324 2616 Gelth,
344 2555 373 2604 et
384 2550 495 2614 Descot,
510 2554 539 2603 et
552 2548 587 2602 de
602 2547 679 2604 omni
696 2548 753 2602 alia
766 2546 979 2611 consuetudine,
1021 2545 1167 2600 crationes.
1182 2542 1325 2610 altarium,
1350 2541 1542 2596 ordinationes
1567 2547 1768 2597 monachorum
1794 2547 1826 2597 et

181 2637 242 2692 quie
253 2619 299 2692 [[.,
314 2617 413 2693 quain]
432 2619 510 2678 dedit
526 2619 727 2676 Walterannus
740 2618 817 2672 tilius
827 2617 979 2683 Ramnulti,
1021 2616 1186 2670 clericorum
1208 2619 1376 2680 vestroruin,
1392 2614 1440 2685 qui
1463 2612 1499 2668 ad
1521 2629 1615 2668 sacros
1634 2611 1747 2668 ordines
1761 2613 1823 2669 iue-

179 2707 245 2748 cum
258 2691 368 2748 decimo
383 2691 470 2748 totius
481 2697 565 2750 terra
584 2707 650 2757 suae,
670 2705 755 2760 quam
769 2687 854 2744 babet
872 2689 904 2744 iii
921 2688 981 2746 An-
1021 2687 1079 2742 rint
1089 2685 1282 2768 promovendi,
1289 2686 1428 2767 laicorum
1438 2683 1524 2740 etiam
1533 2685 1581 2766 qui
1593 2683 1749 2767 criminalia
1758 2701 1824 2768 pec·

178 2761 246 2845 glis,
257 2767 319 2828 tarn
332 2779 382 2835 pro
396 2761 493 2818 anima
504 2779 557 2818 sua
568 2778 652 2844 quam
669 2777 721 2832 pro
735 2775 809 2816 mea.
1021 2765 1083 2813 cata
1097 2760 1278 2822 incurrerint,
1295 2755 1421 2822 consilia,
1436 2760 1465 2809 et
1478 2761 1708 2826 poenitentiarum
1725 2756 1824 2826 iniun-

216 2833 364 2906 Signum†
377 2832 513 2891 Willelmi
526 2849 601 2914 regis
613 2831 731 2902 Signum
744 2833 765 2902 †
779 2829 923 2886 Malthidis
937 2845 981 2886 re·
1021 2829 1128 2884 ctiones
1142 2845 1160 2882 a
1173 2827 1320 2898 Bajccensi
1338 2825 1497 2908 suscipietis
1518 2827 1659 2900 episcopo,
1681 2826 1822 2900 siquidem

177 2903 262 2973 gina.
282 2903 310 2960 S.
327 2903 444 2963 loannis
456 2903 479 2974 †
492 2903 664 2974 archiepisco
685 2903 704 2957 i.
725 2903 753 2958 S.
770 2899 885 2956 Roberti
898 2899 920 2970 †
933 2915 982 2956 oo·
1021 2900 1176 2956 catholicus
1189 2899 1283 2964 inerit,
1301 2902 1330 2953 et
1351 2904 1472 2969 gratim
1493 2902 1580 2970 atquc
1593 2898 1823 2954 communionem

178 2973 257 3032 mitis
280 2973 330 3030 tilii
353 2975 442 3046 regis.
466 2976 495 3030 S.
511 2975 637 3035 Wiltcmi
655 2921 683 3044 i)
694 2971 805 3028 comitis
825 2971 876 3026 tilii
895 2970 979 3042 regis.
1021 2971 1180 3044 apostolica
1188 2970 1263 3026 sedis
1273 2968 1412 3035 habuerit,
1421 2974 1450 3024 et
1458 2985 1492 3023 ea
1500 2969 1754 3040 gratis,etabsque
1762 2969 1823 3025 ulla

179 3045 298 3118 Signum
311 3044 493 3115 isnnmci†
507 3044 708 3117 archiepiscopi
731 3044 760 3100 S.
776 3042 882 3099 Odonis
895 3041 916 3114 †
930 3043 982 3098 Ba-
1021 3043 1159 3114 pravitate
1183 3040 1260 3096 vobis
1283 3040 1403 3096 voluerit
1422 3040 1570 3109 exhibeoe;
1591 3040 1716 3114 alioquin
1737 3040 1822 3096 liceat

176 3117 299 3188 jacensis
325 3119 418 3190 episco
439 3117 458 3175 i.
485 3117 512 3172 S.
532 3117 557 3172 H
597 3116 659 3172 onis
683 3115 705 3188 †
725 3113 902 3196 Leaoiicnsis
914 3113 982 3196 epi·
1022 3113 1200 3196 iobir,qucm
1213 3111 1371 3168 malueritis
1379 3111 1548 3195 catholicum
1561 3111 1819 3194 adireantistitein,

178 3189 263 3314 srpppi.
280 3188 397 3330 Siquam
412 3133 597 3258 gisleberti}
608 3187 785 3242 Ebroicensis
798 3186 933 3268 episcopi.
950 3185 978 3240 S.
989 3172 1070 3257 uni
1082 3190 1180 3241 nostra
1193 3183 1280 3239 fultus
1295 3189 1463 3238 auctoritate
1472 3183 1547 3254 quod
1557 3183 1716 3254 postulatur
1725 3183 1820 3238 indul-

241 3260 294 3314 erti
345 3259 487 3342 sagiensis
501 3275 516 3313 e
536 3259 592 3312 isco
614 3259 632 3312 i.
649 3259 677 3312 S.
695 3257 838 3312 Michaelis
849 3255 871 3326 †
882 3255 982 3322 Abrin·
1020 3261 1102 3327 geat;
1118 3262 1147 3310 et
1169 3255 1290 3309 maxime
1311 3255 1335 3308 si
1359 3254 1550 3309 ordinationes
1563 3255 1773 3322 monachornm,
1790 3259 1822 3310 et

178 3330 472 3526 censisepiscppiSS
532 3275 978 3398 ridiiConstantiensiscpiscopi.
1021 3327 1185 3382 cleiicorum
1205 3331 1361 3381 vacuorum
1376 3325 1452 3380 ultra
1466 3325 1551 3380 unius
1564 3325 1669 3380 mensis
1683 3325 1817 3398 spatium,

179 3401 208 3454 S.
229 3399 344 3456 Roberti
409 3399 519 3458 comitis
547 3399 581 3454 de
609 3401 773 3456 Moretomo.
788 3399 816 3454 S.
842 3396 981 3468 Rogeri·†
1021 3399 1176 3454 secundum
1191 3397 1265 3469 quod
1283 3396 1319 3451 ab
1335 3396 1434 3451 ecdem
1453 3401 1630 3452 antecessore
1648 3403 1745 3452 nostro
1759 3402 1822 3452 sta-

178 3470 289 3528 comitis
300 3470 336 3527 de
379 3475 446 3527 onte
463 3469 620 3526 Gomericc.
637 3471 667 3526 S.
683 3467 786 3541 Rogcri
803 3468 873 3540 †de
887 3468 980 3523 Bello·
1019 3474 1114 3524 tutum
1126 3474 1179 3536 est,
1190 3468 1337 3540 episcopus
1351 3467 1511 3539 Bajocsnsis
1522 3467 1673 3523 distulerit.
1685 3467 1821 3523 Decerni-

179 3547 285 3597 monte.
302 3541 330 3597 S.
347 3540 462 3597 Roberti
475 3546 494 3609 ι
507 3541 618 3596 comitis
631 3540 665 3596 de
680 3539 803 3598 Meltent.
822 3540 850 3594 S.
866 3540 979 3594 Hearici
1020 3557 1083 3596 mus
1096 3556 1162 3611 ergo
1171 3544 1204 3594 ut
1213 3539 1282 3594 nulli
1292 3539 1407 3594 omnino
1419 3539 1565 3594 hominum
1576 3539 1660 3594 liceat
1670 3537 1820 3612 maiatum

206 3611 388 3670 deBellonte.
402 3613 431 3668 S.
449 3611 808 3683 HugonisideGorniaco.
821 3610 979 3666 SWalteri
1020 3611 1222 3666 monasterium
1236 3616 1343 3665 temere
1377 3609 1533 3675 erturbsre,
1549 3615 1600 3665 aut
1621 3612 1682 3682 eius
1707 3625 1820 3682 possm

207 3682 325 3740 (lifardi.
342 3685 371 3740 S.
387 3681 500 3740 Ricardi
514 3685 533 3748 †
546 3682 726 3739 abrincensis
739 3682 798 3736 rice
812 3682 931 3736 comitis.
947 3683 976 3738 S.
1019 3682 1112 3737 siones
1124 3683 1245 3748 auterre,
1260 3682 1303 3736 vel
1317 3627 1444 3736 abiatias
1455 3681 1500 3752 [f.,
1511 3679 1667 3754 abbatiam]
1684 3681 1817 3747 retineam

206 3755 306 3829 ugonis
319 3755 339 3820 i
352 3754 472 3812 comitis.
485 3755 513 3810 S.
527 3754 663 3809 Witlelmi
675 3754 694 3817 i
706 3753 816 3818 comitis
831 3752 979 3810 Ebroicen·
1019 3754 1157 3820 minuere,
1170 3769 1222 3808 scu
1235 3751 1408 3824 quibuslibet
1418 3751 1613 3807 cautionibus
1626 3753 1754 3824 fatigare,
1767 3754 1820 3809 sed

178 3825 227 3882 sis.
243 3824 272 3881 S.
282 3825 419 3882 Willelmi
432 3825 451 3889 i
466 3825 500 3882 de
515 3825 648 3883 Bretotio.
664 3825 693 3880 S.
708 3823 825 3880 Roberti
838 3825 858 3888 i
871 3825 979 3884 hncen-
1018 3823 1129 3880 illibata
1141 3824 1245 3891 omnia,
1260 3828 1290 3879 et
1302 3824 1415 3895 integra
1426 3829 1627 3878 conserventur
1638 3839 1745 3891 eorum,
1762 3841 1818 3896 pro

177 3896 217 3954 sis
231 3896 351 3954 comitis.
368 3894 523 3954 SRcbcrti
536 3896 555 3959 i
568 3896 761 3954 dehellesme.
778 3895 978 3965 SHugonisi
1018 3911 1138 3966 quorum
1164 3895 1378 3968 gubernatione,
1404 3911 1438 3949 ac
1462 3896 1667 3950 sustentatione
1684 3911 1819 3950 concessa

177 3967 212 4023 de
227 3967 427 4025 Manteiortim.
444 3968 472 4024 S.
490 3967 618 4038 lingonis
631 3967 650 4030 i
664 3967 698 4022 de
711 3967 928 4022 Grentsnicsnil.
946 3967 976 4022 S.
1018 3971 1085 4022 sunt
1103 3966 1201 4022 usibus
1215 3965 1383 4022 omnimodis
1397 3966 1552 4037 profutura,
1569 3966 1646 4022 salia
1659 3967 1733 4022 sedis
1746 3981 1819 4038 apo-

177 4037 282 4122 Nigelli
296 4042 315 4105 †
329 4039 365 4094 de
377 4039 572 4094 Constantino.
589 4039 617 4096 S.
629 4037 764 4096 Willelmi
778 4044 797 4107 †
811 4037 977 4094 Dunelensis
1017 4039 1122 4094 statice
1135 4037 1313 4094 auctoritate.
1328 4038 1357 4094 Si
1372 4053 1429 4109 qua
1441 4038 1529 4108 igitur
1542 4037 1572 4091 in
1585 4038 1713 4093 diturum
1727 4039 1817 4093 eccle-

326 4107 793 4250 ιιιιιιιιι
808 4108 977 4248 ι
1018 4109 1141 4236 ιιι
1156 4108 1820 4239 saeiiiinimiin.

176 4198 297 4310 comitis.
313 4252 342 4309 S.
357 4252 401 4309 W'
427 4252 493 4308 elini
515 4255 534 4322 i
556 4251 592 4312 do
608 4252 753 4310 Warsiina
767 4252 796 4308 S.
813 4249 926 4308 Hennoi
941 4250 978 4306 de
1017 4197 1314 4307 anavsniniicunno
1334 4251 1453 4308 teitioie
1478 4252 1650 4306 commonita
1670 4251 1726 4307 ιιιιί
1743 4249 1818 4323 prle-
1868 4233 1875 4244 ’

175 4323 298 4384 Ferrarii
313 4323 346 4396 [s.
361 4323 529 4395 sensnm}
1017 4323 1208 4395 sumptionem
1231 4339 1312 4379 suain
1331 4323 1416 4393 digna
1438 4322 1628 4378 satisfactione
1651 4323 1816 4391 correxerit,

199 4432 384 4500 munitm
398 4431 518 4487 hunt
531 4431 584 4497 m,
599 4431 655 4486 a..
668 4429 823 4486 nnn..-
838 4431 875 4497 n,
891 4433 943 4485 ιι·
983 4393 1817 4544 ,tittttttttataitenitant‘iitttt

243 4533 512 4610 (vinearetum.
530 4536 647 4605 CXLVI,
660 4535 692 4594 in
704 4536 830 4594 Honorio
844 4536 908 4606 111.)
1017 4541 1182 4619 cognoscat,
1206 4543 1236 4592 et
1257 4535 1478 4592 asacmtissimo
1493 4552 1525 4592 co
1561 4551 1609 4593 ore
1630 4552 1662 4592 ec
1675 4553 1725 4592 san
1768 4536 1818 4592 ine

175 4641 306 4715 mmm
316 4643 435 4699 Hom.
445 4645 553 4727 pum,
563 4643 663 4712 quibus
674 4645 866 4698 smmum-tates
877 4645 977 4712 confir·
1016 4608 1067 4663 Dei
1075 4605 1223 4690 etDomini
1233 4606 1430 4679 Redemptoris
1439 4607 1528 4689 nestri
1548 4607 1736 4692 ‘esuChristia
1749 4608 1818 4664 iena

282 4718 341 4770 o
489 4713 522 4772 s·
539 4713 867 4784 .....-........
1016 4677 1819 4821 ιιιιι

211 4821 358 4886 Honorius
371 4819 520 4892 episcopus
534 4835 632 4876 servus
645 4835 790 4876 servorum
804 4819 866 4875 Dei.
1015 4819 1068 4877 bus
1083 4822 1121 4877 sit
1132 4837 1186 4893 pax
1200 4821 1312 4877 Domini
1324 4821 1414 4877 uestri
1425 4821 1492 4876 lesu
1506 4821 1621 4889 Christi,
1637 4827 1775 4893 quatenus
1786 4827 1819 4877 et

213 4891 410 4966 «Religiosain
427 4891 511 4947 vitain
524 4890 692 4963 eligentibus
706 4890 893 4963 apostolicum
907 4907 974 4948 con·
1015 4892 1061 4948 hic
1076 4893 1199 4948 fructum
1214 4892 1295 4950 bonae
1318 4891 1438 4948 actonis
1461 4893 1627 4964 percipiant,
1644 4899 1673 4948 et
1684 4893 1759 4964 apud
1773 4891 1818 4947 di-

173 4963 252 5022 venit
263 4963 363 5020 adesse
371 4962 587 5036 praesidiumue
596 4962 667 5018 forte
677 4962 826 5033 ciijuslibet
833 4963 975 5022 teinerita-
1014 4964 1143 5020 strictum
1164 4963 1292 5024 iudicem
1313 4962 1431 5037 pramis
1441 4968 1552 5020 sternas
1566 4965 1643 5037 pacis
1656 4963 1814 5020 inveniant.

172 5037 210 5094 tis
224 5035 366 5103 incursus,
378 5040 429 5092 aut
442 5051 490 5091 eos
501 5034 669 5108 apropositc
681 5039 801 5101 revocet,
814 5039 863 5089 aut
877 5034 972 5104 robur,
1013 5037 1113 5092 Amen.

171 5107 248 5236 qqod
262 5106 351 5162 absitl
368 5122 454 5162 sacrae
467 5105 622 5177 Religionis
633 5105 783 5177 intringat;
800 5121 831 5160 ea
846 5122 898 5178 pro
918 5111 972 5174 ter,
1052 5127 1064 5160 i
1085 5108 1143 5179 Ego
1157 5107 1300 5163 Honorius
1312 5106 1454 5163 catholica
1467 5106 1623 5180 episcopus.

192 5180 198 5192 '
212 5177 347 5236 entissimi
358 5177 388 5234 in
400 5175 520 5234 Domino
532 5177 593 5244 tilii,
605 5177 706 5232 restris
713 5177 799 5248 justis
809 5193 859 5248 pos
904 5178 975 5236 atio·
1050 5181 1068 5248 †
1082 5179 1142 5250 Ego
1156 5179 1248 5234 Guido
1261 5179 1427 5235 Praenestin.
1441 5179 1597 5251 episcopus.

170 5251 254 5324 nibus
268 5251 423 5306 clementer
435 5248 588 5331 annuimus
601 5254 630 5304 et
651 5249 854 5306 monasterium
875 5247 973 5307 Sancti
1050 5251 1142 5322 †Ego
1163 5248 1332 5307 Octavianus
1356 5251 1523 5306 Sanctorum
1543 5249 1635 5321 Sergii
1654 5253 1683 5306 et
1709 5249 1817 5306 Bacchi

171 5321 307 5396 Stephani
320 5319 515 5384 cadomensis,
525 5337 556 5374 m
568 5335 624 5391 quo
635 5320 728 5376 divino
743 5320 896 5392 mancipati
906 5321 974 5378 estis
1013 5320 1149 5378 diaconus
1161 5321 1321 5377 cardinalis.

170 5393 313 5468 obsequio,
334 5391 371 5450 ed
393 5391 535 5463 exemplar
556 5390 646 5446 felicis
660 5391 803 5448 memoriae
820 5392 974 5448 Alexandri
1048 5393 1140 5465 †Ego
1153 5391 1609 5466 StephanusbasilicaDuodccim
1620 5392 1816 5465 apostolorum

169 5479 249 5538 papa
271 5464 349 5522 tertii
372 5461 586 5548 predecessoris
613 5462 713 5531 nostri,
732 5463 811 5533 cuius
834 5463 973 5547 privilegii
1012 5464 1096 5536 presb
1145 5481 1169 5520 r.

170 5540 297 5592 tenorem
310 5535 415 5606 meins
432 5551 498 5607 pers
518 5534 629 5592 eximus
646 5534 786 5590 contineri
804 5540 924 5606 regesto,
941 5552 972 5592 in
1049 5539 1067 5606 †
1155 5535 1308 5608 Gregorius
1311 5577 1458 5596 .............
1475 5533 1558 5608 presb
1607 5551 1634 5594 r.

167 5606 216 5677 jus
231 5610 260 5662 et
273 5605 392 5688 tutelam
407 5604 481 5689 beati
498 5551 577 5689 {tetri
600 5611 630 5688 ct
646 5609 773 5662 nostram
789 5606 968 5688 susdpimus,
1047 5608 1179 5664 «Datim
1194 5607 1327 5664 Laterani
1348 5625 1399 5681 per
1419 5623 1536 5664 inanum
1587 5605 1688 5662 illelmi
1707 5609 1817 5662 sanam

171 5682 361 5806 iiieffimiitm
383 5683 481 5749 scripti
494 5677 640 5752 privilegio
654 5677 898 5760 communivimus,
911 5683 970 5736 sta-
1010 5679 1145 5807 {tiomanoe
1156 5679 1287 5736 Factmioe
1298 5679 1518 5763 dcecancetlnrii
1538 5692 1569 5734 iii
1585 5677 1753 5806 Idupsslssqnii,
1768 5677 1816 5733 in-

171 5817 337 5892 ...n
353 5763 554 5890 ι
574 5764 975 5904 ιιιιιιιι
1011 5752 1815 5899 numeru...
