3900 6168
81 295 123 352 aa
579 293 665 348 vrrx
683 291 712 347 e.
733 291 929 347 auouarrrxr
950 289 1058 347 anon.
1078 291 1205 350 xrosr.
1661 291 1714 354 tat

74 417 235 492 prolatabat
253 416 401 491 splendido
418 417 503 473 choro
528 416 709 489 Gregoriano.
730 417 818 473 Mittit
836 419 1096 478 etAconvertatua
1112 418 1262 486 Animalia,
1276 435 1389 493 quoque
1399 435 1461 493 quae
1471 419 1599 476 solebant
1611 417 1714 476 darno-

74 509 249 579 apostolioum
285 507 444 578 Augustino
469 508 596 578 pallium,
627 507 734 578 grande
761 508 868 563 scilieet
907 507 991 562 nibus
1004 507 1162 576 immolare,
1175 509 1235 578 jam
1253 526 1309 564 non
1323 509 1352 564 in
1367 510 1473 564 cultum
1488 508 1602 576 diaboli,
1617 511 1667 564 sed
1681 509 1712 565 in

75 599 165 653 tirnsti
174 605 203 652 et
213 597 343 652 Ecclesiae
352 603 571 662 sacramentum,
590 604 724 668 tanquam
739 597 866 651 omnium
906 595 1019 651 laudem
1034 597 1086 652 Dei
1100 598 1130 652 in
1145 614 1226 652 usunr
1240 614 1323 653 sunm
1339 598 1653 662 occidant,etDonatari
1664 598 1712 652 de·

73 690 198 743 virtutum
205 687 415 749 indumentum,
426 687 500 759 qnod
507 686 867 741 estrinculumdilectionis
907 687 1038 741 satietate
1052 704 1104 742 sua
1118 688 1225 758 gratias
1253 692 1348 758 agant.
1374 689 1420 742 Sic
1439 687 1589 742 lsraelitioo
1607 687 1710 759 populo

74 778 123 843 Dei,
137 781 166 830 et
181 777 315 843 fratrum,
330 783 362 831 at
375 775 479 830 Christi
493 775 614 830 vicarius
629 775 666 830 sit
678 775 787 830 medius
802 792 865 829 oon·
906 775 935 829 in
954 777 1074 848 AEgypto
1087 777 1219 831 Dominus
1231 777 1261 832 in
1275 793 1326 831 suo
1341 776 1485 844 sacrificio,
1503 775 1646 842 animalia,
1659 777 1710 830 im-

74 868 172 922 ciliator
192 865 245 922 Dei
259 871 290 921 et
300 865 457 932 bominum,
474 872 503 920 et
527 882 596 919 zona
611 872 735 937 patemaa
747 864 865 935 justitian
906 868 1012 921 molare
1027 865 1167 936 pracepit,
1184 871 1289 920 atvero
1305 866 1362 920 lraec
1375 865 1443 930 Deo,
1468 882 1524 920 non
1548 865 1630 920 idolis
1655 865 1708 920 im-

74 955 288 1020 rircamcinctus,
315 955 430 1025 angelos
444 960 474 1008 at
487 955 623 1018 homines,
637 961 742 1009 terram
759 955 864 1009 confoe-
906 957 1055 1010 motarent.
1081 954 1154 1008 Data
1181 955 1226 1008 die
1254 954 1352 1024 quinto
1379 955 1487 1008 decimo
1516 955 1707 1010 Kalendarum
1803 999 1806 1006 Δ

74 1043 302 1101 deretetccelum.
320 1043 407 1097 Addit
420 1050 596 1098 sacrosancta
613 1044 703 1104 xenia,
721 1044 863 1114 apostolo·
905 1044 1035 1114 Augusti,
1052 1061 1125 1098 anno
1141 1043 1250 1115 imperii
1266 1042 1393 1097 llauricii
1407 1043 1515 1098 decimo
1531 1060 1614 1098 nono.

72 1151 125 1190 rum
138 1133 245 1188 scilicet
258 1139 287 1186 et
302 1137 458 1204 martyrum
473 1132 579 1186 virifica
590 1133 706 1202 pignora
718 1130 861 1205 [pignora]
941 1137 972 1190 ln
988 1133 1072 1188 tertia
1085 1151 1149 1188 vero
1164 1133 1282 1204 epistola
1294 1132 1595 1207 missaAugustino(D.
1606 1133 1706 1200 Gneo,

73 1241 100 1277 ac
111 1224 217 1277 dirersa
231 1239 294 1293 quar
306 1221 439 1286 ecclesiae,
456 1238 517 1292 qum
531 1221 731 1284 sacerdotibus,
744 1238 806 1290 quar
821 1222 862 1274 al·
903 1223 951 1278 lib.
968 1239 1006 1288 rx,
1025 1223 1098 1294 epist
1125 1223 1166 1292 58)
1181 1241 1186 1274 :
1203 1240 1235 1276 ex
1251 1239 1353 1293 magno
1371 1222 1475 1292 gaudio
1498 1239 1636 1277 conversor
1656 1240 1707 1293 per

73 1311 178 1377 taribus,
204 1327 239 1364 ae
264 1310 417 1365 Dominicis
432 1309 567 1365 ministris
583 1310 760 1375 conveniant,
777 1327 861 1363 orna·
904 1330 968 1368 eum
1000 1313 1101 1382 gentis,
1122 1312 1151 1365 in
1173 1312 1283 1366 laudem
1307 1312 1419 1366 Domini
1443 1313 1580 1366 exclamat
1599 1310 1639 1367 sic
1661 1312 1707 1366 in·

74 1408 165 1455 menta.
182 1399 332 1455 Librorum
348 1416 459 1471 quoque
474 1399 603 1469 adjungit
617 1399 742 1469 opimum
767 1398 862 1452 convi-
904 1403 1008 1456 choans
1049 1403 1164 1456 «Gloria
1179 1404 1210 1455 in
1225 1404 1334 1456 ascetria
1349 1403 1410 1466 Deo,
1428 1407 1451 1454 ct
1462 1404 1494 1454 r'n
1508 1406 1583 1454 terra
1592 1400 1707 1470 paeno-

94 1508 145 1552 um,
167 1495 196 1543 et
219 1489 384 1542 indcfrciens
412 1488 447 1542 ad
478 1489 539 1542 rire
568 1489 688 1558 patriam
717 1488 849 1542 viaticum
905 1489 1704 1561 rnr'nr'traslrounvoluntatis(Aac.11,flr;quiagranum

73 1579 149 1634 llittit
167 1578 256 1633 etiarn
284 1579 466 1650 praefatarum
490 1577 625 1631 enodatas
647 1583 676 1631 et
698 1578 861 1647 explanatas
903 1580 1036 1634 frumenti
1051 1580 1152 1634 cadens
1167 1579 1195 1632 in
1213 1585 1289 1633 tarra
1303 1585 1445 1633 rnortuum
1454 1585 1506 1644 est,
1522 1579 1603 1647 cujus
1614 1583 1704 1632 morte

73 1669 314 1740 interrogationum
328 1667 508 1738 quaestiones,
521 1683 591 1737 quas
601 1667 630 1719 in
643 1666 766 1720 Historia
781 1666 862 1720 Bedae
903 1669 1031 1727 vivimus.
1046 1670 1127 1740 cujus
1141 1668 1304 1723 infirmitate
1321 1668 1496 1731 roboramur,
1512 1667 1593 1737 cujus
1608 1683 1704 1724 amore

72 1759 146 1812 lector
159 1757 284 1829 reperiet
297 1755 363 1824 (et).
393 1757 432 1810 Ex
453 1754 554 1826 quibus
577 1771 665 1809 unum
689 1755 734 1810 lric
753 1755 933 1826 rideturssin
944 1759 1091 1814 Britannia
1102 1760 1202 1814 fratres
1212 1757 1373 1829 quaerimus,
1400 1775 1468 1829 quos
1490 1758 1703 1828 ignorabamus,

72 1847 307 1901 commentandum
337 1845 411 1917 quod
437 1845 539 1898 diversi
565 1860 634 1898 usus
661 1844 856 1908 Ecclesiarum,
899 1850 979 1919 cujus
996 1865 1111 1903 munero
1125 1864 1195 1920 quos
1204 1849 1362 1902 nescientes
1375 1846 1579 1917 quaerebamus,
1593 1847 1703 1903 inveni·

73 1953 238 2008 nequaquam
252 1935 356 1990 faciant
370 1935 444 2006 apud
466 1951 552 1988 sanas
568 1939 676 1988 mentes
696 1932 858 1991 divortium.
900 1955 972 1993 mus.
986 1937 1055 2002 Quis
1070 1943 1164 1991 autern
1182 1953 1297 1990 narrare
1309 1936 1438 2001 sufficiat,
1456 1942 1562 2008 quanta
1574 1937 1619 1991 hic
1633 1937 1711 2008 laeti,

73 2028 135 2080 safra
149 2026 235 2080 modo
250 2026 350 2092 frde,ct
362 2024 554 2078 observatione
570 2023 717 2086 catholica,
728 2022 860 2076 sedsicnt
900 2027 939 2080 tin
953 2027 982 2080 in
996 2026 1121 2080 omnium
1132 2026 1215 2080 eorde
1228 2025 1351 2079 frdelium
1377 2026 1463 2079 fuerit
1485 2026 1598 2080 exortat
1620 2025 1702 2090 Quod

73 2117 142 2170 unius
154 2115 283 2187 corporis
295 2115 405 2168 diversa
419 2121 485 2168 sunt
505 2113 632 2167 nrembra
652 2119 680 2167 et
698 2111 800 2181 officia,
820 2112 859 2165 sic
899 2133 968 2186 gens
982 2117 1137 2187 Anglorum
1147 2121 1280 2187 operante
1293 2115 1494 2186 omnipotentis
1507 2115 1557 2170 Dei
1566 2115 1705 2184 gratia,rt

73 2206 156 2275 regina
167 2205 266 2276 sponsi
276 2203 390 2258 Domini
405 2203 540 2256 varietate
559 2201 779 2264 circumamicta.
799 2207 858 2255 tam
899 2211 949 2259 tua
960 2205 1137 2260 fraternitate
1152 2204 1307 2269 laborante,
1324 2203 1446 2274 expulsis
1470 2219 1597 2258 errorum
1622 2209 1703 2258 tene·

72 2295 320 2365 nrultimodaquam
334 2291 859 2362 multifariatriumphatingloria.Sic
900 2293 966 2360 bris,
991 2301 1093 2348 sanctae
1112 2293 1178 2348 frdei
1199 2295 1261 2348 lnce
1289 2293 1401 2364 perfusa
1425 2297 1476 2360 est,
1503 2292 1577 2363 quod
1606 2297 1701 2349 mente

72 2391 157 2438 etnna
178 2400 286 2438 corona
310 2382 532 2437 multicoloribus
555 2381 661 2434 texitur
680 2379 806 2441 floribus,
830 2385 858 2432 et
899 2393 1080 2463 integerrima
1091 2395 1151 2464 jam
1166 2392 1255 2447 carcat
1270 2393 1355 2458 idola,
1373 2390 1474 2462 quibus
1497 2391 1576 2463 prius
1599 2409 1701 2447 vesano

71 2489 144 2526 anurrr
155 2471 261 2527 monile
275 2488 393 2526 aureum
405 2470 487 2524 variis
505 2485 683 2540 gemmarum
698 2467 858 2523 illustratur
899 2491 1263 2562 timoresuqqaoebagquod
1274 2490 1459 2562 omnipooenqq
1467 2490 1525 2545 090
1534 2507 1606 2562 pum
1616 2491 1700 2548 corde

71 2561 263 2630 splendoribus,
276 2567 305 2615 et
318 2559 434 2616 dirersis
444 2556 757 2613 rocumdiscriminibus
770 2573 857 2610 unum
899 2590 1135 2646 substernitur&
1163 2589 1270 2643 Deinde
1294 2593 1357 2660 post
1380 2604 1467 2658 pauca
1494 2589 1698 2660 prosequitur:

70 2661 223 2708 &incentum
241 2653 396 2708 feddfflffls·
900 2689 1002 2754 «Scio,
1018 2689 1107 2742 frater
1120 2687 1298 2758 charissime,
1320 2685 1395 2756 quod
1414 2685 1592 2757 omnipotens
1612 2688 1696 2754 Deus,

98 2790 192 2844 Scribit
206 2790 295 2844 etiam
311 2785 469 2860 Augustino
484 2785 519 2839 de
534 2799 586 2839 sua
599 2783 716 2849 ditione,
733 2781 773 2836 sic
786 2781 856 2836 inci·
896 2787 1138 2859 perdilectionem
1158 2791 1248 2852 tuam,
1264 2785 1293 2839 in
1310 2790 1395 2855 gente
1411 2799 1496 2854 quara
1511 2783 1584 2855 clegi
1598 2785 1695 2850 voluit,

69 2878 136 2946 liens
150 2881 194 2946 ffl·
209 2879 338 2934 GREGOR·
355 2880 467 2948 epistota
481 2876 519 2930 <ld
538 2875 567 2928 Β·
584 2872 786 2941 Aufmit'mtmr
805 2871 854 2926 lib·
897 2901 1000 2956 magna
1013 2884 1150 2939 miracula
1175 2881 1306 2937 ostendit.
1334 2900 1348 2933 r
1373 2880 1439 2935 Haec
1461 2879 1566 2949 dicens,
1593 2880 1705 2939 incutit·

68 2967 281 3038 xrr,epr'rt.15):
895 2986 947 3040 Dei
966 2984 1099 3055 signifero
1126 2981 1271 3052 gaudium,
1298 2984 1327 3034 et
1358 2979 1500 3046 timorem,
1523 2983 1555 3034 ut
1574 2979 1697 3050 gaudeat

97 3123 108 3153 ι
122 3101 356 3157 florerentissinro
371 3107 397 3156 et
408 3099 585 3155 sanctissimo
595 3097 675 3152 fratri
685 3083 884 3160 Aaonsaaqt}
895 3083 1000 3152 Antil⁰⁵
1014 3099 1065 3154 Pel
1078 3080 1214 3135 miracula
1228 3078 1263 3133 Μ
1277 3078 1334 3134 01¹¹*
1334 3077 1420 3132 isium
1435 3077 1568 3143 ⁰0¹¹V01'fir
1596 3076 1697 3134 timeat

67 3190 226 3258 Garoonrus,
243 3207 342 3246 serras
366 3207 510 3244 serrorum
524 3189 583 3244 Dei.
605 3189 675 3242 Cum
695 3193 802 3240 certum
817 3184 854 3238 sit
894 3198 960 3236 rer-0
975 3197 1011 3235 ne
1024 3181 1149 3235 humana
1163 3177 1340 3231 imbecillitas
1369 3177 1398 3230 in
1423 3176 1544 3231 aliorum
1569 3175 1696 3247 profectu

65 3297 107 3350 pro
120 3282 313 3353 omnipotente
327 3276 747 3334 Deolaborantibusineffabilia
756 3275 853 3330 aeterni
894 3279 1011 3349 incipiat
1025 3276 1091 3331 labi.
1108 3275 1241 3345 Proponit
1268 3273 1309 3326 illi
1332 3288 1474 3327 summurn
1496 3272 1619 3327 amicum
1642 3273 1695 3329 nei

66 3371 133 3440 regni
145 3371 265 3443 prmmia
280 3369 426 3434 reservari,
448 3369 528 3423 nobis
551 3373 646 3421 tamen
674 3368 714 3421 eis
740 3382 854 3420 neeesse
894 3369 1009 3438 Moysen
1025 3365 1236 3436 inexemplum.
1251 3361 1556 3434 llicpertantasigna
1573 3361 1694 3433 AEgypto

64 3469 99 3514 ost
109 3462 248 3515 honorum
263 3458 399 3514 benesrcia
417 3457 550 3523 tribuere,
570 3463 603 3510 ut
616 3457 644 3511 in
659 3454 853 3528 spiritualibus
894 3473 1026 3529 percussa
1040 3462 1137 3526 aperto
1152 3453 1224 3508 mari
1235 3451 1331 3506 eduxit
1343 3451 1479 3523 populum
1502 3450 1599 3518 lsrael,
1614 3451 1694 3505 siccis

64 3552 144 3620 operis
157 3551 255 3605 studio
270 3565 303 3604 ex
324 3547 551 3603 remuneratione
573 3545 649 3600 velat
670 3544 853 3615 multiplicius
895 3543 1328 3617 vestigiis,duceluciscolumna.
1342 3539 1694 3612 «Jejunansquadraginta

63 3641 194 3696 insudare.
213 3641 251 3694 Et
265 3639 331 3711 quia
345 3655 416 3692 nora
429 3638 585 3707 Anglorum
601 3636 732 3698 Ecclesia,
748 3635 781 3688 ad
792 3651 853 3688 om·
893 3636 991 3692 diebus
1005 3643 1034 3692 ct
1047 3634 1187 3698 noctibus,
1202 3631 1314 3686 tabulas
1332 3623 1403 3701 legis
1415 3629 1531 3701 occepit,
1553 3630 1626 3684 inter
1645 3645 1693 3684 co-

64 3729 205 3799 nipotentis
221 3729 273 3784 Dei
288 3729 419 3799 gratiam,
436 3727 533 3781 eodem
542 3726 662 3782 Domino
674 3725 853 3794 largientem
894 3743 989 3780 rascas
1002 3727 1126 3780 tonitrus
1141 3722 1355 3795 pertimescente
1367 3719 1480 3793 populo,
1506 3719 1582 3774 solus
1606 3719 1693 3774 etiam

61 3825 83 3871 te
96 3818 240 3874 laborante
253 3818 387 3890 perducta
402 3821 454 3881 est,
470 3832 553 3870 usum
568 3814 619 3868 tibi
634 3813 711 3884 pallii
724 3812 753 3866 in
768 3827 802 3864 ea
815 3811 850 3864 ad
891 3815 1023 3870 familiari
1039 3814 1222 3869 collocutione
1247 3810 1298 3865 Dei
1318 3810 1394 3882 pasci
1414 3809 1526 3864 meruit.
1557 3811 1595 3864 De
1622 3808 1693 3864 coelo

60 3909 111 3962 arla
123 3911 276 3964 missarum
295 3906 431 3961 solemnia
442 3905 552 3975 agenda
566 3903 755 3966 concedimus,
768 3901 807 3954 ita
820 3907 852 3955 ut
892 3921 1006 3966 manna,
1021 3905 1090 3958 item
1105 3901 1244 3957 carnesad
1256 3900 1415 3955 satietatem
1424 3899 1541 3953 nimiam
1550 3898 1692 3952 ministra·

58 4013 102 4066 per
110 3999 168 4053 loca
176 3999 292 4068 singula
300 3995 445 4051 duodecim
456 3994 599 4065 episcopos
610 3992 722 4046 ordines
737 3991 784 4062 qni
797 3997 851 4046 tuar
892 3994 940 4048 rit.
954 3993 997 4048 Ad
1004 3993 1113 4063 jussum
1127 3990 1249 4056 Domini,
1263 3990 1330 4044 licet
1340 3989 1480 4054 diflidens
1490 3989 1572 4058 larga
1585 3987 1692 4041 fluenta

59 4087 214 4156 subjaceant
229 4086 411 4140 ditioniTna
424 4100 489 4137 rero
503 4082 665 4137 fraternitas
684 4098 740 4135 non
759 4081 851 4136 solum
892 4085 927 4139 de
942 4081 1136 4155 petraeduxit.
1153 4079 1221 4134 lade
1240 4093 1291 4148 per
1310 4076 1428 4146 triginta
1450 4082 1512 4130 octo
1534 4091 1623 4129 annos
1651 4073 1692 4128 si·

57 4191 97 4230 eos
111 4179 259 4248 episcopos
274 4191 344 4246 quos
361 4171 542 4233 ordinaverit,
557 4187 649 4242 neque
663 4171 715 4226 hos
728 4177 852 4226 tanturn·
891 4173 955 4244 gnis
971 4171 1076 4226 effulsit
1087 4169 1253 4224 innumeris.
1267 4168 1300 4221 ln
1315 4165 1392 4220 omni
1407 4163 1584 4218 dubitatione
1597 4163 1691 4218 Domi·

56 4266 132 4318 modo
154 4266 204 4337 qui
230 4281 282 4336 per
299 4263 431 4318 Eboracae
461 4262 551 4332 (vulgo
584 4262 663 4332 l'orl.)
688 4260 849 4332 episcopum
893 4276 960 4314 num
975 4257 1204 4324 consulens,Deo
1218 4257 1360 4326 loquente,
1377 4251 1537 4307 docebatur.
1552 4250 1595 4305 llli
1619 4249 1691 4304 resi-

55 4351 295 4414 fuerintordinati,
306 4353 355 4407 sed
364 4352 554 4407 etiamomnes
564 4350 716 4404 Britannias
727 4350 854 4404 sacerdo·
895 4353 1001 4404 stantes
1026 4353 1109 4402 terrae
1137 4345 1231 4400 hiatus
1259 4341 1412 4409 absorbuit,
1442 4340 1567 4395 victoriis
1595 4339 1691 4394 hostes

53 4448 89 4496 trs
104 4444 219 4502 lrabeat.
246 4443 305 4498 Deo
327 4447 357 4496 ct
380 4441 500 4496 Domino
526 4446 622 4495 nostro
643 4440 709 4494 lesu
737 4436 1039 4510 Christonoppressit.
1056 4437 1135 4491 Hunc
1144 4451 1210 4504 ergo
1225 4439 1369 4488 tantarum
1380 4429 1536 4501 gratiarum
1549 4433 1693 4484 exsecuta-

53 4539 169 4597 aoctore,
193 4531 348 4603 subjectos
364 4537 503 4602 quatenus
518 4547 550 4583 ex
565 4529 663 4599 lingua
683 4535 711 4583 et
726 4529 781 4582 rita
796 4534 851 4596 tura
892 4547 962 4595 rem,
979 4525 1207 4582 unadiffidentiae
1219 4523 1310 4594 culpa,
1327 4537 1383 4593 qua
1396 4519 1432 4574 ad
1446 4535 1534 4593 aquas
1548 4518 1691 4573 contradi-

53 4623 219 4684 sanctitatis,
238 4629 266 4675 et
281 4627 355 4674 recte
370 4619 511 4681 credendi,
529 4625 557 4672 et
570 4617 641 4673 bene
663 4619 772 4672 rixandi
793 4617 851 4673 for·
891 4617 992 4673 ationis
1004 4621 1070 4670 ante
1084 4613 1261 4686 prescriptos
1286 4609 1484 4681 trigintaocto
1507 4624 1596 4662 annos
1619 4607 1692 4662 deli·

53 4727 118 4764 raam
129 4711 300 4784 percipiant.
314 4711 385 4764 Data
395 4707 755 4762 diedecimoKalcndarunr
765 4707 851 4762 iulia·
892 4712 1001 4779 querat,
1019 4711 1046 4760 et
1067 4705 1096 4759 in
1123 4707 1203 4758 tanto
1224 4707 1351 4772 ternpore
1373 4698 1448 4752 inter
1468 4703 1548 4751 tanta
1576 4703 1691 4768 tamque

52 4816 117 4864 rum,
135 4817 216 4855 anno
244 4815 318 4854 nono
339 4799 447 4853 docimo
465 4797 576 4868 imperii
600 4795 705 4852 Tiberii
725 4796 850 4851 Mauricii
890 4796 1016 4852 benefica
1030 4801 1059 4850 et
1073 4794 1164 4848 amica
1179 4789 1286 4845 itomini
1301 4788 1449 4860 colloquia,
1469 4786 1692 4857 recognitionem

52 4891 168 4958 augusti.
188 4909 203 4943 n
892 4887 1054 4957 neglexerat
1061 4885 1140 4953 justa
1158 4881 1209 4936 Dei
1224 4879 1373 4944 sententia,
1384 4877 1498 4932 tandem
1514 4892 1531 4932 a
1545 4881 1620 4931 terra
1641 4874 1691 4930 illa

82 4981 210 5050 longius
225 4979 366 5048 digressos
376 4975 724 5048 praedictorumsacrorum
738 4975 851 5046 gerulos
893 4972 1118 5046 repromissionis
1133 4977 1224 5025 morte
1234 4966 1388 5042 praeripuit.
1405 4986 1419 5018 rr
1436 4964 1550 5020 Talibus
1577 4963 1692 5018 monitis

52 5067 99 5122 xlia
111 5066 249 5139 Gregorii
264 5066 444 5138 prosequitur
457 5065 584 5136 epistola,
601 5063 850 5136 quoperabbatem
892 5063 1009 5136 pervigil
1022 5061 1174 5132 Gregorius
1183 5059 1234 5114 Dei
1248 5058 1386 5112 famulum
1403 5095 1410 5122 ,
1423 5056 1483 5125 jam
1497 5053 1564 5108 olim
1576 5052 1693 5108 inomni

52 5158 186 5216 lletlitum
208 5157 326 5212 mandat
341 5158 510 5234 Augustino,
525 5161 557 5210 ut
574 5177 585 5206 ι
609 5155 676 5208 fana
698 5170 760 5224 quae
781 5153 852 5209 berre
893 5153 1041 5212 sanctitate
1055 5149 1223 5212 fundatum,
1239 5145 1323 5201 altius
1337 5143 1366 5198 irr
1376 5144 1496 5208 timore,
1513 5146 1542 5194 et
1556 5140 1610 5194 frde
1624 5139 1692 5193 soli-

53 5255 215 5302 constructa
229 5247 287 5300 sint
300 5252 410 5301 tantum
427 5245 508 5300 idolis
523 5244 673 5300 destructis
682 5243 711 5298 irr
721 5243 852 5298 ecclesias
893 5243 961 5296 darc
975 5240 1091 5295 curavit.
1109 5238 1198 5303 Quem
1208 5235 1323 5290 tandem
1336 5227 1691 5306 profiteturoaelectum,

54 5339 201 5392 arculfum
217 5335 276 5390 reri
291 5335 342 5389 Dei
365 5341 574 5389 commutentur
596 5338 625 5387 et
643 5339 852 5395 consecrentur,
894 5331 942 5402 qui
956 5329 1041 5385 etiarn
1057 5329 1091 5384 de
1107 5327 1261 5382 multorum
1272 5322 1452 5378 conversione
1461 5313 1693 5388 gaudiumfacere

54 5435 190 5494 quatenus
202 5441 274 5495 gans
288 5425 349 5495 ipsa
364 5423 392 5478 in
406 5424 512 5478 eisdem
535 5423 607 5478 fanis
626 5422 685 5477 anis
709 5423 852 5477 Clrristurn
893 5425 1012 5474 conatur
1025 5417 1139 5472 ineoelo.
1157 5416 1192 5470 Et
1202 5415 1290 5469 inlroe
1299 5413 1394 5482 itaque
1405 5407 1478 5470 coeli,
1489 5411 1517 5459 et
1527 5403 1693 5474 angelorum

54 5512 206 5570 Dominum
227 5513 360 5576 adorans,
380 5513 415 5567 ad
438 5514 499 5568 loca
528 5517 661 5567 consueta
685 5512 852 5567 familiarius
893 5510 996 5580 gaudio
1010 5507 1168 5580 prrarrrissas
1184 5519 1264 5558 voces
1278 5499 1390 5574 repetit,
1400 5494 1547 5568 epistolam
1558 5491 1692 5552 natendo.

87 5623 137 5689 ,353
160 5624 284 5678 Exstant
297 5621 371 5696 apud
386 5621 419 5675 v.
433 5621 537 5675 Bedanr
551 5619 599 5678 lib.
616 5637 635 5683 r,
649 5637 673 5674 c.
690 5620 734 5688 2¹8,
746 5626 774 5676 ct
788 5619 836 5674 lib.
853 5632 904 5684 xrt,
920 5635 964 5688 cp.
982 5617 1027 5680 31,
1043 5616 1076 5671 D.
1092 5613 1178 5682 Greg.
