3872 6162
77 251 117 311 bt
592 255 802 314 constiutit.
823 255 994 312 Hlasauu.
1014 283 1047 300 ··-
1067 255 1136 312 LIB.
1156 257 1179 312 1.
1650 257 1703 318 994

74 377 103 432 sd
115 376 264 433 lectionem
282 395 429 452 quousque
444 380 566 437 ministri
582 385 611 438 et
620 382 711 454 pueri,
722 381 747 437 si
758 381 788 438 in
802 380 974 444 locoAcella
988 380 1069 452 panis
1083 380 1186 453 operiri
1198 397 1254 436 non
1267 381 1426 453 possit,sive
1439 381 1621 454 legatur,sive
1635 400 1702 452 non,

73 473 139 532 sunt,
152 467 273 523 redeant
289 468 324 524 de
339 469 425 525 mixto
442 470 525 540 (lust.
905 470 1015 525 veniam
1037 470 1118 542 petit,
1142 470 1172 526 Si
1193 471 1322 526 cochlear
1340 472 1370 526 in
1384 477 1479 543 partes
1503 473 1627 543 fregerit,
1641 473 1704 545 ipsa

350 576 467 634 CAPUT
476 579 575 638 LXIV·
905 559 1046 630 fragmina
1057 560 1159 614 tollens
1170 560 1206 614 ad
1220 559 1340 630 gradum
1356 561 1444 632 ponit,
1461 566 1491 615 et
1498 560 1608 615 veniam
1623 563 1702 633 petit.

75 683 124 749 Quo
137 683 290 752 disciplina
312 687 349 739 sit
371 688 403 739 in
427 687 570 753 refectorio
592 689 647 740 siue
664 691 723 754 post
739 689 809 742 alios
825 703 864 741 oe·
904 646 946 702 ΒΘ
964 665 1020 720 ‘¹¹¹⁸
1036 665 1158 750 famem
1181 665 1215 703 θα
1228 655 1383 750 rempst'ft
1403 667 1431 704 ¹¹¹
1454 655 1639 751 ffftremnfm'
1655 650 1705 706 ΠΜ

104 755 189 816 mem,
202 756 329 809 ,imme
337 759 408 811 4150,
419 758 565 824 dmm,
576 759 709 826 quomodo
723 759 864 812 pompam
905 737 1062 792 cochleam
1072 744 1101 792 et
1111 743 1213 792 caetera
1222 739 1361 793 relectoru
1372 739 1505 794 utensilia
1514 744 1703 808 contuentur,

103 828 230 893 accipiat.
906 825 1027 898 reponit.
1055 827 1084 882 Si
1103 842 1159 882 non
1182 831 1226 882 est
1249 827 1377 894 divisum,
1393 828 1441 883 sed
1457 835 1553 884 minen
1574 829 1643 884 adeo
1661 833 1705 884 est

103 913 441 986 (uo.)Adhoramprandii
450 915 494 971 vel
503 931 588 972 coenae
598 917 620 972 si
630 917 660 972 in
669 915 866 972 dormitorium
907 914 1028 969 fractum
1043 920 1141 970 utnon
1156 917 1194 971 sit
1205 916 1298 971 habile
1308 916 1343 971 ad
1352 918 1516 973 comedendi
1532 935 1705 980 usumaum-

74 1018 122 1056 non
135 1001 377 1069 ascenditlavatis
387 1004 621 1060 manibusstatim
637 1005 673 1060 ad
685 1005 864 1060 refectorium
906 1001 971 1057 dem
987 1003 1187 1059 satisfactionis
1199 1010 1292 1059 servat
1305 1005 1430 1060 modum.
1447 1007 1477 1061 Si
1488 1007 1633 1062 cultellum
1648 1007 1705 1062 ire-

74 1090 149 1144 venit.
161 1091 172 1110 '
184 1091 229 1146 Ad
247 1091 344 1146 sedem
357 1109 438 1148 suam
452 1092 525 1148 lacto
546 1099 655 1149 anteat
672 1099 748 1149 retro
770 1095 799 1149 in
819 1111 865 1148 re·
905 1091 991 1162 gerit,
1008 1092 1083 1147 idem
1099 1092 1175 1160 iacit,
1190 1099 1305 1165 excepto
1320 1094 1393 1166 quod
1409 1095 1443 1149 de
1457 1095 1548 1166 gradu
1563 1101 1706 1168 receptum

74 1180 193 1250 gularem
208 1180 368 1252 coquinam,
384 1183 428 1236 vel
445 1188 512 1237 ante
532 1183 688 1249 cellarium,
710 1183 734 1238 si
754 1180 866 1253 iuvenis
907 1179 942 1234 ad
957 1195 1082 1236 mensam
1098 1197 1192 1236 secum
1209 1187 1344 1255 reportat,
1358 1188 1387 1238 et
1400 1183 1428 1238 in
1438 1184 1566 1254 vaginam
1581 1185 1703 1256 reponit,

75 1285 123 1323 non
132 1274 184 1334 ast,
202 1269 349 1340 aliquanto
360 1270 400 1325 ire
412 1276 514 1343 potest;
526 1278 559 1327 ut
568 1272 592 1327 si
602 1272 698 1344 aliqua
708 1287 738 1326 re
746 1271 864 1342 indiget,
907 1273 936 1323 et
949 1271 1104 1325 camerario
1119 1276 1246 1343 tempore
1268 1289 1402 1344 congruo,
1423 1278 1456 1327 ut
1469 1273 1588 1327 eundem
1603 1273 1707 1328 reinte-

76 1372 150 1426 qnnm
166 1361 252 1411 antea
263 1355 347 1412 verbo
358 1373 483 1428 quarere
496 1375 553 1414 non
567 1360 668 1431 potuit,
688 1359 864 1414 cellerarium
905 1364 1018 1429 gratum
1052 1365 1102 1415 aut
1126 1359 1212 1415 alium
1240 1361 1366 1432 recipiat,
1390 1361 1464 1416 hunc
1491 1361 1594 1417 reddit.
1615 1362 1706 1417 Simili

75 1461 117 1514 pro
131 1445 185 1499 hac
198 1445 287 1517 signis
302 1446 471 1519 interpellet.
486 1465 532 1503 un.
549 1447 620 1503 Inde
638 1448 749 1504 rediens
764 1447 864 1502 stando
906 1448 991 1502 modo
1011 1448 1159 1516 satisfacit,
1175 1449 1345 1521 quicumque
1359 1451 1434 1505 inter
1447 1451 1649 1506 comedendum
1664 1450 1708 1504 vel

75 1541 229 1589 reverenter
248 1540 376 1607 expectat
400 1535 536 1592 domnum
556 1536 697 1605 abbatem,
713 1538 756 1592 rel
770 1537 793 1591 si
808 1552 865 1591 nou
906 1535 1057 1592 bibendum
1077 1538 1107 1593 in
1125 1538 1281 1606 refectorio,
1302 1541 1345 1594 vel
1369 1544 1434 1594 unte
1462 1540 1643 1595 refectorium
1676 1539 1707 1594 in

75 1629 158 1693 potest
181 1629 267 1690 stare,
291 1625 424 1680 sedendo.
438 1628 450 1650 ‘
465 1626 494 1681 Si
508 1627 619 1698 juvenis
634 1631 686 1697 est,
699 1643 783 1698 super
794 1627 865 1681 inse·
907 1625 1020 1680 cellario
1035 1627 1078 1681 vel
1094 1631 1159 1682 ante
1176 1627 1322 1682 cellarium
1338 1633 1388 1683 aut
1406 1629 1435 1682 in
1450 1627 1574 1698 regulari
1586 1629 1708 1700 coquina

75 1713 135 1779 rius,
149 1713 174 1767 si
194 1715 376 1785 provectioris
395 1715 497 1780 etatis,
514 1715 593 1771 sedet
606 1732 692 1786 super
711 1715 798 1770 sedile
816 1695 1030 1785 su·Baiiquem
1041 1716 1236 1788 praedictorum
1247 1733 1408 1771 excessuum
1420 1717 1579 1784 incurrerit;
1592 1722 1706 1789 excepto

75 1802 172 1872 parius.
187 1803 315 1858 iuuante
330 1819 397 1859 vero
418 1804 522 1858 domno
541 1803 651 1871 abbate,
667 1811 767 1862 contra
784 1804 865 1860 illum
906 1803 981 1874 quod
996 1819 1047 1875 pro
1057 1805 1151 1859 sonitu
1161 1821 1218 1860 non
1232 1804 1309 1870 alibi,
1325 1805 1379 1860 nisi
1392 1805 1422 1860 in
1443 1806 1657 1871 relectorium]
1675 1807 1705 1861 iu

75 1889 194 1958 inclinat,
209 1891 363 1962 statimque
385 1907 416 1947 se
434 1891 544 1963 erigens
569 1897 679 1947 erectus
692 1898 758 1954 stat,
776 1909 866 1964 usque
906 1893 1029 1963 regulari
1045 1893 1165 1964 coquina
1179 1894 1284 1963 taliter,
1299 1899 1331 1949 ut
1345 1895 1538 1966 praescriptum
1551 1900 1603 1962 est,
1620 1895 1704 1961 lacto,

75 1979 134 2034 dum
160 1980 353 2052 pertransiens
371 1980 400 2035 in
420 1982 513 2037 locum
534 1998 616 2037 suum
636 1982 673 2037 ad
697 1982 865 2053 pulsandam
905 1982 1014 2036 reniam
1030 1983 1110 2052 petit.
1120 1983 1154 2037 Et
1170 1982 1195 2037 si
1211 1983 1362 2038 sextarium
1371 1983 1426 2038 vini
1438 1985 1482 2039 vel
1504 1984 1642 2040 cerevisia
1662 1983 1705 2039 vol

75 2069 176 2122 scillam
189 2069 415 2141 perveniatlun.)
431 2071 522 2135 Quam
536 2077 684 2144 postquam
701 2070 863 2142 pulsaverit,
906 2070 1054 2126 dimidium
1069 2072 1208 2130 effuderit.
1224 2073 1357 2145 utrinque
1371 2073 1443 2128 etin
1462 2074 1609 2128 refectorio
1620 2079 1650 2128 et
1661 2089 1706 2128 se-

76 2163 100 2211 et
112 2174 218 2226 sersus,
233 2158 324 2213 oratio
337 2159 550 2232 benedictioque
568 2160 636 2214 data
649 2161 744 2226 luerit,
761 2162 822 2234 ipse
836 2163 866 2217 in
907 2160 1004 2231 quenti
1013 2159 1059 2215 die
1069 2160 1098 2214 in
1109 2161 1230 2232 capitulo
1243 2178 1294 2232 pro
1307 2161 1360 2216 hoc
1372 2161 1517 2217 satisfacit.
1526 2162 1559 2216 ln
1569 2161 1708 2233 scyphum

74 2244 192 2300 locosuo
205 2247 316 2318 sedem,
331 2248 456 2302 mensale
468 2247 602 2320 applicat,
618 2249 687 2303 nihil
697 2255 792 2305 tamen
804 2267 867 2305 ovu-
904 2249 1023 2320 justitia
1043 2249 1118 2320 llos)
1131 2251 1340 2323 superpositum
1360 2251 1432 2306 nihil
1445 2251 1575 2323 imponit,
1590 2267 1642 2306 uec
1655 2267 1707 2322 pa·

74 2334 135 2388 nino
150 2335 307 2402 comedens,
323 2341 476 2408 antequam
487 2336 570 2392 lectio
581 2337 743 2409 incipiatur,
752 2343 780 2393 et
792 2344 869 2394 ante-
909 2353 974 2392 nem
1001 2338 1126 2410 intingit,
1150 2340 1204 2395 nisi
1231 2341 1309 2413 prius
1332 2356 1417 2412 super
1437 2355 1562 2396 mensam
1583 2345 1650 2394 ante
1676 2355 1707 2396 se

74 2440 154 2494 quam
169 2425 202 2479 de
215 2425 592 2481 manusacerdotisoblatam
607 2426 676 2496 (104)
693 2427 811 2498 accipiet
823 2446 830 2496 ;
842 2427 866 2482 si
907 2429 1043 2498 posuerit.
1061 2429 1152 2484 Simul
1169 2429 1300 2484 eumalio
1316 2430 1404 2484 tratre
1418 2429 1517 2484 inuno
1536 2429 1640 2501 scypho
1650 2445 1708 2484 uon

74 2523 166 2568 tamen
176 2520 217 2569 est
231 2515 339 2586 privata
353 2515 424 2581 dics,
434 2520 462 2570 et
475 2515 498 2570 si
506 2516 536 2570 in
544 2516 657 2587 ipsodic
666 2532 722 2571 non
737 2532 864 2572 commu·
907 2515 991 2570 debet
1005 2533 1106 2588 panem
1121 2516 1271 2588 intingere.
1281 2518 1367 2572 Nulla
1380 2518 1568 2584 re,neoetiam
1584 2516 1707 2588 flabello,

73 2601 210 2657 nioaverit
223 2603 252 2658 Si
265 2620 329 2658 vero
343 2619 394 2674 pro
408 2620 483 2676 aqua
493 2605 669 2676 apportanda
684 2605 727 2660 vel
742 2605 798 2660 alia
813 2606 864 2660 hu·
906 2619 961 2674 quo
975 2621 1077 2659 muscae
1092 2605 1253 2676 abiguntur,
1266 2605 1398 2661 inaestate
1412 2606 1524 2661 interim
1536 2605 1627 2661 utitur
1639 2605 1708 2662 dum

69 2691 190 2760 jusmodi
208 2709 292 2748 eausa
310 2693 384 2748 dicto
396 2710 478 2749 versu
492 2695 552 2750 vult
567 2694 642 2749 exire
656 2695 690 2750 de
705 2694 862 2760 relectorio,
908 2695 1058 2748 benedicite
1073 2709 1156 2765 super
1171 2693 1262 2748 cibum
1285 2699 1313 2749 et
1335 2700 1433 2765 potum
1454 2694 1547 2748 datur.
1567 2694 1596 2750 Si
1611 2699 1708 2748 autern

71 2780 83 2801 ⁴
93 2796 147 2834 non
164 2779 220 2835 exit
237 2781 402 2854 priusquam
414 2781 476 2854 ipsa
487 2781 638 2853 incipiatur
652 2783 744 2838 lectio.
760 2797 808 2838 uu.
825 2783 865 2838 De
906 2781 981 2836 inter
994 2782 1195 2837 comedendum
1208 2782 1361 2854 proaliqua
1374 2782 1539 2838 necessitate
1549 2783 1626 2837 exire
1636 2783 1710 2854 cogi·

70 2867 143 2923 nullo
155 2875 252 2940 gustat
261 2871 388 2941 generali
402 2873 567 2944 priusquam
581 2870 774 2927 benedicatur.
791 2872 865 2927 Sibi·
906 2876 962 2936 tur,
984 2877 1145 2942 propterea,
1171 2871 1194 2926 si
1219 2871 1375 2926 rediturum
1404 2887 1434 2926 se
1459 2875 1563 2943 sperat,
1594 2871 1649 2926 nisi
1672 2871 1709 2926 sit

71 2959 182 3031 metipsi
198 2960 270 3015 nihil
285 2977 410 3034 unquam
425 2967 557 3033 apportat
569 2963 768 3034 fraterpraeter
782 2964 865 3030 sal,et
907 2958 1040 3015 ostiarius
1063 2960 1093 3014 iu
1113 2959 1275 3032 suceptione
1292 2960 1435 3032 hospitum
1455 2957 1514 3015 non'
1530 2959 1664 3032 loquitur.
1679 2959 1708 3015 Si

72 3065 189 3120 aqnam3
206 3051 236 3106 ni
245 3051 318 3106 forte
330 3051 577 3107 serviendovenint
590 3052 626 3106 ad
634 3052 729 3106 sedem
737 3012 896 3107 suam.SiG
908 3065 973 3102 vero
988 3048 1029 3103 illi
1046 3065 1119 3116 mox,
1136 3054 1170 3104 ut
1181 3065 1334 3121 parumper
1352 3048 1516 3112 comederit,
1540 3064 1645 3104 nausea
1662 3049 1707 3103 vel

72 3139 134 3207 quid
148 3139 174 3193 ei
186 3156 238 3211 per
247 3140 335 3196 alium
344 3145 685 3212 apportatur,reverentcr
697 3145 865 3211 contrapor·
906 3137 980 3192 liuor
991 3138 1137 3208 sanguinis
1152 3137 1303 3208 ingruerit,
1318 3138 1369 3205 ita,
1382 3143 1416 3192 ut
1437 3137 1473 3192 ad
1487 3137 1614 3193 eamdem
1636 3137 1708 3192 rele-

70 3227 135 3297 rigit
154 3244 271 3284 manum
291 3235 320 3284 et
344 3230 551 3302 aliquantulum
576 3230 703 3286 inclinat.
730 3229 866 3284 Similiter
907 3225 1027 3281 ctionem
1040 3227 1133 3282 redire
1144 3243 1200 3281 non
1209 3227 1306 3299 possit,
1318 3231 1415 3298 postea
1425 3242 1489 3282 cum
1503 3226 1705 3282 ministrissine

70 3315 184 3372 inclinat
194 3318 231 3376 ad
244 3319 349 3382 omniu,
362 3335 424 3391 quae
435 3318 488 3374 sibi
508 3324 575 3374 tunc
590 3319 703 3386 dantur,
720 3319 763 3374 vel
776 3335 865 3390 appo·
909 3315 1023 3370 licentia
1037 3314 1137 3370 reiicit.

70 3411 183 3475 nuntur,
195 3407 240 3462 rel
251 3424 313 3479 qnae
328 3407 363 3462 ab
373 3424 406 3462 eo
420 3407 604 3480 recipiuntur.
611 3408 641 3464 Si
652 3407 719 3480 quid
732 3407 759 3462 ei
772 3406 807 3461 ab
822 3423 864 3474 eo,
941 3404 1016 3474 (uo.)
1030 3405 1070 3460 De
1086 3405 1165 3459 micis
1188 3405 1402 3476 diligentissime
1420 3409 1508 3474 cavet,
1525 3419 1560 3459 ne
1584 3404 1650 3476 quid
1664 3404 1708 3459 vel

72 3495 116 3564 qui
128 3497 164 3550 ad
179 3496 286 3551 scillam
302 3497 391 3562 sedet,
407 3495 547 3567 dirigitur,
564 3513 598 3551 ex
615 3502 674 3552 toto
691 3513 810 3567 surgens
824 3497 867 3551 al·
907 3493 1127 3549 minutissimum
1143 3495 1227 3549 cadat
1245 3500 1274 3549 et
1286 3500 1391 3566 pereat.
1408 3493 1478 3550 Cum
1489 3493 1602 3549 cultello
1617 3490 1708 3548 aufert

71 3585 125 3640 tius
139 3591 239 3640 contra
249 3585 342 3656 ipsum
357 3603 454 3641 versus
466 3585 748 3654 inclinat,etiamsiad
762 3586 867 3641 lineam
910 3599 957 3639 eus
971 3583 1006 3637 de
1021 3583 1150 3650 mensali,
1164 3589 1196 3638 ut
1210 3583 1245 3638 ad
1261 3583 1393 3639 ultimum
1405 3599 1469 3638 cnm
1482 3582 1592 3638 flebello
1607 3583 1642 3638 ad
1656 3583 1709 3638 hoc

72 3675 165 3729 sedeat
176 3693 183 3742 ;
203 3679 233 3729 et
243 3674 452 3746 quantumlibet
475 3675 546 3729 sorte
560 3674 656 3745 cupiat
667 3673 816 3742 abstinere,
833 3675 868 3729 de
909 3677 1006 3742 aptato
1017 3672 1046 3727 in
1059 3672 1352 3744 scutellacolligantur
1365 3678 1394 3727 ct
1403 3672 1439 3726 ad
1451 3671 1712 3743 elcemosynamde·

70 3763 120 3818 hoc
133 3769 296 3818 tamennon
308 3763 427 3818 dimittit
439 3762 868 3835 praelibare.Scutellamquoquc
909 3761 1045 3816 ferantur.
1065 3762 1150 3832 (cnr.)
1160 3761 1290 3825 Quamdiu
1306 3767 1400 3816 autem
1416 3766 1583 3815 aconvcntu
1599 3765 1712 3818 nonest

71 3852 193 3923 applicat
209 3852 245 3907 ad
260 3852 338 3907 illurn
354 3851 531 3924 potissimum
546 3850 662 3907 fratrem
675 3851 723 3924 qui
740 3852 822 3923 juxta
837 3869 867 3908 se
909 3855 1068 3921 separatus,
1090 3854 1123 3905 ut
1143 3850 1180 3904 sit
1193 3866 1256 3905 cum
1273 3849 1404 3916 infirmis,
1419 3865 1470 3904 nec
1483 3865 1571 3904 unum
1586 3865 1709 3921 granum

69 3941 199 4012 superius
212 3941 300 4006 sedet,
317 3945 350 3996 ut
370 3941 499 3998 comedat
518 3957 613 3996 aecum
629 3959 636 3994 :
651 3942 674 3996 si
686 3940 711 3996 is
731 3941 866 4008 renuerit,
908 3938 1013 4010 piperis
1028 3943 1135 4010 gustat,
1149 3937 1365 4009 necquidquam
1380 3937 1434 3992 cibi
1449 3942 1500 3992 aut
1514 3945 1607 4009 potus,
1619 3938 1711 3993 nisiin

68 4031 192 4102 applicat
217 4031 253 4085 ad
277 4030 460 4086 interiorem:
483 4030 599 4102 quodsi
622 4035 652 4085 et
665 4029 712 4084 ille
732 4029 865 4096 nolucrit,
909 4028 1057 4083 refectorio
1076 4026 1207 4100 percipit.
1234 4027 1386 4097 Nunquam
1400 4025 1480 4092 bibit,
1505 4025 1559 4080 uisi
1582 4031 1711 4097 pateram

69 4119 251 4189 quantumvis
275 4124 430 4185 remancat,
448 4119 523 4190 quod
541 4118 641 4186 noluit,
655 4118 699 4173 vel
718 4118 793 4189 quod
811 4133 868 4174 non
909 4133 973 4172 cum
988 4115 1124 4171 ambabus
1139 4114 1270 4170 manibus
1282 4114 1404 4169 tenendo
1413 4117 1538 4185 (excepto
1547 4113 1669 4176 minuto)
1682 4117 1712 4168 et

68 4209 162 4278 potuit
172 4208 389 4276 comedere,non
399 4207 488 4263 mittit
496 4223 639 4280 quoquam
653 4207 764 4278 longius
775 4207 810 4262 ad
820 4207 869 4261 ali·
910 4221 1055 4277 nunquam
1069 4203 1123 4259 nisi
1134 4203 1267 4258 sedendo.
1281 4203 1291 4224 ⁸
1307 4203 1494 4274 Sipostquam
1509 4201 1712 4256 scilladimissa

71 4313 155 4367 quem
170 4299 286 4353 tratrem
301 4314 352 4369 pro
368 4297 426 4352 ulla
438 4296 531 4369 gratia
545 4296 721 4367 privata,sed
732 4300 828 4350 tamen
837 4300 870 4350 ut
880 4329 903 4388 D
912 4294 996 4349 luerit
1010 4298 1089 4348 entra
1103 4292 1207 4347 ostium
1237 4290 1414 4355 remanserit,
1441 4289 1519 4346 nullo
1539 4289 1622 4345 modo
1643 4295 1712 4346 tnnc

69 4387 163 4442 adhue
172 4386 303 4459 superius
317 4387 360 4442 vel
371 4386 488 4442 inferius
496 4385 606 4441 sedenti
616 4384 869 4457 applicetur,alter-
913 4383 1018 4438 intrare
1032 4380 1244 4453 praesumit,sed
1258 4379 1366 4435 tamdiu
1378 4378 1446 4434 loris
1455 4383 1712 4451 exspectat,quous·

68 4477 125 4530 utri
141 4491 260 4532 suorum
275 4475 479 4530 collateralium
494 4474 612 4529 innuere
630 4490 687 4529 non
700 4472 815 4528 omittit.
840 4472 870 4528 Si
910 4487 965 4543 que
986 4471 1119 4526 lectorem
1147 4470 1183 4524 ad
1206 4485 1317 4524 versum
1340 4467 1442 4540 legisse
1470 4467 1577 4522 audiat.
1598 4467 1628 4523 Si
1646 4483 1712 4522 vero

67 4563 181 4620 dnobus
195 4563 331 4620 iratribus
341 4563 447 4635 aliquid
462 4562 584 4618 mittitur
595 4569 624 4617 et
636 4563 709 4618 alter
720 4575 817 4617 eorum
829 4561 872 4616 in·
910 4560 1031 4615 necdum
1042 4559 1205 4623 occurrerit,
1217 4557 1241 4612 si
1252 4557 1342 4612 serius
1354 4563 1418 4630 post
1427 4556 1569 4628 inceptum
1584 4555 1712 4612 lectionis

67 4655 154 4708 terim
170 4653 243 4708 lorte
256 4652 387 4720 deluerit,
402 4669 530 4708 reversus
545 4651 681 4707 inclinare
691 4649 868 4708 nondesinit.
910 4648 1066 4714 intraverit,
1084 4647 1107 4701 si
1118 4647 1240 4719 aliquem
1254 4646 1289 4700 ad
1300 4645 1419 4716 gradum
1433 4650 1554 4700 stantem
1569 4643 1713 4700 licentiam

67 4743 120 4799 'Si
137 4748 253 4798 tantum
278 4742 402 4796 sonitum
420 4741 530 4809 iecerit,
551 4740 600 4812 qui
619 4755 821 4812 usquequaque
840 4738 871 4794 in
913 4735 1078 4793 comedendi
1093 4735 1233 4807 accepisse
1247 4734 1430 4807 perspexerit,
1446 4734 1505 4806 ipse
1517 4733 1620 4788 alicubi
1631 4735 1714 4804 juxta

65 4830 218 4888 relectorio
246 4830 339 4886 audiri
360 4829 459 4901 possit,
484 4829 595 4883 veniam
618 4828 698 4899 petit,
722 4827 797 4899 quod
816 4827 871 4882 alio
912 4827 1039 4882 tabulam
1049 4829 1128 4880 stans
1149 4823 1288 4890 observat,
1309 4823 1421 4894 quando
1435 4821 1484 4878 ille
1497 4821 1645 4878 discedens
1658 4822 1713 4877 sibi

63 4928 208 4994 tempore,
225 4918 337 4992 quando
351 4917 458 4973 bibitur
476 4918 525 4974 sed
545 4933 602 4972 non
620 4916 733 4988 legitur,
754 4914 871 4971 minime
913 4915 1062 4972 accedendi
1085 4913 1178 4968 locum
1200 4911 1320 4980 tribuat;
1335 4911 1383 4966 ubi
1407 4917 1436 4967 et
1448 4917 1527 4980 tunc,
1549 4911 1573 4966 si
1586 4911 1665 4968 locus
1676 4910 1715 4965 ait

63 5011 148 5067 iacit.
911 5009 971 5059 tam
983 5007 1120 5075 angustus
1135 5007 1180 5057 est
1192 5000 1371 5057 stavrdum.Si
1384 4999 1489 5056 viderit
1501 4999 1665 5055 servitorem
1677 4997 1714 5054 ad

99 5099 132 5156 Si
149 5097 235 5165 ione,
255 5114 288 5154 eo
299 5097 367 5152 illuc
376 5101 471 5163 eunte,
481 5096 520 5150 Ta
534 5094 748 5161 arclcmdicitur,
758 5099 873 5167 propter
912 5092 1075 5164 generalem
1104 5091 1211 5146 scillam
1232 5091 1291 5160 jam
1308 5089 1496 5161 pulsaturum,
1522 5088 1618 5159 ibique
1638 5087 1712 5141 inter

63 5187 117 5242 hoc
140 5202 202 5240 non
220 5183 304 5246 redit,
330 5183 495 5255 priusquam
517 5182 628 5238 veniam
646 5181 753 5237 secent.
786 5181 815 5237 Si
838 5181 874 5236 de
913 5179 1138 5239 benedictionem
1152 5185 1230 5234 stans
1244 5178 1390 5234 humiliter
1401 5195 1431 5234 se
1447 5177 1573 5242 inclinat,
1588 5175 1662 5247 quod
1674 5173 1715 5228 ni·

64 5282 136 5348 potu
163 5274 209 5329 rel
230 5273 346 5328 hunnido
361 5271 422 5327 cibo
445 5275 556 5327 tantum
571 5271 702 5326 elluderit
719 5271 794 5343 quod
808 5269 875 5325 buc·
916 5270 1069 5326 hilomiuus
1091 5269 1210 5340 quisque
1224 5267 1362 5335 observat,
1379 5265 1427 5338 qui
1451 5265 1604 5336 quidquam
1626 5261 1714 5318 mini·

99 5397 185 5470 (103)
201 5399 322 5452 ilicium
335 5395 417 5468 panis
428 5402 457 5449 et
469 5395 564 5450 vinum
579 5394 677 5451 lectori
697 5395 733 5450 nd
745 5410 872 5450 mensam
914 5398 1103 5462 consecratus,
1117 5393 1152 5448 de
1167 5408 1222 5464 quo
1236 5391 1320 5447 inira.
1580 5457 1586 5470 ι
1644 5457 1650 5472 .

64 5469 255 5528 servitoribus
267 5467 298 5523 in
312 5468 411 5538 regula
424 5467 454 5522 S.
469 5467 500 5522 B.
517 5482 657 5522 concessa.
951 5462 1020 5536 (too)
1034 5465 1160 5534 Scyphos
1170 5467 1298 5532 justitia,
1315 5461 1388 5517 idem
1405 5459 1478 5531 quod
1499 5473 1548 5513 vas
1561 5473 1714 5528 vinarium,

100 5540 184 5617 (tot)
214 5541 321 5608 otuu,
336 5553 418 5612 panis
443 5537 472 5593 iu
494 5536 583 5595 missa
610 5537 731 5611 oblatus,
744 5537 794 5595 sed
814 5553 872 5595 non
914 5536 1127 5610 quodjustitta,
1142 5551 1192 5590 seu
1202 5537 1282 5607 justo
1294 5532 1477 5606 appellatum.
