3856 6176
202 295 255 354 391
692 293 725 350 Β.
744 291 955 354 LANFRANGI
974 291 1154 353 CANTUAR.
1173 289 1343 351 Ancurae.
1764 297 1812 358 ult

201 419 355 478 Intuemini
368 424 462 477 autem
479 422 600 491 quantus
614 417 652 475 sit
667 418 722 488 hic,
736 421 781 476 cui
791 427 820 478 et
829 423 951 479 decimas
962 421 1040 478 dedit
1053 419 1088 474 de
1103 418 1253 492 praecipuis
1264 417 1588 491 Abrahampatriarche.
1597 419 1772 494 thuideml.
1782 427 1813 482 de

200 509 266 564 filiis
276 509 343 566 Levi
353 507 725 579 sacerdotiumeccipientes,
738 511 902 566 mandatum
913 511 1020 566 habens
1034 508 1157 563 decimas
1167 525 1279 564 sumere
1294 526 1312 564 a
1326 509 1430 580 populo
1442 509 1596 564 secundum
1612 511 1737 582 legem‚id
1749 521 1787 570 est
1800 533 1815 570 a

201 597 336 653 fratribus
350 597 418 664 suis,
435 611 595 668 quenquam
616 601 646 650 et
656 596 709 668 ipsi
723 597 846 655 exierint
859 599 1009 654 delumbis
1023 597 1151 653 Abrahae.
1163 598 1251 669 Cujus
1264 604 1358 653 autem
1369 598 1513 670 generatio
1527 616 1583 654 non
1593 604 1815 660 annumeraturin

200 686 251 754 eis,
264 686 386 741 decimas
400 685 521 758 sumpsit
535 685 570 740 ab
582 685 734 750 Abraham,
751 693 780 742 et
794 688 927 760 huncqui
941 687 1065 743 habebat
1077 687 1310 760 repromissiones
1319 677 1472 743 benedixit.
1483 689 1509 744 5.
1522 689 1587 744 Sine
1601 690 1655 744 ulla
1664 697 1750 746 autem
1760 710 1815 748 con·

200 774 378 841 mediatione,
401 774 476 846 quod
498 774 591 829 minus
606 780 649 829 εει
663 791 680 828 a
694 775 810 831 meliore
826 776 1009 832 benedicitur.
1027 776 1061 831 Et
1074 775 1120 830 hic
1134 775 1258 846 quidem,
1274 773 1300 832 6,
1318 777 1440 832 decimas
1454 777 1606 832 morientes
1618 778 1739 834 homines
1752 782 1816 836 acci·

201 861 300 934 piunt,
317 861 356 917 ibi
370 868 465 918 autern
483 867 658 917 contestatur
670 863 736 934 quia
750 865 828 921 civit.
848 866 883 920 Et
895 867 941 934 (ut
951 866 992 921 ita
1006 864 1111 921 dictum
1126 863 1176 932 sit)
1190 879 1240 936 per
1250 864 1393 919 Abraham
1407 870 1437 920 et
1448 865 1575 938 Ievi,qui
1585 867 1702 922 decimas
1713 869 1816 941 accipit,

201 951 358 1007 decimatus
372 956 434 1018 est;
452 951 544 1006 adhuc
557 951 630 1005 enim
647 951 676 1005 in
687 951 790 1006 lumbis
805 953 893 1024 patris
907 959 980 1024 erat,
997 943 1108 1026 quando
1121 952 1243 1007 obviavit
1255 954 1280 1007 ei
1290 954 1501 1010 Melchisedech.
1511 955 1537 1021 7,
1547 952 1577 1012 8.
1588 955 1618 1010 Si
1632 973 1816 1028 ergoconsum-

201 1041 289 1096 metio
303 1057 354 1112 per
363 1039 551 1094 sacerdotium
562 1039 716 1094 Leviticum
733 1045 794 1096 erat
819 1043 948 1114 (populus
964 1042 1039 1098 enim
1057 1040 1109 1097 sub
1130 1041 1191 1114 ipso
1210 1043 1300 1113 legem
1313 1041 1434 1115 accepit)
1447 1043 1515 1116 quid
1534 1044 1625 1100 adhuc
1644 1047 1818 1102 necessarium

202 1130 255 1186 iuit
270 1129 424 1185 secundum
440 1128 568 1184 ordinem
583 1128 784 1184 Melchisedech
801 1131 887 1185 alium
901 1147 1017 1202 surgere
1032 1131 1216 1198 sacerdotem,
1235 1137 1263 1186 et
1273 1147 1329 1186 nou
1341 1133 1495 1187 secundum
1512 1132 1639 1188 ordinem
1651 1135 1740 1189 Aaron
1751 1135 1821 1190 dici?

201 1220 350 1276 Translate
360 1217 434 1273 enim
451 1217 618 1280 sacerdotio,
630 1233 743 1273 necesse
758 1225 801 1274 εει
813 1224 845 1274 ut
860 1226 888 1273 ct
902 1219 972 1290 legis
985 1219 1134 1274 translatio
1143 1220 1203 1274 frat.
1215 1220 1248 1275 ln
1263 1237 1318 1293 quo
1333 1221 1407 1276 enim
1418 1221 1476 1276 haec
1490 1221 1631 1289 dicuntur,
1643 1221 1677 1278 de
1689 1223 1741 1278 alia
1754 1223 1820 1278 tribu

203 1312 246 1364 est
260 1309 294 1364 de
307 1323 363 1380 qua
372 1307 467 1362 nullus
482 1305 565 1360 altari
580 1312 682 1377 praesto
691 1307 753 1362 suit.
765 1307 946 1363 Manifestum
961 1312 1003 1362 est
1016 1307 1092 1362 enirn
1109 1309 1183 1378 quod
1197 1325 1231 1364 ex
1246 1309 1319 1364 luda
1332 1315 1411 1365 ortus
1426 1309 1463 1364 sit
1478 1310 1724 1379 Dominusnoster3
1734 1312 1761 1366 in
1774 1328 1823 1383 qua

202 1395 279 1450 tribu
288 1396 359 1450 nihil
371 1395 405 1449 de
424 1383 847 1466 sacerdotibusMoyseslocutus
855 1397 945 1450 est.Et
955 1397 1077 1467 amplius
1086 1397 1178 1451 adhuc
1188 1397 1369 1452 manifestum
1381 1399 1451 1453 estsi
1461 1399 1616 1454 secundum
1624 1399 1822 1455 similitudinem

200 1484 410 1540 Melchisedech
424 1489 554 1554 exsurgat
568 1483 641 1537 alius
655 1485 846 1556 sacerdos,qui
863 1484 960 1540 nonS.
973 1485 1128 1540 secundum
1139 1486 1231 1556 legem
1239 1485 1365 1540 mandati
1378 1487 1500 1542 carnalis
1514 1487 1607 1543 factus
1617 1493 1668 1556 cst,
1679 1487 1823 1546 secluse-

203 1574 327 1629 cundum
343 1572 476 1628 uirtutem
489 1571 722 1627 vitaeinsolubilis.
738 1571 1058 1630 ll.00ntesteturenim
1071 1592 1077 1628 ε
1091 1573 1229 1638 Quoniam
1244 1579 1275 1629 tu
1290 1591 1320 1629 es
1335 1575 1466 1630 sacerdos
1475 1575 1505 1631 in
1519 1581 1668 1632 aeternum.
1682 1577 1720 1634 lt.
1734 1595 1824 1634 secuu-

203 1663 270 1718 dum
287 1663 414 1718 ordinem
426 1661 816 1733 Melchisedectheprobatio
825 1663 937 1735 quidem
947 1662 1168 1734 irtpraeccdentis
1179 1664 1316 1729 mandati,
1332 1670 1448 1736 propter
1462 1665 1502 1720 l3.
1517 1666 1711 1722 infirmitatem
1732 1669 1788 1738 ejus
1801 1673 1826 1721 et

205 1751 457 1819 tanechildem,
474 1751 546 1805 nihil
563 1751 637 1806 cuim
648 1751 683 1805 ad
699 1753 853 1823 perfectum
867 1751 984 1807 adduxit
995 1751 1039 1805 lex
1049 1749 1106 1816 lia,
1117 1751 1287 1806 introductio
1298 1767 1363 1806 vero
1378 1753 1503 1808 melioris
1514 1754 1583 1825 spei,
1594 1771 1646 1826 per
1659 1771 1739 1825 quarn
1746 1756 1826 1827 prori-

203 1855 316 1895 mamur
325 1841 361 1896 ad
369 1839 469 1895 Deum.
482 1840 517 1894 lit
528 1845 665 1911 quantum
682 1847 724 1894 est
735 1856 791 1895 non
802 1840 862 1896 sinc
869 1840 1055 1912 jurejurando
1064 1840 1121 1910 (alii
1132 1839 1245 1912 quidem
1254 1840 1315 1896 sine
1322 1841 1511 1913 jurejurando
1523 1845 1682 1900 sacerdotes
1690 1845 1825 1912 factisuut3

202 1927 248 1984 hic
262 1933 358 1985 autem
371 1945 434 1984 curn
445 1928 641 1999 jurejurando,
653 1945 705 2001 per
718 1945 783 1985 eum
798 1930 846 2001 qui
860 1929 931 1984 dixit
944 1930 981 1984 ad
994 1929 1074 1984 illurn
1091 1948 1096 1983 :
1112 1929 1222 1984 iuravit
1231 1929 1378 2000 Dominus,
1388 1937 1418 1986 et
1433 1948 1488 1987 non
1504 1933 1653 2004 poenitebit
1664 1949 1727 1989 euru
1738 1951 1744 1988 :
1755 1934 1793 1989 Tu
1802 1950 1827 1988 es

876 2125 1173 2184 COMMENTARIUS.

237 2310 263 2366 i.
285 2311 322 2364 Da
335 2310 405 2378 filiis
419 2307 488 2362 Levi.
506 2306 547 2362 De
562 2304 700 2378 superiori
712 2306 853 2362 sententie
866 2306 920 2362 hoc
934 2303 1136 2377 oin-Afactus
1149 2305 1280 2362 sacerdos
1299 2307 1453 2363 secundum
1477 2307 1570 2380 legem
1592 2308 1761 2374 ludaeorum,
1776 2323 1831 2380 quae

202 2401 283 2457 citur.
305 2397 391 2463 Quasi
418 2395 520 2468 aliquis
538 2395 644 2451 diceret
670 2414 677 2450 ε
704 2396 767 2450 Non
787 2400 865 2467 potes
885 2395 1004 2468 probare
1044 2395 1173 2450 carnales
1196 2396 1407 2452 observationes
1425 2397 1617 2470 precipiebat,
1637 2397 1703 2470 quia
1720 2415 1773 2453 non
1795 2403 1832 2452 est

204 2486 410 2546 Melchisedech
437 2501 488 2557 per
505 2485 559 2540 hoc
586 2484 760 2556 superiorem
792 2484 911 2540 Abrahae
938 2484 1005 2557 quia
1044 2485 1080 2539 de
1089 2484 1165 2540 tribu
1175 2485 1249 2550 Levi,
1260 2486 1573 2558 undesecerdoteseligi
1583 2486 1647 2560 ipsa
1660 2487 1703 2542 lex
1710 2487 1830 2559 jubebat,

203 2577 326 2634 decimas
345 2575 380 2630 ab
406 2591 439 2630 eo
468 2573 582 2646 accepit,
607 2573 674 2644 quia
692 2573 852 2628 sacerdotes
874 2572 908 2628 de
929 2572 1004 2628 tribu
1046 2574 1260 2630 sedsecundum
1280 2577 1353 2648 quod
1368 2577 1475 2648 placuit
1493 2577 1590 2632 virtuti
1605 2577 1757 2632 divinitatis
1772 2593 1832 2642 sue,

201 2665 268 2724 Levi
300 2665 336 2721 ab
362 2664 425 2718 aliis
443 2663 571 2718 tribubus
590 2663 745 2717 secuudum
773 2663 863 2734 legem
882 2662 1005 2718 decimes
1046 2662 1076 2718 iu
1091 2680 1147 2735 qua
1161 2669 1190 2719 et
1203 2681 1236 2719 ex
1250 2681 1306 2736 qua
1319 2672 1364 2720 est
1376 2666 1434 2720 rita
1448 2665 1617 2734 insolubilis,
1628 2666 1657 2721 id
1667 2673 1719 2734 est,
1729 2671 1833 2730 aeterna,

203 2753 353 2827 accipiunt,
375 2754 478 2808 fratres
497 2752 602 2806 scilicet
617 2751 790 2819 alratribus,
808 2757 837 2806 et
849 2752 1005 2824 coaequales
1046 2768 1109 2823 quoe
1125 2758 1214 2808 morte
1225 2753 1429 2810 interveniente
1445 2771 1502 2810 non
1516 2753 1644 2810 solvitur.
1662 2755 1758 2810 Aliter.
1778 2755 1834 2810 Non

205 2861 222 2898 a
241 2841 437 2914 coaequalibus.
1047 2847 1090 2896 cst
1103 2842 1193 2897 lactus
1212 2843 1342 2898 sacerdos
1365 2844 1440 2898 utin
1460 2844 1607 2899 sacrificiis
1623 2843 1783 2900 observaret
1799 2843 1836 2897 vel

239 2929 265 2987 5.
282 2931 350 2986 Sine
363 2933 423 2984 ullo
434 2933 538 2984 eutem.
552 2927 717 3000 Responsio,
726 2927 791 2982 novi
805 2927 847 2982 ita
860 2943 932 2983 esse.
951 2927 1006 2983 Sed
1047 2928 1188 2985 obseruari
1211 2931 1375 3003 preciperet
1395 2933 1520 2988 carnalia
1538 2938 1679 3006 praecepte
1694 2933 1770 3005 legis,
1792 2931 1837 2986 sed

203 3019 407 3076 Melchisedech
421 3033 476 3073 nou
490 3017 687 3073 tautummodo
701 3017 944 3089 decimasaccepit,
956 3016 1006 3071 sed
1046 3018 1222 3091 spiritualem
1232 3020 1459 3092 intelligentiam,
1470 3039 1532 3094 quae
1546 3028 1591 3077 est
1600 3023 1690 3078 uirtus
1700 3039 1749 3094 per
1759 3037 1837 3094 quam

204 3109 289 3164 etiam
309 3108 452 3163 Abraham
476 3098 630 3171 benedixit,
658 3121 690 3160 ac
712 3123 764 3178 per
785 3107 838 3160 hoc
865 3106 927 3160 sine
945 3105 1006 3160 ulla
1046 3107 1130 3164 datur
1144 3108 1200 3163 vita
1214 3108 1374 3165 insolubilis
1389 3112 1510 3166 :Littera
1523 3115 1599 3167 enim
1615 3113 1835 3182 occidit,spiritus

203 3195 423 3252 contradictione
437 3197 528 3266 major
546 3211 579 3249 eo
599 3199 651 3262 est,
668 3194 735 3266 quie
752 3194 845 3249 minor
857 3211 875 3249 e
888 3194 1004 3249 meliore
1044 3201 1138 3252 oratam
1152 3199 1282 3266 sinificet.

204 3302 316 3358 semper
326 3283 512 3341 benedicitur.
1000 3351 1005 3361 .
1080 3283 1125 3340 10.
1137 3287 1264 3344 Ausees.
1281 3286 1440 3343 Secundum
1453 3289 1596 3356 uirtutem,
1612 3291 1643 3346 id
1657 3294 1709 3358 est,
1720 3289 1801 3344 ritem
1812 3286 1838 3341 in

236 3373 262 3429 6.
275 3375 398 3429 Decianus
408 3375 567 3428 morientes.
581 3371 667 3436 Quasi
677 3370 803 3426 diceret:
822 3371 1002 3426 Perhocnon
1044 3373 1195 3446 semetipso
1216 3375 1324 3432 habens
1342 3375 1534 3434 insolubilem.
1563 3378 1699 3443 Quemvis
1718 3378 1789 3434 enirn
1806 3375 1838 3430 ad

202 3477 353 3534 possumus
372 3460 529 3533 approbare
543 3460 749 3515 Melchisedech
763 3460 849 3516 luisse
858 3460 1003 3514 immorte-
1043 3467 1156 3534 tempus
1170 3468 1300 3520 mortuus
1310 3470 1353 3520 est
1367 3481 1461 3526 cerne.
1474 3471 1569 3522 tamen
1583 3468 1614 3524 in
1629 3473 1765 3525 aeternum
1778 3464 1840 3522 divi·

201 3550 268 3616 lem,
283 3549 311 3603 id
327 3551 379 3616 est,
389 3547 561 3619 significasse
575 3547 777 3614 immortalem,
798 3548 864 3620 quia
880 3547 1004 3602 decimas
1045 3551 1135 3606 nitate
1150 3551 1223 3607 vivit.

202 3638 345 3695 Abraham
364 3635 484 3708 accepit;
501 3636 568 3708 quie
579 3635 625 3690 hic
639 3636 771 3701 etiamid
784 3642 836 3700 cst,
854 3637 883 3690 in
897 3637 959 3708 lege
974 3631 1034 3692 etB
1081 3638 1123 3696 ll.
1137 3641 1432 3699 narentanorum.
1444 3643 1728 3703 Probatauctoritate
1742 3645 1838 3710 diune,

203 3727 359 3784 sacerdotio
374 3725 656 3781 Leviticomorientes
665 3725 795 3780 homines
806 3724 929 3780 decimas
937 3726 1008 3780 acci-
1048 3727 1115 3798 quia
1129 3729 1282 3785 secundum
1296 3730 1509 3787 similitudinem
1525 3733 1742 3804 Melchisedech,
1753 3749 1840 3790 exsur-

203 3815 294 3890 piuut.
310 3815 365 3871 Sed
378 3813 426 3882 ibi,
438 3815 490 3869 hoc
500 3819 545 3869 est
558 3813 605 3869 ubi
619 3813 680 3869 sine
690 3819 771 3886 patre
785 3819 814 3869 et
828 3817 927 3869 matre.
945 3814 1007 3870 sine
1047 3815 1120 3870 rexit
1134 3816 1206 3871 elius
1220 3816 1359 3875 sacerdos.
1436 3875 1437 3880 .

205 3905 287 3961 initio
301 3909 331 3960 et
344 3905 400 3958 line
413 3902 525 3958 dierum
541 3902 686 3974 Scriptura
704 3918 768 3958 eum
782 3909 1003 3972 commemoret;
1081 3903 1126 3960 le.
1146 3906 1268 3962 Annuus.
1278 3909 1435 3964 Secundum
1446 3911 1573 3965 ordinem
1584 3912 1784 3968 Melchisedech.
1795 3909 1841 3966 Or·

208 3999 305 4066 aperte
316 3997 491 4048 contestatur
504 3991 566 4064 ipsa
580 3991 726 4063 Scriptura
742 3991 809 4062 quia
819 3991 896 4059 vicit,
907 3990 937 4047 id
951 3997 1003 4060 est,
1046 3993 1139 4048 dinem
1153 3999 1248 4050 autem
1261 3997 1322 4067 ejus
1334 3998 1431 4054 multis
1445 3999 1536 4054 modis
1554 4000 1760 4074 interpretatur
1772 3998 1841 4073 quod

202 4083 341 4139 viventem
360 4087 389 4138 et
402 4081 593 4136 immortalem
603 4080 752 4152 significat.
1045 4082 1122 4138 solus
1136 4087 1166 4137 et
1179 4101 1228 4138 rex
1247 4084 1301 4140 suit
1314 4091 1343 4141 et
1356 4087 1496 4150 sacerdos.
1512 4093 1580 4144 ante
1605 4090 1840 4147 circumcisionem

239 4171 267 4229 7.
283 4172 315 4229 Si
327 4187 390 4241 erpo
412 4173 623 4226 consummatio.
642 4169 671 4225 Si
691 4169 794 4241 inquit,
811 4170 855 4226 lex
871 4186 1003 4226 consum·
1045 4169 1160 4226 iunctus
1176 4173 1342 4242 sacerdotio,
1359 4181 1392 4230 ut
1405 4193 1462 4231 non
1475 4193 1544 4246 gens
1559 4195 1592 4234 ex
1605 4180 1723 4247 ludaeis,
1738 4179 1786 4235 sed
1799 4178 1842 4234 lu·

201 4267 288 4328 mate,
304 4260 333 4316 id
346 4265 401 4329 est,
411 4259 544 4333 perlecta,
560 4275 617 4314 non
633 4259 769 4314 mutanda
787 4260 837 4315 sed
852 4276 942 4331 usque
965 4260 1002 4315 ad
1042 4258 1095 4314 daei
1108 4276 1141 4315 ex
1154 4261 1286 4332 gentibus
1297 4264 1484 4322 sacerdotium
1500 4276 1682 4340 acceperunt.

153 4374 156 4380 ·
203 4353 290 4408 linem
304 4349 399 4406 seculi
413 4363 601 4420 permansura
611 4353 641 4413 ᾖ
650 4354 667 4411 Ι
676 4353 788 4417 &erat
797 4348 864 4403 date
874 4350 1001 4421 perillud
1081 4346 1121 4405 13.
1138 4349 1241 4404 Linea.
1258 4354 1467 4420 Infirmitatem.
1480 4355 1568 4412 Vetus
1582 4358 1628 4412 lox
1643 4358 1757 4413 intirme
1771 4360 1837 4420 erat,

203 4448 317 4513 tempus
327 4455 382 4511 quo
390 4438 575 4493 constitutum
585 4443 628 4492 est
637 4437 825 4493 secerdotium
834 4437 999 4505 Leviticum,
1041 4436 1109 4507 quia
1122 4438 1278 4494 cultoribus
1303 4441 1362 4496 suis
1381 4443 1532 4514 perlectam
1549 4446 1694 4516 justitiam
1709 4448 1776 4502 dare
1788 4462 1840 4500 non

204 4546 255 4585 cur
268 4528 344 4584 aliud
357 4526 546 4582 secerdotium
566 4525 719 4596 subrogati
734 4526 806 4591 Quia
816 4526 890 4581 enim
905 4527 999 4596 simul,
1042 4531 1163 4598 poterat.
1173 4527 1203 4583 Si
1215 4529 1289 4584 enirn
1305 4530 1428 4586 cultores
1441 4534 1501 4604 ejus
1511 4535 1636 4605 perfecte
1649 4537 1721 4608 J'usti
1740 4541 1838 4599 essent,

204 4623 234 4673 et
248 4615 402 4682 abeodem,
414 4620 442 4670 et
456 4615 507 4670 sub
522 4615 619 4670 eadem
636 4614 784 4686 sponsione
794 4621 915 4686 utraque
934 4617 1002 4672 data
1042 4619 1107 4686 post
1120 4621 1239 4672 mortem
1248 4618 1344 4674 statim
1359 4622 1486 4692 requiem
1494 4622 1619 4680 habituri
1635 4626 1738 4681 caelum
1752 4640 1843 4680 ascen·

205 4711 285 4774 sunt,
302 4704 376 4776 quod
395 4703 430 4757 de
456 4717 513 4756 uno
533 4702 646 4769 dicitur,
668 4701 702 4757 de
718 4703 808 4758 altero
826 4720 940 4759 necesse
959 4709 1003 4759 est
1042 4703 1151 4758 decent.
1166 4705 1219 4760 Sed
1239 4711 1302 4761 erat
1316 4724 1366 4779 per
1380 4711 1441 4780 ejus
1463 4709 1671 4769 obsenanciam
1684 4712 1842 4785 justificatio

192 4794 387 4864 intelligatur.
401 4792 472 4847 Tota
489 4789 565 4845 enirn
584 4789 657 4845 ratio
676 4790 716 4846 sic
733 4792 859 4864 procedit
881 4792 934 4848 :Si
954 4793 1001 4848 lex
1041 4793 1187 4863 nonnulla,
1218 4801 1397 4866 peccatorum
1412 4799 1540 4855 remissio
1554 4802 1663 4874 aliqua,
1680 4819 1738 4859 non
1753 4809 1843 4858 tamen

204 4882 504 4954 eratpermensura,et
520 4879 720 4946 sacerdotium,
735 4880 784 4934 sad
799 4880 998 4949 sacerdotium,
1041 4881 1135 4952 plena.
1217 4922 1223 4928 .

201 4972 381 5036 transfertur,
396 4969 441 5024 lex
458 4972 553 5023 eutem
572 4983 685 5023 necesse
704 4974 747 5024 est
760 4969 957 5024 transferatur.
1018 4950 1040 5011 C
1081 4970 1124 5027 ιι.
1140 4973 1283 5028 inutilem.
1300 4975 1404 5031 Inutile
1414 4976 1470 5032 fuit
1488 4984 1552 5050 post
1565 4979 1721 5037 adventum
1741 4979 1843 5037 Christi

236 5060 264 5116 8.
279 5057 447 5117 maesse
455 5073 518 5127 erpo
527 5060 737 5112 consarnmcta'o.
750 5057 780 5113 Si
786 5058 998 5126 consummatio,
1042 5059 1191 5116 observare
1200 5077 1302 5134 eaquae
1312 5063 1375 5120 ideo
1386 5066 1502 5130 hebent,
1512 5075 1545 5124 ut
1554 5087 1586 5125 ee
1596 5087 1661 5142 quae
1674 5087 1751 5126 nunc
1763 5072 1840 5136 fiunt,

202 5152 294 5218 idest,
310 5149 465 5221 periectum
479 5146 668 5201 sacerdotium
684 5146 838 5202 Leviticum
858 5147 920 5215 suit,
932 5148 1000 5220 quid
1040 5148 1225 5220 praedicerent
1239 5168 1300 5207 esse
1314 5153 1418 5211 futura.

201 5252 315 5294 necesse
334 5233 390 5289 suit
408 5231 494 5286 alium
513 5247 629 5302 surgere
648 5232 841 5287 sacerdotem?
860 5233 891 5288 Si
912 5232 999 5304 igitur
1073 5236 1252 5295 ihAunnos.
1265 5244 1451 5304 introductio.
1464 5245 1570 5301 llabuit
1584 5247 1693 5320 quippe
1708 5267 1740 5304 ex
1755 5266 1842 5322 spem,

201 5323 348 5384 sacerdotii
368 5320 594 5389 translationem,
613 5337 727 5376 necesse
745 5326 789 5377 est
807 5329 835 5377 et
849 5321 918 5394 legis
937 5339 998 5378 esse
1039 5327 1087 5383 sed
1102 5329 1270 5386 nonmlem:
1286 5332 1439 5403 sperabant
1458 5335 1532 5390 enim
1548 5335 1620 5391 bene
1636 5339 1794 5409 placentes,
1817 5345 1844 5393 et

200 5413 434 5481 translationem,
458 5426 550 5482 neque
574 5414 666 5482 potest
679 5411 810 5466 sacerdos
829 5411 890 5467 sine
910 5417 998 5468 testa-
1037 5415 1129 5487 legem
1155 5418 1207 5472 Dei
1233 5421 1422 5478 custodientes
1449 5425 1593 5495 possidere
1617 5432 1741 5497 terrem,
1771 5427 1840 5483 nihil

201 5509 296 5563 mento
314 5519 385 5558 esse.
1035 5521 1225 5562 erumnosum
1241 5509 1310 5580 pati;
1321 5512 1480 5583 evangelica
1496 5519 1590 5570 autem
1600 5523 1843 5590 praeceptacusto·

236 5592 263 5653 9.
283 5593 387 5650 Linea.
416 5588 574 5646 Secundum
598 5590 693 5659 lenem.
721 5588 849 5646 Christus
873 5607 930 5648 non
953 5597 997 5649 est
1036 5593 1154 5664 dientes,
1169 5611 1226 5654 non
1242 5602 1349 5656 terrem
1365 5608 1483 5674 sperent
1497 5603 1652 5677 possidere,
1666 5607 1717 5664 sed
1730 5607 1841 5662 coelum.
