3896 6170
245 225 313 296 taes
773 222 947 304 ourpours
965 221 1119 304 annuns
1138 221 1337 292 remnnsrs
1775 232 1825 289 nu

246 357 358 424 pentur.
374 350 502 416 Quiveru
512 355 573 414 tam
597 345 697 416 debilis
720 351 774 410 est,
789 345 836 417 qui
850 346 904 401 hoc
919 346 1043 400 cilicium
1051 349 1077 408 Α
1122 345 1149 417 ir.
1163 347 1363 417 Pontillcisque
1377 346 1462 400 simul
1473 347 1584 402 Martini
1593 351 1651 419 jure
1663 356 1759 409 verendi

247 457 330 512 agere
344 455 400 494 non
423 438 507 502 valet,
523 435 604 489 tratri
620 440 775 506 prenotato
789 441 930 505 suggerat.
943 442 976 489 ut
989 433 1042 488 sibi
1120 435 1152 499 i.
1168 437 1224 490 Ars
1242 435 1336 500 micat,
1347 435 1422 490 claro
1443 435 1560 490 nimium
1573 437 1833 512 decoraminecompta.

246 531 355 586 efficere
365 527 466 588 valeat,
481 525 684 596 propterquod
700 523 817 595 angulis
828 541 985 595 ,congruum
1001 529 1044 578 est
1122 525 1153 592 it.
1169 523 1207 578 Et
1219 523 1296 578 vobis
1310 541 1439 596 proceres
1455 524 1532 580 rutili
1541 525 1592 580 hoe
1604 527 1683 582 altare
1693 537 1809 584 moratum

245 617 279 671 de
294 617 346 670 hae
360 631 390 669 re
405 613 458 668 sibi
469 613 630 684 eximplere.
644 614 714 667 Num
727 612 788 682 ipsa
800 601 916 684 lympha
934 612 968 666 de
988 628 1043 682 qua
1121 613 1148 686 p.
1162 614 1271 668 Summi
1284 621 1390 686 mystes
1411 613 1521 668 Domini
1544 615 1667 682 loannes,
1677 617 1769 680 imolae,
1782 620 1835 673 l'lro

245 705 340 759 lavare
353 719 450 757 omnes
460 701 572 766 debent,
589 700 676 756 ullum
698 707 810 772 tempus
826 717 881 754 non
895 706 1045 772 pretereat
1736 705 1794 780 [nn

246 809 302 864 quo
313 792 382 846 satis
394 807 450 845 non
465 791 509 856 sit,
525 806 609 860 quam
620 791 668 843 ille
680 789 768 844 irater
780 789 832 843 sub
844 805 901 844 una
916 806 984 844 cura
996 790 1045 844 ha·
1121 798 1149 860 p.
1162 791 1357 864 Gregoriique,
1371 790 1521 862 Augustini
1536 791 1587 846 sub
1600 801 1717 848 onomate
1726 796 1793 849 sacri.

244 880 321 945 beat,
337 881 381 934 cui
393 879 549 950 injunctum
566 883 608 932 est
618 879 749 932 horreum
761 896 767 942 ς
785 883 813 931 et
824 877 990 931 linteamina
1000 893 1043 931 co·
1120 879 1149 954 p,
1163 881 1279 950 Taurini
1294 897 1345 935 nec
1360 897 1415 934 non
1429 880 1594 936 confessoris
1607 883 1750 937 venerandi,

246 968 403 1042 quiuaeipse
415 984 527 1037 semper
540 967 667 1038 accipiat,
684 972 769 1036 atque
784 983 874 1036 perse
901 967 1040 1020 restituat.
1120 969 1149 1042 p.
1165 971 1224 1024 lloc
1238 972 1327 1026 altare
1337 971 1409 1024 nitet
1418 969 1531 1024 Domini
1542 970 1641 1041 pietate
1652 971 1766 1027 dicatum.

246 1056 395 1114 Refectorii
410 1055 513 1128 quippe
529 1055 667 1109 mensales
680 1060 709 1108 et
733 1055 827 1116 zallas,
843 1061 928 1125 atque
943 1055 1044 1108 lintea-
1121 1059 1150 1134 p
1163 1061 1186 1115 0
1200 1059 1356 1115 benedicite
1369 1057 1454 1114 Pater
1471 1059 1598 1114 columen
1618 1059 1670 1114 dux
1682 1067 1708 1115 et
1724 1063 1837 1116 monneto

247 1147 333 1208 mina,
350 1145 451 1217 quibus
462 1144 587 1198 seniores
601 1159 700 1198 manus
713 1149 838 1214 tergunt,
855 1159 888 1197 ex
900 1143 1045 1197 refectorio
1085 1164 1158 1202 rum.

247 1237 367 1308 accipiat
380 1241 409 1290 et
418 1235 512 1288 lavare
526 1233 618 1298 saciat,
628 1233 700 1288 etad
710 1233 801 1304 ipsum
814 1231 931 1287 fratrem
945 1248 1045 1286 recon-
1122 1237 1149 1310 i·
1164 1236 1338 1292 Columbane
1357 1237 1465 1292 micans
1479 1237 1565 1304 udus,
1579 1237 1665 1292 dulcis
1675 1238 1786 1292 Filibene
1795 1239 1835 1312 [ol.

247 1325 348 1397 signet.
362 1325 400 1378 Ex
409 1323 585 1376 intirmorum
597 1322 681 1376 domo
705 1327 800 1375 sumat
821 1321 867 1375 ille
881 1321 978 1384 irater,
999 1321 1043 1390 cui
1085 1325 1205 1396 lberiae.]

244 1417 340 1488 ipsum
362 1412 526 1483 obsequium
555 1412 713 1481 iniunctum
738 1417 789 1475 est,
811 1411 939 1465 mantilia
959 1417 1043 1481 atque
1119 1413 1150 1487 it.
1167 1413 1289 1485 Nomine
1303 1413 1437 1469 mellilluo
1449 1421 1545 1486 nostro
1555 1415 1651 1469 domus
1660 1414 1821 1484 islaresulget

248 1503 342 1569 zallas,
354 1511 383 1557 et
397 1501 498 1556 reddat
507 1501 531 1555 ei
547 1500 708 1571 supradicto
724 1499 858 1553 olllciario
874 1501 910 1554 ad
926 1490 1044 1554 abluen·
1210 1507 1243 1559 ln
1253 1507 1406 1572 posteriorc
1422 1508 1514 1558 cram
1524 1507 1577 1557 isto
1588 1506 1746 1558 seminatur.

247 1593 437 1659 dum,utcum
452 1587 691 1644 lotusucrintsibi
709 1587 903 1643 restituantur.
921 1587 1043 1642 Sabbuto
1119 1595 1193 1648 Crux
1209 1593 1389 1664 parvulorum
1417 1599 1521 1648 custos.
1546 1581 1620 1648 Crux
1649 1593 1758 1646 virorum
1769 1597 1841 1662 caput.

248 1681 294 1736 die
316 1678 493 1738 adveniente,
514 1679 538 1731 si
564 1678 652 1731 semel
672 1675 854 1740 comederint,
875 1691 940 1730 mox
960 1683 991 1730 ut
1009 1677 1157 1760 deBCrux
1174 1697 1273 1735 senum
1288 1681 1360 1735 finis.
1376 1683 1452 1735 Crux
1473 1679 1569 1736 lumen
1590 1681 1618 1734 in
1644 1679 1757 1735 tenebris
1768 1680 1844 1734 seden-

247 1769 395 1825 refectorio
411 1767 539 1829 exierint,
556 1765 650 1820 veniat
679 1765 810 1836 praesatus
829 1765 916 1819 irater
939 1771 1044 1832 etcum
1084 1771 1167 1826 tium.
1188 1769 1368 1840 Cruxregum
1388 1769 1790 1841 magnificentiaCruxscutum
1802 1785 1846 1840 per·

247 1873 367 1913 numero
381 1856 500 1927 recipiat
509 1855 543 1909 de
554 1870 639 1908 manu
649 1854 754 1908 samuli.
770 1853 876 1908 Deinde
887 1853 1046 1924 precedant
1087 1871 1202 1932 peturnn
1222 1861 1296 1914 Crux
1307 1859 1514 1914 insensatorum
1525 1859 1672 1931 sapientia.
1684 1859 1749 1912 Crux
1758 1857 1846 1912 liberta

247 1947 382 2012 seniores,
395 1944 627 2015 etunusquisque
642 1960 694 1998 sua
717 1941 844 2014 accipiat.
872 1942 960 1997 Sibis
979 1942 1045 1996 ede·
1087 1949 1271 2004 servulorum.
1288 1949 1361 2002 Crux
1384 1947 1588 2019 imperator-uni
1610 1947 1779 2018 philosophia.
1793 1947 1847 2000 trux

247 2037 315 2102 rint,
332 2032 553 2107 resperilaciant
565 2031 802 2104 quemeumodum
815 2035 847 2086 ut
860 2047 955 2102 supra.
973 2031 1045 2084 Nam
1086 2039 1256 2108 templorum
1271 2037 1439 2094 destructio,
1463 2037 1536 2091 Crux
1561 2037 1605 2091 ier
1632 2035 1778 2108 impiorum,
1793 2036 1849 2089 Crux

247 2126 415 2181 vestimenta
430 2123 569 2177 infantum
596 2121 730 2191 magister
759 2121 872 2176 illorum
901 2119 1046 2190 acquirere
1086 2125 1226 2182 idolorum
1248 2127 1379 2198 repulsio.
1397 2127 1470 2182 Crux
1491 2126 1690 2197 prophetarum
1704 2125 1848 2196 praeconatio.

248 2216 332 2272 debet
345 2219 374 2268 et
386 2211 534 2267 restituere
544 2210 578 2264 ad
598 2227 646 2264 eos
660 2209 688 2264 in
708 2209 812 2276 schola,
823 2209 867 2262 vel
880 2209 914 2263 ad
930 2209 1046 2263 lectulos
1082 2217 1161 2271 Crux
1176 2215 1340 2269 scandulum
1351 2214 1522 2269 Judaeorum.
1540 2215 1616 2269 Crux
1626 2213 1751 2268 adunatio
1763 2219 1851 2282 aposto·

249 2307 398 2378 deportare
413 2318 475 2356 cum
491 2299 644 2370 aliquantis
663 2297 792 2369 deipsis.
813 2297 841 2352 si
866 2313 937 2369 opus
951 2297 1044 2363 luerit,
1087 2303 1279 2359 lorum.me
1302 2303 1423 2374 perditio
1444 2303 1608 2373 impiorum,
1633 2303 1704 2358 Crux
1726 2308 1852 2372 martirum

248 2399 342 2467 potest
350 2389 511 2446 cellerarius
525 2387 672 2443 sustollere
687 2386 848 2441 malleolum
859 2385 894 2440 de
908 2385 1045 2458 cymbalo.
1088 2392 1228 2462 gloriatio.
1247 2391 1321 2448 Crux
1336 2391 1499 2446 claudorum
1522 2391 1622 2447 virtus.
1638 2391 1708 2447 Crux
1731 2389 1852 2443 monacho-

247 2489 344 2550 tameu
355 2480 378 2535 si
393 2478 500 2548 aliquid
515 2476 615 2531 melius
630 2491 715 2546 quam
730 2473 806 2528 soliti
822 2479 888 2530 sunt
910 2491 1047 2545 praepara·
1089 2499 1152 2536 runi
1169 2481 1349 2537 abstinentia,
1367 2482 1441 2536 Crux
1455 2481 1654 2552 aegrotantium
1665 2480 1785 2535 medicus.
1798 2479 1854 2533 Crux

249 2571 351 2628 verint.
360 2571 432 2625 Nam
441 2567 593 2628 illelrater,
613 2564 661 2636 qui
675 2581 761 2635 super
776 2563 876 2618 horrea
890 2569 933 2618 est
947 2563 1048 2617 consti·
1089 2570 1363 2642 uirginumeustitns,
1373 2569 1447 2624 Crux
1459 2570 1607 2625 mundatio
1614 2571 1785 2641 leprosorum.
1796 2567 1854 2621 dms

248 2667 337 2725 tutus,
354 2659 443 2729 signa,
462 2672 524 2727 quas
548 2655 642 2709 danda
663 2658 731 2707 sunt
755 2669 805 2724 per
831 2652 968 2712 officinas,
987 2652 1048 2723 ipse
1088 2661 1223 2730 goudium
1239 2659 1425 2715 sacerdotum,
1443 2660 1516 2714 cmx
1531 2658 1738 2731 paraliticorum
1757 2657 1854 2727 sequte,
1922 2676 1923 2728 ἓ

249 2747 394 2824 procurari
409 2745 502 2807 (Sciit,
531 2743 606 2815 quod
625 2749 683 2798 mm
711 2741 832 2807 abunde,
848 2748 881 2795 ut
905 2757 960 2795 1¹⁰ss
973 2739 1047 2794 indi·
1088 2748 1535 2805 CruxEcclesiesundamentum.
1559 2750 1636 2804 Crux
1647 2747 1718 2802 orbis
1730 2752 1856 2802 terraeca-

249 2843 335 2912 gaunt
349 2835 471 2902 moneri3
492 2838 521 2888 et
535 2832 593 2904 ipse
614 2831 720 2886 diuidat
738 2847 788 2901 per
806 2845 1046 2902 unumquemque,
1090 2838 1154 2892 totu,

249 2933 353 3001 prater
361 2925 537 2980 intirmorum
546 2924 672 2984 domum,
691 2921 819 2993 inquam
834 2921 941 2985 famuli,
957 2916 1005 2992 qui
1020 2919 1049 2974 in
1409 2925 1527 2982 CAPUT
1536 2927 1567 2982 1„

248 3017 310 3090 ipso
320 3015 434 3072 servitio
442 3012 568 3086 deputati
585 3016 660 3082 sunt,
673 3015 823 3081 procurent
832 3009 980 3081 acquirere
986 3025 1048 3081 que
1302 3016 1479 3084 Duroliponte
1491 3022 1666 3070 sauctorum,

199 3177 200 3182 η
251 3105 292 3160 eis
306 3103 449 3160 sulliciant
1120 3102 1471 3174 inimaginesanotiPetri
1485 3099 1859 3170 continenturhareliquia:
1923 3083 1924 3132 ἶ

533 3188 650 3244 CAPUT
663 3187 757 3242 XLlX.
1090 3191 1182 3263 portio
1193 3191 1228 3246 de
1243 3207 1324 3246 cruce
1338 3191 1460 3257 Domini,
1477 3191 1556 3248 etde
1581 3197 1659 3246 veste
1673 3197 1769 3246 sanctae
1787 3187 1861 3243 ilaris

537 3280 575 3334 lle
585 3279 750 3331 somniariis.
1090 3280 1191 3334 matris
1199 3279 1325 3346 Domini,
1340 3286 1370 3334 et
1382 3280 1417 3335 de
1432 3280 1546 3351 proprio
1566 3297 1685 3353 corpore
1710 3273 1861 3334 sanctulteui

267 3383 321 3437 Seu
333 3379 465 3435 uersiculi
482 3377 604 3446 qualiter
618 3379 682 3428 sunl
698 3375 889 3427 conscribendi
902 3377 934 3427 in
948 3375 1031 3438 colice
1090 3369 1218 3440 apostoli,
1230 3369 1300 3424 atde
1311 3368 1493 3423 carnesancti
1503 3367 1603 3424 iacobi
1625 3362 1860 3440 apostolitreliquia

547 3469 628 3533 atque
641 3468 754 3532 palene.
1090 3473 1204 3530 quoque
1219 3457 1310 3511 sanati
1327 3456 1462 3528 Stephani
1477 3459 1708 3530 protomartyris,
1723 3461 1750 3511 et
1771 3456 1801 3508 de
1812 3451 1863 3506 ossi-

278 3565 438 3634 ¹Secretarii
454 3579 575 3634 namque
585 3563 680 3624 lavent
696 3559 773 3613 omni
785 3564 887 3628 quartu
900 3559 970 3613 teria
984 3559 1050 3613 enti.
1084 3545 1143 3600 »bus
1158 3545 1248 3600 sancti
1263 3539 1422 3603 Sebastiam
1438 3552 1468 3600 et
1481 3553 1587 3602 sancta
1602 3547 1721 3610 Cecilia,
1740 3551 1766 3598 et
1777 3547 1863 3597 macto

250 3675 307 3728 ces,
322 3664 351 3712 et
364 3657 410 3710 die
423 3651 603 3714 sabbatorum
620 3649 709 3713 valde,
734 3648 867 3718 omnique
881 3654 1050 3720 temporeet
1091 3651 1153 3689 ‘¹¹¹⁰
1178 3634 1297 3688 flli⁰sl¹m
1324 3641 1491 3706 martyrum,
1519 3642 1548 3690 ⁰2
1582 3637 1674 3691 sancii
1706 3631 1864 3727 Gmgffligffl

250 3745 374 3820 quotidie
386 3741 556 3816 pertundunt
570 3745 636 3792 ante
660 3737 773 3792 missam
793 3753 850 3792 una
875 3737 943 3791 bora
957 3756 962 3790 :
980 3744 1007 3792 et
1020 3738 1049 3791 lri
1090 3721 1346 3780 ⁸8¹1⁰iil¹¹¹¹000¹¹tii
1363 3725 1436 3778 etde
1450 3724 1617 3795 corporibus
1628 3723 1750 3795 Dionysii
1761 3728 1862 3814 etsocto:

250 3833 378 3890 versiculi
393 3829 542 3902 conscripti
553 3827 611 3882 sint
623 3828 652 3881 in
665 3825 744 3898 ipsis,
757 3843 808 3898 per
819 3841 1049 3898 unumquemque
1090 3829 1152 3866 lum
1168 3813 1237 3882 01⁰⁸·
1255 3817 1284 3866 ⁰3
1303 3811 1338 3866 (¹0
1351 3813 1476 3868 vestibus
1496 3829 1607 3879 (mlum,
1625 3814 1661 3868 ‘1⁰
1678 3820 1754 3885 ΡθῑΝ
1767 3807 1863 3880 sepulcr

241 3924 306 3990 *duo
322 3925 404 3996 θεῆς,
670 3898 674 3914 '
996 3896 998 3907 ’
1084 3901 1211 3966 Domini,
1228 3901 1304 3956 etde
1329 3901 1422 3972 lapide
1443 3901 1490 3957 ubi
1513 3902 1655 3958 Dominus
1674 3901 1757 3966 stetit,
1776 3894 1864 3969 quando

288 4013 318 4082 p.
333 4006 538 4082 Mysticathinc
557 4002 668 4063 Domini
686 4009 837 4068 sumuntur
865 4003 930 4063 hinc
954 4020 1049 4059 suern.
1090 3990 1217 4045 ascendit
1231 3990 1260 4044 in
1279 3981 1390 4055 coslum,
1411 3995 1440 4044 et
1462 3991 1497 4046 de
1525 3991 1663 4064 praesepio
1682 3989 1787 4047 Domini
1802 3983 1865 4040 etde

891 4093 1006 4164 [menen
1088 4079 1217 4148 sepulcro
1232 4079 1454 4144 sanctitatem,
1470 4095 1553 4151 quem
1570 4081 1711 4135 Dominus
1737 4073 1864 4132 suscinut

286 4188 317 4263 i.
334 4185 434 4250 Dl'ilii
446 4186 451 4239 l
464 4183 538 4264 quod
553 4181 665 4248 sutnitis
679 4181 880 4254 amplectimini
896 4185 995 4252 niune
1089 4171 1119 4222 et
1131 4168 1166 4221 de
1175 4167 1254 4238 virga
1270 4167 1368 4239 lloysi.
1384 4167 1422 4223 Ds
1447 4168 1593 4224 Saturnini
1608 4168 1743 4241 episcopi.
1758 4159 1867 4234 Reliquis

286 4277 317 4351 p.
332 4275 460 4353 sunritnr
480 4272 545 4338 binc
564 4269 677 4344 sanguis
693 4268 806 4324 Domini
821 4269 856 4323 de
870 4286 987 4342 corpore
1009 4269 1050 4326 sn.
1089 4256 1180 4312 sancti
1194 4256 1318 4312 Marcelli
1334 4257 1467 4328 martyris
1481 4256 1689 4324 cabilonensis,
1714 4263 1741 4311 et
1752 4271 1808 4311 ossa
1819 4265 1868 4305 san·

917 4357 989 4434 [eun
1051 4336 1201 4409 rDctorum
1215 4346 1406 4401 coalessorum
1418 4346 1503 4401 Silari
1511 4351 1540 4400 et
1547 4346 1688 4417 Agricolae
1698 4347 1868 4418 episcopomm

287 4454 319 4529 i.
334 4453 389 4530 Qui
402 4450 475 4506 bibis
486 4449 562 4504 hunc
577 4453 683 4524 ¹potum
697 4462 761 4502 curn
785 4463 982 4518 magnosume
996 4453 1050 4516 tre·
1082 4433 1284 4496 Cabilonnum
1293 4434 1422 4501 civitatis,
1433 4435 1612 4506 aliorumque
1629 4435 1809 4507 plurimorum
1821 4445 1870 4524 sant

837 4533 938 4610 [inore
956 4541 987 4614 p,
1089 4523 1487 4595 uturumlncappaargentea
1495 4523 1785 4596 continentur-corpus
1796 4527 1870 4574 muca

290 4631 320 4700 p.
338 4627 435 4684 Vodilo
463 4641 564 4682 nomen
597 4623 703 4679 habens
726 4624 785 4682 haec
809 4640 875 4678 vasa
893 4629 1052 4696 patrarerat
1088 4611 1215 4672 ruffilli
1225 4611 1481 4684 llssltffl‚⁰tr⁰¹iquiae
1490 4613 1526 4666 de
1541 4614 1659 4684 proprio
1668 4629 1781 4684 corpore
1798 4605 1872 4663 sancti

748 4703 757 4721 '
903 4711 1013 4786 [abbas.
1092 4699 1221 4770 Gregorii
1235 4717 1323 4773 papae,
1337 4701 1465 4773 elpedio
1478 4691 1647 4772 capillorum
1661 4694 1873 4769 sanctillajcliiu

288 4807 317 4882 p.
336 4803 448 4860 ilenrici
462 4802 546 4882 regis,
565 4806 591 4856 et
610 4818 727 4857 munere
740 4801 859 4858 contulit
873 4802 984 4882 alb-tl*
1091 4803 1156 4843 tw
1172 4788 1270 4844 vitreo·

252 4900 289 4956 De
302 4897 403 4950 tabulis
418 4909 476 4962 qua
489 4891 583 4945 debent
597 4894 661 4958 fieri
669 4907 718 4960 per
729 4893 944 4960 unumquodque
960 4893 1052 4951 altare
1402 4878 1519 4936 OAPUT
1532 4879 1580 4936 LI·

354 4967 412 5020 suis
423 4962 583 5018 nominibus
592 4963 722 5030 dedicatis
734 4963 766 5015 in
776 4961 940 5030 parietibus.
1176 4977 1214 5032 pp
1233 4978 1308 5032 prm·
1323 4977 1461 5032 pirorum
1474 4975 1530 5046 (30)
1548 4979 1624 5047 quod
1632 4983 1666 5046 m
1676 4981 1707 5032 ἐκ
1722 4979 1804 5046 mpii,

285 5058 316 5133 p.
333 5053 446 5111 Eximiae
459 5050 533 5105 vocis
547 5049 702 5121 praecinctis
720 5048 853 5120 dogmata
863 5049 938 5104 verbi
1371 5049 1594 5118 quadrupesime-

287 5146 316 5221 il·
330 5143 448 5201 Misifica
460 5139 533 5195 ὃθΐῑθ
548 5138 697 5194 Γθθῑᾶθΰῑῑθ
712 5138 917 5205 Bssfstl⁰l⁰maeb
1123 5145 1289 5200 Waruerius
1301 5145 1463 5200 collationes
1473 5145 1661 5216 psalmorum.
1677 5143 1820 5220 Udalricqs
1831 5139 1876 5194 col·

276 5287 440 5360 ,t8il),Breve
453 5283 507 5343 hoc
533 5281 593 5341 loco
606 5285 659 5362 ,est
675 5277 789 5347 ,80116Ῑῆ
817 5281 1047 5353 intueamini!
1088 5286 1352 5358 quadragesimeiu
1360 5286 1482 5359 capitulo
1495 5287 1620 5358 perlecta
1634 5285 1674 5342 ab
1688 5285 1815 5350 armario
1822 5281 1874 5342 luit,

250 5361 369 5416 fratrum
383 5354 565 5411 etlibrorum.
579 5367 627 5423 qur
643 5357 708 5406 ante
722 5368 828 5408 anuum
842 5355 942 5425 cuique
949 5371 1047 5410 eorum
1088 5363 1117 5412 et
1127 5364 1194 5413 tunc
1205 5360 1286 5429 juxta
1296 5365 1466 5430 preceptum
1475 5358 1503 5413 S.
1512 5358 1628 5428 aarum
1643 5359 1762 5431 captd,
1771 5354 1876 5428 siugulis

250 5423 674 5505 soweiereniolttlebdniut·
697 5423 763 5492 ΗΜ
777 5421 888 5494 scheda·
905 5427 1047 5494 llbfflldss·
1087 5429 1435 5499 sinuatioodicesdeuovc
1447 5429 1508 5484 dati
1522 5437 1598 5502 suut.
1802 5433 1804 5438 ’

250 5519 347 5558 marus
370 5500 400 5555 in
423 5513 475 5553 sua
495 5495 648 5562 traditione
661 5510 691 5558 tu
715 5495 945 5568 regulandum,
957 5497 1047 5564 initio
