3872 6162
235 271 305 337 toti
746 302 774 357 S.
796 296 992 366 cutttutut
1012 305 1164 368 ABBATIS
1183 309 1353 369 massua.
1766 317 1819 379 liii
1901 325 1902 336 ¹

234 415 297 460 etto
310 400 393 473 etius,
410 413 443 466 ut
460 413 596 488 quidquid
607 415 727 479 domnus
742 425 814 484 abba
829 444 880 502 pro
896 435 1064 500 alteritateA
1368 437 1485 496 CAPUT
1499 439 1572 498 ΧῙῙῙ·

236 493 320 549 alicui
333 498 393 551 vult
406 499 579 572 impendere,
597 522 647 580 por
662 513 736 570 bunc
755 517 931 578 solummodo
946 523 1034 598 signis
1075 548 1160 616 Quem
1169 547 1296 604 ordinem
1310 553 1395 604 servet
1409 549 1527 604 domnus
1536 551 1623 612 obbas,
1634 553 1823 620 qaoudciccelle

233 584 322 652 poscit
335 585 519 646 lacereltlem
528 593 662 653 fraterad
672 602 724 657 hoc
734 603 856 663 officium
869 607 1031 683 deputatus.
1319 623 1489 674 noviit'ffl'um
1504 621 1621 674 willelm*

234 676 360 729 attateet
375 677 501 734 moribus
521 683 605 740 debet
617 701 678 744 esse
692 700 847 762 provectus.
867 699 895 753 Si
915 701 982 772 quid
996 700 1032 762 ad
1109 710 1122 732 ·
1134 709 1363 780 Quotiescunque
1372 708 1492 768 domnus
1503 707 1574 764 abba
1584 709 1679 766 incelln
1689 712 1824 770 novitiorum
1901 785 1902 800 J

233 759 418 820 infirmariam
432 759 529 838 mittit,
539 773 574 828 ad
584 791 707 847 praesens
722 781 879 841 infirmario
894 785 1031 848 abeodem
1073 798 1205 865 cornedit,
1221 817 1255 853 ex
1276 798 1478 854 consuetudine
1494 798 1658 864 cellerarius,
1680 799 1717 856 rel
1739 803 1826 872 adjutor

233 848 320 906 fratre
339 853 433 923 datur,
445 865 477 913 ut
490 877 541 931 per
554 881 619 918 eum
633 868 700 924 illuc
714 872 937 934 afferatur.Solet
947 881 1031 936 etiam
1074 887 1135 958 ejus
1148 886 1189 941 illi
1195 885 1387 942 servit.Lecti0
1397 904 1479 960 quum
1487 887 1560 942 inter
1569 887 1751 944 comedendum
1760 891 1827 948 babet

232 937 377 998 interdum
396 945 493 1002 lectori
518 939 681 1027 caterisque
705 960 842 1018 ministris
866 967 1031 1024 charitatem
1075 975 1261 1046 acapellanis
1284 975 1397 1047 legitur,
1421 975 1469 1030 sed
1487 973 1595 1032 diverso
1609 975 1827 1034 tundamentum
1901 947 1902 1016 i

235 1033 533 1098 pereundemiratrem
541 1040 727 1116 facere‚quam
738 1050 785 1104 ille
795 1051 823 1106 in
831 1053 886 1108 tine
896 1056 1035 1129 principa·
1074 1063 1168 1120 nullus
1183 1081 1281 1120 eorum
1295 1065 1355 1120 sine
1367 1066 1447 1135 jussu
1466 1061 1542 1120 illius
1560 1063 1658 1122 ibidem
1671 1065 1787 1136 comedat,
1803 1067 1828 1122 ab

235 1117 270 1172 lis
295 1135 399 1178 meriste
422 1129 584 1197 repositam,
610 1133 716 1190 eisdem
731 1143 829 1209 postea
844 1145 1033 1202 reficientibus
1074 1169 1131 1208 uno
1145 1154 1374 1225 eorumdem,qui
1386 1155 1481 1226 jussus
1491 1151 1548 1208 illic
1557 1155 1681 1220 comedit,
1695 1153 1827 1224 inchoatum

232 1206 385 1279 distribuit,
411 1217 495 1286 atquc
527 1235 591 1274 cum
616 1223 696 1294 signo
723 1235 866 1285 auctorem
886 1233 1031 1290 charitatis
1072 1241 1121 1297 sed
1136 1242 1171 1298 ab
1186 1243 1280 1316 aliquo
1298 1243 1490 1298 consociorum
1511 1243 1580 1313 ejus,
1597 1241 1629 1297 de
1654 1243 1757 1298 fratrum
1777 1241 1829 1298 refe

234 1291 362 1366 ciusdem
377 1305 479 1372 prodit.
496 1307 548 1372 Qui
563 1325 729 1369 moxvcrsus
740 1318 920 1392 principalem
935 1325 1030 1380 sedem
1071 1332 1163 1386 ctione
1189 1348 1240 1406 per
1260 1331 1404 1387 licentiam
1420 1331 1557 1397 veniente,
1574 1329 1678 1388 sinitur.
1696 1334 1729 1386 nt
1744 1331 1829 1388 sirefe-

233 1388 334 1456 aequali
348 1389 485 1449 inclinant
504 1402 668 1469 reverentia,
683 1418 714 1458 ac
729 1407 752 1460 si
767 1408 887 1466 domnus
903 1411 973 1468 abba
989 1431 1030 1469 es·
1070 1427 1142 1488 ctus,
1156 1427 1221 1476 unte
1233 1420 1412 1476 refectionem
1428 1419 1523 1475 domni
1536 1419 1641 1478 abbatis
1652 1417 1762 1486 redierit,
1771 1421 1829 1486 idern
1901 1461 1902 1510 J

233 1479 276 1527 set
304 1475 335 1530 ln
356 1484 513 1549 praesentia.
535 1485 597 1558 lpse
616 1491 700 1547 etiam
725 1496 797 1552 sicut
823 1505 850 1554 et
863 1501 980 1572 quilibet
994 1503 1030 1558 ad
1069 1511 1129 1582 ipse
1143 1527 1204 1565 eam
1218 1509 1355 1582 incipitet
1367 1509 1438 1566 finit.
1451 1507 1649 1564 Potestiisdem
1659 1509 1830 1566 Paterinteriu
1901 1535 1902 1588 J

233 1561 307 1618 hanc
321 1567 423 1624 sedens
434 1572 541 1629 scillam
556 1593 651 1635 coram
666 1599 695 1636 se
705 1587 873 1655 pendentem
884 1593 988 1662 pulsat,
1005 1594 1028 1648 si
1069 1598 1183 1671 aliquod
1204 1599 1320 1654 verbum
1344 1597 1546 1662 aedificationis,
1560 1599 1584 1652 si
1598 1594 1665 1662 vult,
1679 1599 1829 1657 interserere.
1901 1595 1902 1674 J

230 1655 362 1720 generale
372 1657 454 1713 solito
468 1663 576 1720 tardius
591 1668 782 1729 administrari
793 1677 961 1736 considerat.
1070 1687 1136 1742 Ideo
1160 1695 1255 1743 autem
1276 1687 1419 1760 Capeliani
1440 1704 1505 1742 cum
1528 1684 1577 1741 illo
1597 1699 1669 1754 raro,
1691 1693 1717 1741 et
1730 1687 1829 1742 nonnisi

266 1738 360 1798 Finita
386 1747 537 1806 refectione
556 1761 585 1809 et
603 1768 740 1817 conventu
759 1773 887 1834 exeunte,
904 1784 976 1824 unus
996 1757 1062 1827 deB
1068 1776 1140 1846 Jussi
1155 1777 1293 1841 reficiunt,
1307 1777 1374 1848 quia
1387 1775 1536 1830 debiliores
1545 1775 1646 1830 fratres
1663 1776 1795 1846 sepissime
1806 1775 1831 1829 ab
1901 1779 1902 1822 ἲ

230 1830 382 1898 capellanis
392 1843 586 1908 exspectatae
601 1843 672 1903 forte
680 1847 755 1905 inter
764 1855 888 1910 eundum
903 1860 937 1912 ad
946 1861 1030 1916 eccle·
1070 1880 1103 1919 eo
1118 1863 1208 1920 vocati
1223 1863 1283 1936 ejus
1294 1865 1604 1920 reiectioniintcrsunt:
1621 1881 1732 1936 quorum
1741 1864 1832 1934 iustitie
1901 1927 1902 1936 J

231 1916 301 1972 siam
312 1935 363 1991 pro
377 1925 472 1997 aliqua
485 1935 653 1990 necessitate
667 1937 742 1993 solas
754 1941 884 1999 divertat.
897 1947 1028 2011 Quamdiu
1070 1971 1087 2010 a
1111 1953 1301 2022 refectorario,
1326 1960 1355 2010 et
1379 1957 1442 2026 ejus
1463 1953 1653 2010 admonitione
1675 1971 1767 2011 mense
1783 1970 1831 2008 cun
1901 1959 1902 2000 l

230 2005 260 2059 in
275 2007 359 2064 domo
368 2007 545 2074 intirmorum
558 2030 700 2094 repausat,
714 2030 783 2084 nulli
793 2029 910 2089 interest
915 2055 1027 2108 proces·
1068 2045 1240 2100 mensalibus
1251 2043 1286 2099 ab
1299 2043 1454 2099 infirmario
1464 2043 1531 2100 illuc
1545 2041 1714 2109 deferuntur,
1724 2043 1765 2100 sed
1774 2043 1831 2115 prius
1901 2095 1902 2128 J

230 2091 312 2158 aiom.
331 2115 424 2172 neque
445 2107 530 2162 ullius
557 2127 642 2168 causa
664 2133 784 2189 usquam
807 2121 925 2194 equitat.
951 2127 1028 2184 Solet
1068 2147 1124 2186 non
1139 2137 1329 2206 reportantur,
1345 2149 1429 2204 quam
1452 2131 1537 2188 iidem
1558 2129 1700 2188 fratresin
1713 2129 1831 2188 refectorio
1901 2137 1902 2210 J

233 2197 344 2257 quoquc
359 2192 477 2250 subinde
490 2198 525 2253 de
539 2203 608 2256 cella
619 2207 789 2265 novitiorum
804 2213 831 2266 in
847 2215 1025 2274 refectorium
1067 2223 1220 2278 comessuri
1242 2229 1405 2276 noscuntur.
1434 2221 1507 2276 Nam
1529 2221 1553 2276 si
1568 2219 1834 2296 postnonamdebent
1901 2233 1902 2284 i

229 2273 395 2334 charitatem
414 2299 494 2338 suam
519 2289 649 2360 mittere;
677 2313 760 2367 quam
775 2301 864 2357 frater
878 2307 1023 2378 recipiens,
1065 2311 1171 2376 bibere,
1188 2316 1370 2382 apponuntur
1392 2311 1433 2364 eis
1453 2309 1514 2365 atie
1528 2311 1559 2365 in
1572 2309 1713 2365 refectorio
1721 2309 1831 2380 justitia3
1901 2317 1902 2392 J

228 2373 390 2423 reverenter
400 2369 430 2425 in
445 2380 511 2429 ante
525 2375 649 2437 inclinat.
1066 2403 1091 2457 si
1115 2409 1210 2456 tamen
1230 2399 1357 2456 eamdem
1381 2417 1485 2455 nonam
1506 2401 1535 2456 in
1552 2400 1717 2456 monasterio
1730 2403 1832 2462 cantant,

267 2457 494 2531 tuu.JPostquan1
509 2483 563 2521 nox
576 2470 675 2539 luerat,
687 2481 817 2547 portatur
827 2486 893 2537 ante
908 2501 972 2540 eum
987 2485 1025 2541 la·
1067 2490 1108 2544 vel
1136 2491 1171 2544 ad
1203 2497 1328 2544 sanctam
1353 2489 1471 2546 Martem
1492 2504 1498 2540 :
1521 2507 1590 2545 narn
1614 2507 1702 2561 neque
1735 2488 1834 2558 aliquan

228 2543 382 2601 ternatnm
398 2549 426 2604 in
448 2561 585 2613 conventu
605 2569 1025 2631 quamextraconventumus-
1065 2579 1174 2646 horam,
1203 2577 1257 2633 nisi
1290 2595 1307 2633 a
1339 2579 1442 2633 domno
1465 2575 1568 2634 abbate
1588 2579 1670 2652 jussi,
1696 2579 1723 2632 in
1742 2577 1835 2650 prelata

228 2641 283 2700 que
297 2633 330 2687 ad
344 2634 457 2694 lectum.
476 2639 528 2698 Ubi
544 2647 591 2716 qui
606 2656 708 2720 portat,
722 2655 885 2732 obsequitur
899 2663 938 2718 illi
953 2665 1024 2722 etad
1065 2668 1137 2723 cella
1161 2685 1262 2723 canere
1287 2674 1475 2739 praesumunt.
1503 2663 1629 2734 Quodsi
1652 2667 1705 2721 illis
1732 2665 1833 2736 jubetur,

226 2721 417 2782 collocandum
431 2730 502 2787 etad
517 2735 827 2818 levandumNusquanr
835 2752 895 2806 sine
905 2753 1024 2812 lectione
1065 2774 1099 2811 ea
1110 2757 1166 2811 vioe
1181 2761 1245 2828 post
1259 2773 1363 2820 notram
1377 2756 1495 2812 licenter
1507 2755 1546 2811 ibi
1560 2753 1670 2813 bibunt.
1687 2755 1834 2822 Quicumque

226 2809 467 2890 munitumque,
485 2825 552 2894 quia
574 2825 603 2881 in
623 2831 770 2890 refectorio
785 2855 840 2893 non
855 2841 909 2896 nisi
923 2851 973 2899 aut
987 2845 1023 2902 ad
1064 2851 1159 2902 autem
1175 2846 1241 2901 illuc
1258 2847 1293 2900 ad
1308 2863 1393 2902 unam
1406 2852 1517 2902 tantum
1532 2845 1713 2902 refectionem
1730 2849 1834 2908 uocatur,

224 2911 413 2973 communem,
438 2917 487 2964 aut
514 2915 708 2978 ministrorum
736 2927 914 2986 refectionem
940 2933 1023 2990 lectio
1063 2933 1269 2990 moreatinita
1284 2934 1451 3007 regreditur,
1468 2931 1658 3008 nonamplins
1673 2929 1835 2989 illucreditu·
1901 2971 1902 3028 J

225 2983 309 3045 debet
322 2994 423 3062 audiri,
445 2997 469 3052 si
483 3017 538 3057 non
553 3003 587 3059 ad
612 3007 712 3066 harum
728 3015 856 3088 alteram,
877 3037 1021 3094 nunquam
1062 3039 1110 3077 rus
1134 3025 1251 3095 prohac
1267 3041 1360 3090 causa,
1385 3025 1437 3080 nisi
1458 3025 1565 3097 jussus.
1595 3023 1662 3080 Post
1684 3021 1836 3116 collationem
1901 3043 1902 3106 ᾗ

225 3079 315 3136 reiicit
324 3081 374 3142 ibl.
390 3086 507 3151 Quando
522 3091 603 3151 estin
618 3097 728 3170 itinere,
740 3103 840 3161 iratres
854 3111 1021 3168 comitantes
1063 3111 1133 3168 nulli
1146 3113 1212 3168 licet
1221 3110 1390 3176 illiobibere,
1408 3113 1461 3168 nisi
1477 3113 1548 3169 forte
1560 3113 1646 3170 alicui
1659 3119 1722 3168 tunc
1735 3115 1835 3165 cenanti
1901 3131 1902 3188 J

225 3165 304 3224 illum
317 3171 425 3244 jugiter
434 3175 584 3239 observant
594 3185 680 3253 invia,
696 3209 731 3247 ne
740 3195 842 3258 desint,
853 3215 916 3254 cum
925 3218 1022 3272 quam·
1061 3202 1237 3257 cumdomno
1250 3201 1360 3256 abbate.
1370 3203 1450 3268 Quod
1460 3209 1557 3260 tamen
1567 3203 1720 3260 cavendum
1732 3215 1836 3256 summo
1901 3199 1902 3292 J

223 3255 292 3315 libet
302 3257 401 3319 horam
416 3275 511 3325 cantat
525 3273 703 3348 regularem,
719 3284 784 3354 quia
801 3286 825 3340 si
843 3288 905 3358 quis
922 3307 1019 3346 eorum
1061 3307 1127 3363 pere
1143 3296 1195 3356 est,
1207 3308 1242 3346 nc
1257 3307 1320 3346 eum
1334 3298 1393 3346 tam
1407 3309 1479 3359 sero,
1496 3293 1551 3347 nisi
1573 3309 1677 3364 magna
1692 3287 1835 3384 necessitate
1901 3297 1902 3362 J

224 3347 296 3404 forte
312 3369 367 3407 non
385 3357 554 3426 interfuerit,
569 3371 665 3435 postea
680 3387 741 3425 carn
757 3373 817 3428 sine
832 3375 945 3432 licentia
959 3381 1019 3451 ejus
1060 3383 1187 3450 cogente.
1202 3397 1314 3436 coenare
1329 3381 1482 3452 contingat,
1507 3389 1539 3436 ut
1564 3381 1715 3454 aliquando
1734 3377 1837 3474 collatio

223 3453 281 3492 non
294 3443 380 3497 canit.
398 3445 441 3499 llli
452 3448 586 3508 nimirum
602 3456 700 3512 eodem
716 3463 798 3516 modo
811 3464 840 3518 in
855 3465 955 3522 itinere
965 3470 1019 3524 sic·
1060 3485 1125 3524 nem
1141 3463 1436 3542 supersedeatNullus
1450 3471 1524 3526 enim
1537 3470 1628 3526 frater
1641 3467 1836 3526 incolumitas

222 3529 255 3580 ut
271 3525 299 3582 in
323 3531 445 3587 claust-ro
457 3548 522 3591 suas
536 3539 654 3600 invicem
673 3547 857 3620 negligentias
871 3551 1021 3627 diligenter
1061 3555 1096 3610 ad
1110 3574 1241 3630 vesperos
1255 3558 1284 3612 in
1299 3559 1421 3614 claustro
1439 3560 1503 3626 erit,
1517 3566 1583 3633 post
1595 3577 1704 3616 ooenaru
1715 3555 1836 3613 ministro-

222 3621 338 3687 notant;
350 3625 435 3692 atque
445 3623 475 3678 in
489 3629 610 3700 capitulo
621 3637 694 3706 quod
703 3638 823 3694 domnus
833 3641 904 3698 abba
916 3645 1019 3719 ubique
1060 3662 1124 3702 rum
1141 3647 1226 3704 ullius
1241 3649 1281 3702 rei
1292 3648 1385 3720 gratia
1399 3649 1530 3706 comedit.

221 3703 356 3774 locorum,
367 3714 452 3782 prout
463 3722 652 3789 competentia
666 3724 803 3794 docuerit,
823 3747 886 3786 cum
902 3733 957 3789 illis
967 3736 1020 3791 ha-
1096 3733 1214 3792 Praefato
1229 3741 1356 3808 tempore
1370 3738 1507 3809 capellani
1526 3738 1584 3809 qui,
1611 3755 1676 3794 oum
1695 3739 1790 3792 domno
1801 3733 1838 3788 ab

223 3792 288 3849 bere
299 3800 400 3867 potest,
410 3796 576 3875 simpliciter
585 3813 748 3870 reclamant.
759 3813 793 3872 In
806 3821 868 3892 ejus
882 3823 1017 3880 comitatu
1060 3821 1124 3879 bate
1137 3841 1193 3880 non
1208 3827 1365 3892 cernebant,
1380 3832 1499 3898 possunt
1519 3844 1583 3882 cum
1605 3827 1718 3886 licentia
1731 3828 1757 3882 in
1771 3824 1839 3882 refec·

220 3878 315 3939 nullus
336 3899 451 3946 suorum
479 3893 507 3948 in
534 3899 620 3954 armis
647 3903 815 3961 militaribus
836 3926 896 3965 esse
924 3911 1016 3970 debet.
1059 3913 1131 3968 borio
1143 3914 1249 3972 bibere.
1262 3911 1335 3971 illud
1347 3933 1458 3990 quoque
1472 3917 1620 3974 sciendum
1631 3924 1676 3973 est
1688 3916 1757 3990 quod
1771 3926 1838 3968 nemo

221 3969 362 4038 Quamdiu
377 3977 460 4035 estin
475 3981 752 4054 itinere,mandatum
769 3999 842 4070 quod
863 3999 891 4053 in
901 3999 1017 4057 sabbato
1057 4002 1087 4057 in
1103 4001 1158 4060 XII
1172 4003 1339 4060 lectionibus
1354 4005 1383 4059 in
1398 4010 1506 4076 aestate,
1521 4006 1590 4062 etin
1607 4006 1721 4072 uetans,
1735 4010 1794 4060 ante
1805 4018 1839 4056 ca·
1892 4001 1897 4014 ⁶

219 4062 322 4132 agitur.
344 4075 428 4137 prout
446 4073 579 4143 potuerit,
596 4078 732 4149 imitatur,
746 4083 873 4142 videlicet
885 4087 968 4160 pedes
985 4109 1017 4147 ao
1058 4088 1180 4164 pitulum
1196 4094 1239 4147 rel
1252 4099 1317 4148 ante
1328 4093 1543 4168 ceruumquam
1559 4096 1723 4168 praeceduat
1731 4100 1783 4148 tres
1790 4105 1839 4146 ora-

218 4165 320 4210 manus
339 4153 467 4228 lavando,
490 4169 518 4217 et
539 4165 704 4224 charitatem
728 4169 859 4230 bibendo.
882 4177 1018 4235 Similiter
1056 4179 1157 4245 tiones,
1174 4182 1217 4236 vel
1233 4181 1305 4238 infra
1320 4183 1477 4253 regularem
1492 4184 1603 4250 horam,
1621 4187 1652 4240 in
1672 4184 1766 4242 eadem
1783 4181 1841 4236 cella

217 4239 284 4296 facit
297 4243 362 4300 siin
382 4253 553 4307 monasterio
572 4257 728 4314 consistens
745 4261 864 4318 fratrum
881 4269 1015 4324 mandato
1057 4268 1219 4340 quidquam,
1234 4277 1349 4342 excepta
1361 4273 1714 4330 novitiorumconfessione
1728 4271 1840 4344 superius

217 4343 274 4384 non
289 4331 458 4404 interfuerit,
476 4343 549 4412 quod
567 4349 664 4401 tamen
677 4365 823 4422 nunquam
838 4353 892 4408 nisi
906 4374 956 4429 pro
970 4357 1494 4450 in·nmemorata,loquitur,quodque
1503 4362 1702 4420 obedientiarii
1712 4376 1840 4433 nunquam

217 4419 339 4476 evitabili
354 4428 521 4484 necessitate
533 4431 663 4493 dimittit.
1055 4447 1090 4501 de
1109 4443 1275 4502 obedientiis
1290 4447 1358 4518 suis,
1380 4451 1422 4504 vel
1444 4449 1479 4504 de
1502 4451 1558 4506 alia
1578 4469 1619 4518 re,
1637 4453 1693 4508 nisi
1710 4451 1841 4526 perlicer-

253 4505 327 4578 (ιω.)
343 4507 460 4570 Romam
476 4519 615 4589 profectus
630 4525 786 4583 velalicubi
804 4523 1014 4601 perdimidium
1055 4537 1124 4590 tiara
1151 4537 1247 4592 domni
1276 4536 1386 4596 abbatis
1410 4541 1453 4594 vel
1475 4538 1586 4612 prioris,
1618 4559 1652 4598 eo
1680 4541 1790 4598 absente
1808 4537 1842 4592 ibi

217 4610 323 4652 annum
348 4608 483 4672 moratus,
513 4622 576 4663 curn
600 4614 724 4679 redierit,
750 4635 813 4672 cum
836 4622 1014 4690 processione
1054 4625 1217 4698 loquuntur.
1248 4627 1349 4682 Nullus
1370 4628 1398 4682 in
1419 4645 1481 4684 eam
1503 4631 1647 4688 saecularis
1674 4646 1793 4704 unquam
1806 4629 1842 4682 in·

202 4685 377 4758 suscipitur,
393 4689 512 4750 fatribus
521 4697 621 4754 albatis
637 4701 677 4758 vel
689 4706 784 4778 cappis
795 4710 965 4778 generaliter
973 4712 1015 4766 in·
1054 4715 1191 4785 graditur,
1207 4717 1328 4787 exceptis
1340 4716 1461 4784 famulis,
1484 4719 1531 4790 qui
1547 4736 1596 4792 pro
1620 4721 1716 4792 aliquo
1740 4717 1841 4789 negotio

216 4773 300 4830 dutis.
317 4775 371 4833 Pro
386 4779 653 4852 hujusmodiautem
666 4797 841 4868 susceptione
857 4797 1014 4857 debctante
1053 4802 1111 4858 illic
1133 4803 1274 4861 interdurn
1296 4805 1432 4874 sedendo,
1456 4807 1534 4864 horis
1555 4797 1653 4866 tamen
1673 4805 1842 4881 competenti·

214 4861 365 4936 prandium
381 4867 617 4950 advenisse3quia
632 4886 742 4952 oportet
757 4901 821 4940 eum
836 4903 869 4942 ea
883 4886 1013 4944 diecom-
1054 4891 1115 4960 bus,
1141 4893 1252 4964 ingredi
1279 4895 1487 4968 praecipiuntur,
1517 4902 1546 4952 et
1571 4897 1730 4970 hospitibus
1760 4910 1841 4952 acu·

216 4956 295 5010 muni
314 4958 435 5015 fratrum
450 4963 593 5022 refectioni
615 4969 760 5040 interesse,
785 4980 814 5030 et
826 4977 1011 5048 praejusad-
1052 4982 1133 5036 stode
1156 4984 1272 5055 hospitii
1292 4983 1366 5040 iufra
1385 4986 1550 5042 alterutram
1568 4987 1687 5044 missam
1708 4982 1840 5062 spectandi
1901 5065 1902 5068 J

212 5051 298 5102 ventu
313 5044 396 5104 debet
409 5051 448 5106 lbi
469 5053 591 5111 charitas
606 5057 687 5115 solito
701 5061 812 5134 longior
825 5082 896 5120 esse.
907 5067 936 5122 Si
950 5067 1011 5142 ipso
1052 5089 1137 5126 causa
1151 5073 1302 5142 aliquando
1318 5073 1538 5132 introducendis.
1554 5078 1625 5133 Cum
1641 5077 1743 5150 quibus
1757 5088 1841 5138 nem⁰t

136 5179 143 5188 .
213 5133 259 5190 die
273 5147 466 5211 competenter
476 5143 535 5198 fieri
544 5155 645 5220 potest,
662 5151 757 5222 aliqua
766 5155 887 5225 regulari
900 5157 969 5212 hora
981 5159 1012 5212 fl·
1054 5157 1108 5215 nisi
1129 5161 1189 5233 ipse
1210 5161 1286 5217 solus
1304 5162 1439 5234 loquitur,
1460 5164 1632 5222 sicutetiam
1657 5183 1709 5222 nec
1728 5181 1789 5220 cum
1808 5163 1821 5216 s
1833 5189 1843 5198 ·

214 5223 283 5294 nita,
300 5233 434 5300 praevenit
453 5250 551 5292 omnes
576 5237 610 5292 de
633 5237 749 5295 ecclesia
770 5244 903 5312 exituros,
924 5261 1012 5321 prope
1053 5250 1138 5306 mulis
1160 5251 1338 5321 supradictis,
1359 5252 1414 5308 nisi
1435 5253 1459 5308 is
1481 5259 1602 5322 tantum,
1626 5253 1676 5326 qui
1698 5271 1745 5310 eos
1765 5251 1843 5306 addu-

214 5317 296 5386 cuius
310 5319 413 5375 ostium
427 5327 482 5376 stat
493 5329 543 5378 aut
554 5323 642 5392 sedet,
656 5329 852 5388 assistentibus
866 5334 1010 5405 fratribus,
1053 5339 1103 5396 cit.
1127 5337 1198 5394 Nam
1219 5348 1247 5394 et
1271 5339 1324 5394 hoc
1347 5340 1382 5395 ab
1410 5343 1541 5399 omnibus
1562 5361 1611 5416 pro
1641 5345 1740 5416 quavis
1767 5355 1844 5396 causa

215 5404 263 5474 qui
272 5423 368 5464 seeum
383 5411 413 5466 in
428 5409 472 5466 via
482 5422 571 5481 erant,
585 5419 613 5470 et
623 5415 748 5490 singulos
760 5420 863 5480 viritim
878 5437 1012 5482 exeuntes
1052 5444 1115 5484 cum
1144 5428 1255 5484 licentia
1283 5427 1322 5483 ibi
1349 5432 1588 5488 commorantibus
1615 5431 1789 5496 observatur,
1814 5431 1842 5482 ui
1901 5487 1902 5490 ,

213 5493 384 5553 osculantur.
407 5497 444 5556 At
463 5502 487 5557 si
507 5503 535 5558 in
559 5503 607 5560 illo
623 5507 668 5563 die
683 5508 745 5564 lieri
759 5527 815 5568 non
829 5512 953 5582 valetis
966 5533 1010 5574 se·
1051 5517 1145 5572 nullus
1173 5517 1221 5574 alii
1249 5517 1291 5572 vel
1316 5520 1415 5576 saltem
1434 5521 1462 5576 in
1484 5531 1608 5595 tempore
1628 5521 1763 5594 loquendi
1782 5517 1843 5592 quid

214 5581 310 5656 quenti
324 5592 389 5658 post
402 5589 556 5662 capitulum
571 5593 628 5652 fiet.
1051 5604 1183 5677 loquatur
1198 5625 1205 5676 ;
1229 5607 1357 5664 cedmon
1371 5627 1505 5682 percussa
1521 5611 1616 5668 tabula
1632 5612 1758 5668 fratrum
1770 5610 1841 5665 locu-
