3872 6162
92 243 144 305 root
595 237 805 302 cousrrrur.
826 237 1001 301 urasnuu.
1019 275 1054 288 -
1073 243 1141 304 tm.
1161 247 1184 304 r.
1644 247 1713 315 root

90 375 145 426 eunt
163 369 199 424 de
212 367 337 435 eeclesia,
360 372 389 424 et
409 365 474 422 lotis
489 365 619 421 manibus
641 384 658 422 a
681 367 972 430 larvatortosuonrim
986 375 1157 442 exspectant,
1173 370 1261 428 donec
1280 374 1379 430 eodem
1395 375 1529 448 magistro
1550 377 1581 434 in
1595 396 1714 437 conven-

90 464 198 532 pergunt
212 457 247 512 ad
263 455 423 529 coquinam,
444 460 475 510 ut
486 455 591 526 singuli
605 455 683 510 tabas
697 473 763 511 suas
773 473 875 528 appor·
916 461 978 512 tum
993 459 1139 524 redeunte,
1156 464 1184 514 et
1199 460 1321 532 capitulo
1333 463 1538 534 aliquantulum
1559 473 1711 540 protracto,

89 553 148 604 tent.
161 547 203 602 Id
219 547 473 618 generalequoque
487 545 693 616 apportandum
708 546 876 618 etpulmen·
916 548 1037 602 domnus
1053 548 1139 603 abbas
1157 549 1239 620 jubet
1265 568 1313 606 eos
1334 553 1370 606 ad
1387 554 1463 608 idem
1483 555 1638 627 capitulum
1659 559 1713 615 sibi

89 645 148 702 tuor,
164 640 209 691 tot
222 641 343 707 surgunt
366 640 435 706 quot
453 651 524 706 opus
544 635 636 700 luerit,
654 640 681 689 et
697 634 743 689 ille
757 634 877 690 soluerit
916 637 1122 708 repraesentari.
1139 641 1205 708 (uo.)
1220 640 1372 695 Venientes
1387 647 1482 698 autem
1497 649 1526 698 ct
1540 646 1649 701 veniam
1663 663 1713 719 pe-

90 725 168 798 quim
182 725 243 780 loco
257 725 299 779 eis
313 724 453 779 cellerarii
474 724 573 781 seruit.
600 725 659 778 lloc
677 731 720 778 est
734 724 817 778 etiam
835 725 875 779 eis
916 731 1008 780 tentes
1023 725 1125 780 iterum
1141 727 1316 798 Interrogati,
1333 729 1398 800 quid
1410 732 1512 786 velint?
1526 733 1566 787 ita
1580 735 1714 806 prostrati

89 814 291 880 observandum,
315 820 348 869 ut
366 813 554 885 pulsationem
568 813 652 868 scilla
667 830 724 868 sure
743 814 781 868 Ita
798 829 876 869 com·
916 816 1097 885 respondent,
1116 815 1189 870 sicut
1203 816 1284 872 initio
1306 819 1491 890 susceptionis
1505 838 1562 877 sure
1578 823 1713 880 lecerunt.

89 903 156 958 muni
179 903 298 958 fratrum
322 908 477 974 coaequent,
493 908 525 957 ut
548 919 605 956 non
628 902 706 974 prius
728 903 874 974 Incipient,
916 904 954 956 llt
981 920 1045 958 uero
1065 910 1214 976 postquam
1237 909 1430 976 surrexerint,
1464 909 1566 965 iterum
1593 911 1714 969 domnus

90 993 129 1048 sed
142 998 237 1046 tamen
252 991 335 1046 citius
349 991 464 1049 finiant.
488 994 561 1046 Ante
580 991 760 1046 reiectionem
781 997 875 1046 autem
917 991 1012 1058 abbas,
1029 999 1061 1048 ut
1075 994 1163 1066 prius,
1184 994 1330 1066 aliquanta
1355 998 1479 1053 insInunt
1494 999 1528 1054 de
1548 1002 1714 1059 austeritate

91 1098 152 1137 uuus
167 1097 264 1135 eorum
280 1079 383 1135 IIbrum
394 1079 536 1152 accipitet
545 1081 643 1134 tandiu
654 1081 877 1152 legitquousque
917 1082 1055 1152 regularis
1079 1083 1243 1155 disciplinae,
1260 1090 1289 1138 et
1311 1085 1386 1139 inter
1409 1093 1510 1148 cetera
1523 1105 1579 1143 non
1594 1091 1713 1159 reticet;

91 1187 143 1225 eum
157 1170 294 1240 magister
314 1186 412 1224 eorum
429 1169 581 1242 presidens
595 1170 631 1224 ad
645 1169 752 1224 scillam
767 1186 877 1225 cessare
918 1171 1018 1225 melius
1033 1188 1103 1240 esse,
1125 1178 1158 1226 ut
1182 1173 1242 1227 sine
1265 1172 1459 1230 bencdictione
1474 1177 1508 1230 ad
1524 1179 1658 1233 saeculum
1672 1196 1715 1236 re·

90 1258 167 1330 jubet.
181 1258 235 1322 Qui
249 1273 314 1313 cum
327 1258 435 1313 caeteris
450 1257 623 1312 manducant
633 1258 714 1328 juxta
733 1259 816 1312 linem
832 1275 878 1312 re·
920 1259 1015 1326 deant,
1030 1245 1113 1331 quum
1137 1267 1250 1333 accepta
1270 1262 1466 1321 benedictione
1480 1282 1535 1320 non
1551 1267 1715 1339 perdurare.

93 1345 209 1402 lectionis
224 1346 328 1402 iterum
353 1347 444 1418 surgit
462 1355 490 1402 et
509 1363 609 1418 parum
629 1346 707 1418 tegit,
723 1352 829 1402 etcum
847 1354 877 1402 tu
918 1349 1019 1404 ‘Tunc
1033 1349 1055 1404 si
1072 1349 1119 1421 qui
1131 1351 1259 1406 intereos
1271 1359 1338 1407 sunt
1351 1353 1432 1424 (qood
1442 1354 1580 1427 absit)qui
1588 1362 1715 1428 perstare

90 1443 172 1491 cirtem
186 1437 311 1504 Domine,
328 1436 475 1491 lectionem
491 1436 566 1493 linit.
587 1436 637 1490 llis
651 1441 744 1490 autem
759 1436 878 1508 aliisque
918 1437 1026 1505 nolunt,
1044 1439 1178 1510 magister
1192 1457 1290 1494 eorum
1302 1441 1332 1495 in
1348 1443 1417 1496 colla
1428 1443 1553 1514 ipsorum
1564 1452 1713 1514 exueteos,

91 1525 178 1592 modis,
200 1530 285 1596 prout
298 1531 425 1597 possunt,
443 1542 504 1580 earn
529 1525 677 1580 Imitantur
690 1524 876 1597 disciplinam,
918 1531 946 1580 et
961 1527 1002 1581 sic
1015 1527 1132 1582 redditis
1142 1528 1268 1600 pristinis
1282 1531 1455 1586 vestiarentis
1465 1533 1523 1587 suis
1534 1533 1716 1591 illaesossinet

91 1631 165 1686 quam
181 1631 232 1669 nos
249 1615 278 1668 iu
293 1614 443 1670 refectorio
465 1614 612 1670 habemus.
641 1615 693 1670 Sed
720 1619 748 1668 et
770 1614 878 1669 boreis
918 1612 998 1668 abire
1014 1634 1020 1670 :
1038 1614 1086 1686 qui
1108 1615 1203 1670 statim
1220 1617 1355 1688 adportes
1371 1618 1432 1688 ejus
1455 1619 1671 1676 venientesbIni
1687 1629 1716 1678 et

94 1704 236 1772 sciendum,
252 1704 327 1776 quod
341 1709 407 1776 post
416 1703 594 1759 relectorium
603 1702 640 1757 ibi
654 1703 683 1758 in
698 1703 879 1758 celladobent
889 1692 987 1766 llbinI,
1003 1709 1031 1758 et
1045 1704 1069 1758 si
1082 1709 1139 1760 tres
1154 1706 1352 1773 remanserint,
1375 1707 1404 1761 hi
1418 1708 1503 1766 slmul
1519 1709 1555 1766 ad
1567 1711 1652 1782 pedes
1666 1727 1713 1767 re-

91 1794 163 1848 finire
172 1791 278 1866 absque
288 1794 399 1865 psalmo
413 1810 523 1848 versum
538 1793 588 1861 sic,
603 1799 635 1847 ut
644 1793 722 1864 prius
737 1791 771 1848 ad
786 1793 879 1848 locum
919 1791 1010 1858 uiuat,
1027 1792 1123 1863 sicque
1147 1801 1279 1849 exeuntes
1299 1795 1333 1850 de
1352 1796 1474 1868 capitulo
1496 1798 1646 1870 dIIIgenter
1670 1801 1715 1855 in-

91 1881 268 1937 inelinationis
292 1882 405 1938 ueniant
429 1899 514 1954 quam
541 1887 693 1938 conventus
712 1881 746 1936 de
761 1882 880 1936 refecto·
919 1886 1069 1936 struuntur
1083 1881 1148 1953 quid
1165 1881 1195 1937 in
1209 1882 1269 1954 ipsa
1276 1882 1480 1941 benedictionis
1491 1888 1652 1960 acceptioue
1666 1890 1717 1945 de-

92 1969 127 2024 rio
140 1976 274 2026 trauseat.
291 1971 346 2036 Qui
360 1971 608 2027 uidelicetlocutus
621 1975 743 2026 estante
759 1971 877 2025 relecto·
920 1968 1005 2024 boant
1018 1986 1110 2041 agere.
1128 1971 1168 2025 Eo
1191 1971 1237 2026 die
1253 1989 1309 2044 quo
1336 1973 1514 2043 ordInantur,
1532 1976 1567 2031 ad
1590 1978 1717 2049 siugulns

93 2059 167 2126 rium,
181 2059 228 2115 ubi
244 2065 307 2131 post
320 2059 446 2132 singulas
462 2059 627 2115 relectiones
639 2058 741 2114 debent
753 2059 878 2114 inclmati
918 2058 1003 2113 horas
1018 2059 1143 2131 psalmus
1156 2061 1260 2128 Lenaei,
1276 2062 1299 2116 si
1314 2059 1435 2118 domnus
1447 2063 1532 2120 abbas
1546 2065 1717 2137 adpraesens

93 2152 168 2214 stare,
184 2155 213 2204 ct
227 2148 351 2204 ordinati
365 2147 401 2204 ab
414 2149 486 2204 ostio
508 2149 647 2204 refectorii
661 2165 751 2220 usque
764 2148 799 2203 ad
812 2165 879 2220 gra·
917 2146 1047 2218 jusserit,
1066 2164 1116 2220 pro
1135 2147 1175 2202 eis
1198 2155 1338 2219 cantatur,
1354 2156 1384 2206 et
1403 2151 1457 2224 ipsi
1479 2161 1595 2227 propter
1616 2155 1669 2212 hoc
1681 2155 1718 2211 ad

91 2239 152 2292 dum
164 2239 324 2294 dormitorii
336 2245 473 2294 conventu
486 2239 521 2293 de
535 2237 681 2293 refectorio
695 2242 823 2304 excunte,
839 2235 879 2291 si·
920 2237 1005 2308 pedes
1020 2239 1081 2310 ejus
1098 2237 1255 2292 uoluuntur.

91 2326 198 2398 mitique
211 2334 278 2383 ante
292 2344 340 2382 eos
355 2327 546 2394 inclinatione,
557 2332 731 2382 transeunte.
748 2326 836 2391 Quem
852 2332 881 2380 et
1189 2326 1309 2383 CAPUT
1330 2329 1450 2387 LXXIV.

89 2415 136 2486 ipsi
150 2417 362 2488 subsequuntur
377 2417 461 2472 slmul
475 2417 778 2488 cantantespsalmum,
795 2431 878 2487 quem
1104 2416 1341 2471 bebenedictione
1357 2421 1538 2474 nauricorum,

91 2504 164 2575 prius
177 2505 426 2578 pretermiserunt.
957 2506 1024 2572 (uu-i
1037 2503 1105 2558 Post
1127 2505 1302 2575 evangellum
1324 2507 1440 2576 majoris
1462 2509 1554 2566 missae
1577 2529 1641 2567 mox
1665 2513 1719 2570 rite

120 2593 290 2666 Quocunque
313 2599 409 2649 autem
428 2593 534 2650 habent
554 2594 660 2667 pariter
675 2595 725 2662 ire,
747 2591 895 2666 magister⁰
921 2591 1078 2647 benedictio
1093 2598 1136 2648 est
1147 2593 1271 2664 agenda,
1284 2593 1374 2648 ethoc
1389 2595 1471 2650 modo
1484 2597 1720 2657 inchoandasm-

91 2697 134 2738 eos
147 2682 229 2737 debet
240 2684 407 2755 praecedere,
428 2690 458 2738 et
476 2701 539 2740 cum
559 2684 759 2740 inclinantibus
777 2684 881 2755 ubique
921 2683 995 2752 gulis
1011 2684 1213 2753 scriptumest,
1234 2683 1374 2753 quomodo
1393 2687 1578 2755 profiteantur
1590 2690 1663 2760 quod
1677 2697 1721 2746 est

89 2773 191 2842 pariter
211 2772 358 2828 inclinare.
383 2772 412 2828 si
436 2773 499 2844 quis
519 2791 618 2829 eorum
643 2773 677 2828 de
708 2773 825 2828 ccclesia
845 2772 881 2827 ad
922 2771 1091 2842 hujusmodi.
1107 2773 1324 2840 Eposrotcrlll.
1352 2773 1483 2841 piornilto
1501 2778 1680 2834 stabilitatem
1694 2784 1720 2836 ct

91 2862 184 2916 cellam
194 2863 321 2934 ipsorum
334 2861 377 2918 ire
389 2861 517 2930 voluerit,
534 2879 589 2917 non
604 2862 758 2936 praesumit,
772 2861 827 2916 nisi
839 2861 883 2916 rel
924 2863 1126 2914 couccrrioncm
1138 2877 1248 2915 risurum
1263 2868 1423 2928 ratcomnapt
1436 2864 1721 2924 obedieutiomsecun·

41 2947 48 2961 '
89 2966 141 3005 nno
155 2952 229 3006 socio
244 2967 340 3006 secum
354 2957 510 3023 assumpto,
527 2956 565 3016 ct,
579 2951 603 3006 si
615 2968 670 3006 nox
685 2957 738 3019 est,
754 2967 810 3006 non
822 2951 882 3005 sine
924 2950 992 3003 dum
1009 2952 1135 3016 rrpulom
1151 2952 1242 3004 sancti
1256 2951 1392 3005 Berardioti
1402 2968 1496 3006 coram
1510 2955 1562 3010 Boo
1579 2960 1720 3013 stratoriis

92 3040 201 3095 lumine.
218 3040 260 3096 lld
285 3039 462 3096 collationem
478 3041 597 3096 fratrum
612 3040 781 3096 conveniunt
795 3058 802 3106 3
817 3040 882 3094 inde
893 3008 980 3108 Ceios
995 3040 1025 3093 in
1040 3039 1088 3092 doc
1111 3041 1286 3101 ruioraostorz'o,
1317 3041 1388 3108 quand
1412 3047 1450 3095 ml
1476 3049 1664 3102 constructum
1688 3050 1721 3102 in

92 3135 220 3200 surgente
239 3135 389 3198 conventu,
408 3129 462 3201 ipsi
490 3129 608 3185 inclioes
635 3131 760 3185 stantia
783 3129 881 3184 eodem
923 3127 1025 3182 luonore
1041 3127 1121 3181 deuter
1136 3128 1232 3181 illaria
1258 3143 1364 3196 semper
1392 3130 1511 3198 Vr'rpIm's
1525 3135 1558 3188 in
1570 3137 1720 3202 presentia

89 3217 146 3274 Ioco
160 3217 208 3274 ubi
222 3218 367 3287 sederunt,
379 3235 466 3289 usque
481 3219 547 3273 duro
563 3235 661 3274 omnes
675 3223 881 3290 pertranseant.
922 3215 1020 3270 (loanni
1030 3217 1145 3272 abbatis.
1159 3215 1591 3290 (oar.)llocunusquisque,utad
1599 3221 1721 3293 gradum

91 3305 205 3370 Quando
220 3307 269 3363 alli
288 3307 324 3362 ad
344 3307 520 3374 mandatum,
539 3308 582 3362 sel
607 3308 679 3362 intra
705 3308 883 3366 collationem
924 3304 1076 3375 perlegerit
1087 3304 1116 3358 in
1128 3303 1206 3359 brevi
1220 3321 1281 3372 sua,
1298 3305 1393 3360 statim
1411 3306 1499 3378 ipsam
1514 3308 1626 3365 brevem
1642 3312 1723 3383 ponit

90 3395 255 3469 bibunt,Ipsi
265 3397 295 3452 iu
305 3397 489 3452 cellamsuam
501 3395 670 3452 divertentes
681 3397 755 3452 idern
765 3397 881 3452 lirciunt.
924 3403 1014 3466 super
1033 3393 1133 3459 altare,
1155 3394 1262 3465 jugiter
1283 3393 1323 3451 ibi
1340 3397 1547 3452 reservandam.
1563 3399 1592 3454 Si
1612 3400 1722 3457 litteras

92 3485 161 3539 Saue
176 3486 327 3541 sicutsunt
346 3484 496 3540 novissime
518 3485 662 3541 ecclesiam
683 3485 826 3552 intraturi,
844 3485 883 3540 sle
924 3482 1022 3548 nescit,
1040 3483 1176 3554 magister
1189 3499 1240 3554 pro
1262 3500 1294 3538 eo
1308 3485 1394 3555 legat,
1413 3485 1473 3558 ipse
1496 3491 1591 3543 tomen
1609 3488 1721 3561 signum

89 3591 198 3647 quoque
208 3581 274 3648 post
289 3575 479 3646 aspersionem
488 3591 567 3646 aqum
580 3575 883 3630 benedictaenovissimi
924 3571 1014 3626 crucis
1028 3570 1058 3626 in
1073 3572 1128 3625 linc
1144 3571 1269 3643 ejusdem
1284 3572 1419 3629 chartulae
1431 3576 1544 3647 proprIa
1556 3593 1642 3633 manu
1656 3579 1723 3634 scri·

87 3670 152 3718 sunt
164 3663 278 3719 exituri
292 3663 403 3728 Quanto
414 3668 541 3735 tempore
564 3670 631 3719 sunt
647 3664 759 3736 spoliati
774 3663 884 3734 capitiis
925 3660 981 3728 bit;
995 3660 1042 3715 sed
1060 3661 1112 3715 hoo
1125 3661 1269 3715 litteratus
1290 3679 1346 3717 non
1363 3662 1438 3718 facit.
1463 3666 1533 3720 Cum
1547 3672 1643 3723 autem
1658 3685 1723 3740 per·

85 3767 140 3807 aon
160 3753 278 3825 ponitur
297 3753 433 3808 absconsa
450 3769 543 3808 coram
565 3753 617 3821 eis,
633 3737 705 3808 sicut
721 3769 772 3808 nec
786 3754 812 3807 ln
829 3752 884 3806 illis
925 3750 996 3805 lecta
1018 3748 1113 3814 luerit,
1129 3749 1189 3820 ipse
1213 3750 1335 3806 novitius
1355 3752 1390 3807 de
1413 3769 1499 3809 manu
1519 3757 1648 3827 magistri
1660 3774 1723 3813 eam

86 3839 196 3898 duobus
218 3842 348 3898 noctibus
369 3848 434 3914 post
451 3848 612 3908 nocturnos,
639 3849 702 3914 post
714 3841 882 3898 noritIorum
924 3837 1035 3908 accipit,
1051 3843 1080 3892 et
1094 3853 1178 3908 super
1192 3838 1282 3892 altore
1297 3840 1386 3910 ponit.
1407 3841 1468 3906 Qua
1480 3843 1571 3914 posita
1592 3849 1620 3898 et
1640 3845 1723 3901 altari

85 3938 232 4004 acceptam
244 3931 479 3987 benedictionem.
495 3932 648 4003 Nunquam
661 3937 885 4004 postnocturnos
925 3927 1050 3982 osculato
1079 3941 1231 3998 parumper
1260 3928 1420 3993 retrocedit,
1442 3936 1470 3984 ot
1502 3931 1613 3987 veniam
1637 3951 1723 4006 super

85 4035 177 4092 neque
192 4021 227 4076 de
236 4019 368 4093 capitulo,
384 4020 408 4076 si
423 4035 493 4092 opus
509 4020 596 4076 luerit
616 4021 677 4075 sine
698 4020 805 4075 lumino
819 4021 885 4075 licet
925 4031 1018 4087 genua
1031 4015 1109 4087 petit,
1120 4015 1271 4086 statimque
1287 4015 1314 4070 in
1328 4016 1419 4072 locum
1431 4034 1513 4073 suum
1526 4026 1592 4075 ante
1601 4021 1722 4093 gradum

84 4109 370 4178 eisexire3sedunus
380 4109 428 4181 qui
451 4109 526 4164 inter
540 4125 586 4164 eos
599 4109 746 4182 prioresse
764 4109 883 4176 videtur,
925 4101 1211 4176 redit.(uo.)0umqoe
1221 4105 1445 4162 ordiuntimante
1452 4109 1571 4178 gradum
1582 4110 1721 4179 steterint,

84 4215 147 4254 cum
164 4200 278 4255 laterna
301 4203 417 4255 ceteros
440 4198 589 4254 antecedit.
614 4198 768 4254 Dominicis
786 4198 885 4253 diebus
925 4198 1026 4266 petunt
1040 4197 1083 4246 ter
1097 4192 1206 4246 renium
1221 4208 1305 4265 super
1320 4201 1571 4267 manusetgenua,
1584 4197 1721 4254 teretium

84 4287 147 4342 aliis
157 4289 197 4344 ad
206 4287 414 4360 processionem
424 4287 599 4353 exeuntibus,
608 4286 661 4359 ipsi
671 4288 698 4342 iu
711 4287 785 4342 exitu
798 4287 885 4342 eccle·
926 4284 1001 4338 Irunc
1011 4281 1371 4352 versumdicendo.Surcrpe
1380 4301 1431 4347 rae,
1444 4285 1722 4350 Dnmtnerccundom

81 4378 128 4432 sire
142 4377 224 4433 intra
247 4377 339 4449 ipsam
363 4375 507 4432 ecelesiam
525 4381 602 4430 stant
619 4375 742 4430 ordinati
756 4374 882 4441 inclines,
895 4363 917 4422 D
928 4373 1067 4442 eloquium
1085 4375 1164 4424 tuum
1178 4375 1202 4422 ct
1217 4372 1317 4424 ru'rom.
1335 4370 1369 4425 Et
1382 4372 1466 4428 toties
1480 4389 1497 4428 a
1511 4377 1570 4429 toto
1585 4382 1723 4432 conventu

81 4465 174 4521 donec
191 4471 391 4540 pertranseant
402 4466 514 4520 fratres.
528 4464 645 4520 Interim
664 4465 731 4519 dum
746 4469 813 4520 sunt
826 4463 887 4520 sine
928 4458 1059 4514 sinriliter
1078 4457 1118 4512 eis
1134 4458 1329 4530 respondetur,
1344 4461 1428 4515 tertia
1450 4461 1519 4527 vice,
1535 4463 1629 4520 Gloria
1644 4467 1725 4523 Patri

79 4555 208 4628 mpitiis,
216 4560 336 4628 possunt
349 4554 421 4609 albis
435 4559 465 4609 et
477 4554 573 4626 cappis
587 4553 704 4608 licenter
714 4547 801 4620 indui,
815 4554 888 4608 sicut
928 4549 1061 4618 adjuncto
1079 4563 1181 4618 gyrum
1197 4547 1303 4603 saclunt
1316 4549 1468 4620 poplitibus
1490 4553 1569 4608 Ilexis
1585 4560 1613 4609 et
1626 4561 1725 4628 postea

79 4653 108 4700 et
126 4646 181 4701 alii
197 4645 311 4702 cuilibet
325 4643 508 4717 processioni,
524 4660 585 4715 quae
597 4648 675 4698 extra
686 4642 887 4698 monasterium
929 4642 1113 4710 prosternunt
1124 4653 1154 4691 se
1168 4637 1204 4692 ad
1218 4637 1385 4696 oratIonom.

78 4753 135 4790 uon
152 4736 264 4807 agitur,
275 4735 428 4801 intersunt,
449 4733 498 4788 sed
513 4732 606 4787 ultimi
632 4733 807 4804 praecedente
828 4748 887 4786 rna-
964 4727 1090 4782 Domnus
1105 4723 1200 4791 abbas,
1217 4725 1275 4780 siue
1293 4725 1372 4781 illam
1387 4727 1502 4784 missam
1524 4731 1647 4789 celebret
1668 4734 1726 4791 sire

77 4825 174 4894 gistro
201 4839 318 4890 eorum3
347 4827 376 4877 et
393 4821 429 4877 ad
452 4821 680 4893 stationemque
703 4821 733 4875 iu
751 4819 888 4876 vestibulo
929 4832 986 4872 non
999 4813 1138 4887 imponit:
1155 4816 1249 4882 Kprie,
1268 4817 1378 4872 cleison.
1395 4818 1475 4872 Pater
1490 4825 1647 4878 raoster·:et
1662 4831 1727 4896 post

76 4913 199 4985 agenda
213 4917 265 4980 est,
287 4911 342 4984 ipsi
366 4916 442 4966 retro
456 4917 520 4983 post
539 4910 664 4966 seniores
681 4909 762 4982 quasi
785 4909 888 4964 lineam
930 4907 1066 4972 Miserere,
1079 4908 1108 4958 et
1121 4903 1272 4975 praemissis
1282 4903 1326 4959 bis
1339 4904 1483 4961 versiculis
1493 4927 1499 4962 :
1511 4909 1604 4966 Solous
1613 4914 1725 4981 suesor-

75 5002 234 5071 tacientes,
252 5005 327 5057 stare
346 5000 460 5060 debent.
930 5011 984 5062 ros,
1001 4998 1054 5052 etc,
1070 4995 1203 5057 ilr'ttceis,
1215 4994 1339 5057 Domine,
1352 4999 1406 5049 etc.
1422 4997 1503 5052 Nihil
1515 5003 1654 5069 proficiat,
1672 5007 1724 5057 etc.

356 5089 473 5147 CAPUT
496 5087 622 5146 LXXIII.
829 5124 834 5133 ·
931 5083 993 5140 Esto
1007 5085 1054 5142 cis,
1066 5083 1189 5144 uernae,
1207 5083 1296 5136 turris
1309 5083 1497 5151 fortitudinis.
1510 5088 1672 5160 Sequuntur
1684 5089 1727 5147 lrae

13 5235 14 5250 ,
247 5183 281 5236 lle
295 5184 398 5236 iterata
408 5181 580 5235 novitiorum
592 5181 731 5250 politione.
931 5171 1052 5228 collectae
1061 5188 1068 5227 :
1078 5171 1334 5239 ltcusindulpcntm
1340 5174 1503 5229 Pareamus
1512 5180 1729 5246 qrn‘perooeler·

112 5267 252 5326 'Finitis
277 5275 371 5324 autem
391 5267 532 5339 predictis
551 5268 661 5336 diebus,
678 5265 813 5336 cumjam
828 5281 889 5320 mo·
932 5261 1726 5333 isarnum-amriiometcnommeresonursiamcasam.

75 5357 205 5414 nesticae
223 5357 285 5412 ritae
309 5355 534 5412 benedIctionem
557 5361 624 5410 sunt
650 5355 802 5426 accepturi,
828 5357 891 5424 post
938 5351 1105 5413 Veni,mncte
1120 5351 1252 5418 Spiritus,
1265 5352 1314 5419 qai
1330 5351 1660 5422 tedeumucllomiuum,
1672 5365 1725 5416 etc.

74 5449 216 5520 priorem
228 5446 350 5523 xmIssam
363 5462 420 5501 non
433 5445 468 5500 ad
478 5445 633 5518 capitulum
650 5445 778 5512 lrntrum,
799 5441 892 5499 sedin
933 5437 1063 5494 Cucullas
1077 5437 1116 5492 ita
1128 5437 1268 5492 benedicIt
1284 5455 1290 5490 :
1304 5438 1419 5491 Bornine
1432 5439 1494 5492 lesu
1509 5437 1624 5504 Clarum,
1637 5450 1687 5515 qur
1696 5453 1731 5504 ιε.

74 5537 187 5593 oellam
207 5551 288 5592 suam
302 5551 366 5591 cum
375 5535 511 5608 magistro
521 5534 699 5604 conveniunt,
716 5533 809 5608 ibique
817 5532 892 5588 inte·
933 5532 1106 5600 numentum,
1124 5535 1177 5586 etc.
1193 5525 1222 5582 Si
1237 5523 1344 5594 novitii,
1360 5540 1412 5583 sua
1430 5525 1625 5587 benedictione
1641 5535 1731 5609 finita,

236 5637 366 5700 Parnon
382 5633 441 5700 Cb.
1570 5627 1610 5700 32
