3896 6170
244 225 313 287 1263
775 231 949 290 GUIDONIS
968 229 1120 287 nastris
1138 232 1338 292 FARFENSIS
1776 241 1834 299 libi

239 353 425 428 temporibus,
437 355 539 427 quibus
552 357 671 412 mixtum
692 357 830 429 accipitur
847 362 911 430 post
924 357 1072 416 tertiamh
1117 357 1150 413 In
1164 358 1293 414 maximis
1316 358 1516 415 festivitatibus
1538 359 1676 415 duodecim
1696 363 1838 420 candelabra

241 443 265 500 ai
275 444 430 516 loquuntur
444 444 473 500 in
486 445 618 502 claustro.
630 447 787 502 Novissime
801 453 902 503 exeant
916 448 951 503 ad
964 447 1038 518 capi·
1078 449 1136 504 sint
1161 454 1227 504 ante
1249 450 1338 504 altare
1363 449 1465 519 maius,
1480 449 1515 504 ad
1538 449 1684 504 matutinas
1705 450 1796 516 hodes,
1809 454 1837 508 ad

240 535 331 590 tulum
346 535 431 607 primi
445 540 474 591 et
487 542 550 608 post
564 553 666 592 nonam
683 538 725 592 vel
731 538 919 593 collationem.
931 538 1038 593 Induo·
1079 537 1193 591 missam
1217 543 1246 592 et
1259 553 1415 608 vesperam,
1430 536 1493 592 aliis
1507 537 1582 591 horis
1593 541 1625 591 ut
1637 553 1722 609 supra.
1741 538 1838 602 Quando

240 623 329 678 decim
347 623 514 680 lectionibus
526 626 600 697 quod
614 628 734 698 populus
750 643 805 681 aon
821 627 954 688 celebrat,
972 643 1037 698 pos·
1078 626 1312 698 unumquodque
1333 643 1406 697 resp.
1423 641 1440 680 a
1462 624 1570 680 duobus
1589 625 1715 680 fratribus
1731 635 1839 682 canatur

239 716 307 766 sunt
321 712 423 768 fratres
438 713 606 769 vestimenta
619 721 704 786 atque
722 715 907 771 calciamenta
927 716 1036 770 deferre
1078 714 1114 769 ad
1129 715 1292 780 matutinos,
1309 730 1365 769 una
1380 713 1562 769 solacollecta
1577 713 1611 768 ad
1625 713 1730 768 missam
1744 715 1839 770 matuti-

238 799 433 857 inclaustrum
448 803 484 858 ad
505 804 709 859 meliorandum
724 810 753 859 in
767 803 897 872 sabbato;
913 805 962 859 sed
976 805 1037 875 ipsa
1078 805 1172 859 nalem
1189 804 1302 870 dicitur,
1322 810 1350 859 et
1364 803 1394 858 in
1408 802 1477 875 ipsis
1496 802 1594 857 diebus
1608 809 1793 858 aoncantatur.
1807 807 1839 858 m

239 889 927 963 dieantevesperumsustollantQuotidianisvero
937 893 1036 949 diebus
1079 895 1240 960 Dominam,
1257 909 1321 948 cuin
1337 895 1498 955 tribularer,
1512 908 1562 964 pro
1574 891 1705 947 defunctis
1718 893 1750 947 ad
1762 893 1838 948 horas.

239 979 393 1052 eademque
407 980 561 1036 faciant.In
576 981 645 1054 ipsis
655 981 853 1038 festivitatibus
867 982 1036 1055 supradictis
1078 981 1107 1036 Si
1118 982 1252 1054 magister
1261 999 1363 1055 pueros
1377 980 1499 1037 mittitin
1512 980 1656 1052 judicium,
1672 997 1723 1036 non
1735 981 1839 1036 debetad

238 1067 389 1140 scriptores
403 1076 522 1140 possunt
533 1070 663 1138 scribere,
680 1071 791 1126 etiamsi
801 1072 829 1125 in
842 1071 937 1143 cappis
952 1071 1037 1127 fuerit
1077 1071 1164 1126 alium
1178 1073 1328 1144 pertinere,
1350 1072 1405 1127 nisi
1425 1073 1461 1127 ad
1476 1071 1553 1126 illum
1569 1071 1616 1144 qui
1630 1071 1747 1127 ordinem
1759 1077 1837 1126 tenet:

237 1156 424 1214 celebrataln
435 1159 564 1214 maximis
573 1159 675 1232 quippe
685 1159 882 1216 festivitatibus
896 1167 925 1216 et
938 1160 1037 1215 Domi·
1076 1160 1101 1215 si
1124 1160 1229 1217 bonum
1244 1162 1354 1217 videtur
1368 1167 1400 1216 ut
1413 1161 1584 1228 absolvatur,
1605 1161 1711 1232 signum
1731 1161 1839 1231 magatro

238 1245 309 1301 nicia
324 1246 434 1313 diebus,
454 1263 507 1303 nec
519 1249 588 1321 ipsis
603 1255 646 1304 est
660 1248 848 1315 scribendum,
864 1267 916 1305 nec
933 1249 1036 1304 fratres
1076 1250 1171 1317 faciat,
1182 1256 1214 1305 ut
1228 1250 1396 1306 absolvatur.
1414 1249 1550 1306 Sacerdos
1561 1267 1617 1305 non
1629 1255 1703 1320 petat
1713 1249 1839 1304 reniamad

236 1341 344 1406 ponant
357 1336 530 1392 vestimenta.
546 1339 613 1393 Post
622 1338 833 1409 completorium
850 1339 944 1393 nulius
960 1339 1037 1409 legat
1077 1339 1279 1394 confessionem
1296 1340 1395 1394 levitae.
1416 1338 1510 1394 hbbas
1525 1338 1582 1394 sive
1594 1339 1744 1393 sacerdotes
1754 1355 1841 1409 semper

229 1414 267 1479 ‘in
281 1429 369 1479 strato
384 1443 445 1487 suo,
454 1443 505 1481 nec
514 1427 609 1498 egredi
618 1427 653 1482 de
664 1426 829 1483 dormitorio
838 1428 868 1482 in
881 1428 1035 1482 claustrum
1077 1428 1297 1484 satisfactionem
1318 1429 1393 1484 inter
1412 1445 1442 1483 se
1466 1428 1571 1483 faciant
1584 1427 1693 1500 quando
1705 1427 1753 1482 hoc
1763 1433 1840 1497 agurii.

237 1519 404 1585 praesumam
424 1514 556 1570 similiter
575 1515 749 1588 temporibus
771 1516 935 1571 meridianis
957 1521 1036 1571 ente·
1077 1517 1161 1574 Omni
1176 1535 1299 1588 namque
1310 1523 1438 1590 tempore
1453 1517 1565 1588 quando
1589 1517 1622 1571 tit
1635 1516 1802 1581 intervallum,
1814 1516 1841 1569 ad

237 1617 323 1673 quam
334 1603 412 1657 scilia
421 1609 518 1658 sonet:
532 1619 598 1658 nam
610 1603 686 1658 inter
699 1603 790 1676 ipsam
805 1603 989 1659 meridianam
1000 1603 1035 1659 de
1075 1607 1209 1662 lectiones
1231 1607 1397 1662 vacandum.
1417 1607 1539 1662 Tamdiu
1560 1604 1643 1661 debet
1655 1605 1740 1660 teneri
1752 1604 1841 1674 signum

236 1689 393 1746 senioribus
407 1691 456 1762 qui
471 1692 588 1746 voluerit
597 1692 787 1764 legere,legat.
797 1693 812 1748 J
815 1692 927 1748 uniorcs
933 1693 1034 1747 fratres
1043 1671 1067 1732 Β
1076 1695 1111 1750 ad
1127 1695 1256 1768 primam.
1269 1713 1413 1767 quousque
1424 1695 1592 1750 conveniant
1601 1711 1707 1762 omnes,
1719 1699 1841 1764 utseptem

236 1785 264 1834 et
289 1779 412 1834 infantes
436 1796 614 1854 nequaquam
636 1782 689 1836 hoc
712 1785 897 1853 presumant.
916 1783 949 1837 ln
966 1780 1034 1852 ipsis
1075 1786 1200 1858 psalmos
1213 1787 1364 1841 decantare
1378 1785 1488 1856 possint
1507 1783 1645 1847 inclinati,
1665 1789 1692 1838 et
1704 1784 1768 1838 facto
1780 1782 1842 1851 signo

235 1868 409 1940 temporibus
422 1869 470 1942 qui
483 1870 542 1925 vult
555 1887 585 1925 se
594 1869 738 1942 cooperire
752 1871 786 1925 de
802 1870 911 1942 pellicia
924 1887 977 1925 sua
989 1870 1033 1925 vel
1075 1874 1111 1929 ab
1129 1873 1229 1930 abbate
1244 1873 1432 1939 dimittantur,
1449 1878 1478 1928 et
1495 1873 1566 1928 hora
1580 1873 1732 1928 inchoetur.
1747 1872 1783 1926 nd
1798 1877 1843 1924 ter·

234 1955 270 2011 de
284 1956 402 2022 cuculla,
418 1957 514 2016 faciat:
530 1959 578 2013 sed
593 1958 686 2013 videat
700 1974 735 2013 ne
750 1976 780 2014 se
795 1974 859 2013 cum
870 1958 970 2012 calceis
980 1957 1035 2012 col·
1074 1963 1154 2030 tiam,
1171 1962 1228 2018 sive
1242 1967 1347 2018 sextam
1360 1961 1401 2016 vel
1415 1977 1517 2017 nonam
1529 1961 1638 2016 tamdiu
1651 1965 1843 2016 teneatseereta·

233 2047 317 2104 locet.
332 2051 451 2105 iuvenes
467 2055 551 2122 atque
562 2050 683 2105 infantes
697 2051 779 2106 sicuti
793 2051 929 2116 democle,
946 2051 986 2106 ita
1001 2066 1034 2105 ex
1074 2051 1132 2106 rius
1146 2051 1300 2107 secundum
1319 2050 1445 2124 signum,
1469 2067 1618 2122 quousque
1632 2049 1714 2105 abbas
1734 2047 1843 2104 veniatis

234 2141 295 2192 toto
321 2153 352 2192 se
370 2138 535 2210 coaptitent.
553 2140 674 2194 iuvenes
697 2138 798 2194 fratres
812 2157 869 2195 noa
884 2147 984 2194 exeant
998 2140 1033 2195 de
1074 2140 1212 2195 choroEt
1225 2139 1248 2194 si
1263 2138 1447 2205 abbasdeest,
1457 2155 1513 2194 non
1526 2145 1570 2194 est
1581 2143 1841 2208 necesseexspectare.

235 2225 401 2282 dormitorio
414 2233 566 2300 antequam
581 2226 660 2299 pueri
671 2234 797 2299 surgant.
805 2229 873 2284 Post
887 2229 954 2284 hine
965 2230 1034 2285 dum
1076 2229 1159 2284 Sexta
1177 2229 1246 2285 hora
1261 2233 1392 2284 teneatur
1405 2228 1561 2283 secundum
1577 2228 1687 2300 signum
1702 2225 1844 2298 usquedum

233 2314 356 2371 infantes
371 2315 499 2382 exieriat,
513 2322 615 2372 cantet
628 2317 682 2388 ipsi
696 2333 760 2372 cum
775 2334 827 2372 sua
840 2319 984 2387 custodia3
997 2318 1034 2374 si·
1074 2318 1194 2384 dicatur,
1200 2321 1273 2374 Deus
1283 2321 1459 2373 irriscrcatur.
1468 2317 1509 2372 Ad
1521 2333 1625 2372 nonam
1635 2314 1792 2389 temporibus
1801 2330 1844 2367 mc·

233 2421 270 2462 ne
281 2407 484 2462 custodiavero
499 2423 555 2463 non
570 2413 742 2479 praesumant
751 2423 892 2478 quoquam
900 2407 1031 2472 transire,
1073 2406 1189 2462 ridianae
1202 2411 1298 2461 teneat
1312 2406 1418 2461 scillam
1437 2412 1548 2461 tantum
1571 2421 1724 2478 quousque,
1741 2405 1843 2458 Miserere

234 2492 320 2549 eham
330 2493 359 2549 in
374 2494 500 2562 ecclesia,
516 2495 629 2567 quando
650 2495 746 2550 volunt
756 2495 882 2572 accipere
897 2495 1032 2550 Euchari·
1073 2499 1137 2560 inei,
1154 2499 1224 2552 Deus
1238 2495 1362 2552 finiatur.
1377 2495 1420 2550 Ad
1439 2511 1589 2567 vesperum
1604 2495 1639 2548 ad
1654 2493 1844 2564 unumquodque

234 2581 326 2638 stiam.
352 2585 385 2639 la
409 2584 533 2639 claustro
553 2584 635 2655 J'uxta
656 2600 736 2638 suam
761 2583 917 2638 custodiam
935 2585 1033 2639 sedeat
1073 2584 1183 2656 signum
1195 2600 1258 2640 cum
1270 2585 1398 2656 pulsatur
1407 2584 1505 2638 tandiu
1516 2585 1710 2656 protendatur,
1720 2588 1749 2637 ut
1759 2582 1845 2636 Deusta

232 2672 437 2744 unusquisque.
456 2674 488 2728 ln
503 2672 667 2727 dormitorio
683 2689 747 2727 vero
758 2673 839 2744 juxta
854 2673 1029 2744 magistrum,
1072 2675 1247 2744 adjutorium
1266 2689 1358 2728 ancum
1380 2678 1537 2744 promatur.
1560 2673 1606 2729 Ad
1619 2671 1787 2728 secretarium
1800 2685 1844 2723 non

231 2761 275 2816 vel
289 2761 505 2820 anteahabeant
520 2762 600 2817 lecta.
617 2761 734 2827 Quando
749 2762 1031 2834 septimanariusfue·
1071 2763 1195 2836 pertinet
1209 2764 1243 2818 de
1258 2762 1344 2818 missa
1359 2761 1513 2835 hospitum,
1525 2763 1576 2818 sed
1591 2761 1676 2817 frater
1689 2757 1845 2816 ostiariusde·

231 2849 271 2906 rit
283 2849 343 2923 ipse
354 2851 465 2922 juvenis
477 2851 574 2914 frater,
588 2867 651 2906 cum
667 2867 718 2905 suo
729 2851 963 2925 magistropotest
976 2853 1031 2908 exi·
1072 2851 1120 2908 bet
1134 2869 1230 2908 curam
1240 2851 1353 2915 habere,
1371 2857 1400 2906 et
1412 2851 1463 2917 illi,
1478 2851 1525 2924 qui
1536 2855 1617 2907 tenet
1631 2851 1750 2906 ordinem
1760 2849 1845 2914 dicere,

231 2955 262 2994 re
277 2939 312 2994 de
325 2939 490 2996 dormitorio
502 2939 915 3012 anteinfantes,etpostt1inas
926 2942 1031 2998 oratio-
1070 2945 1103 2995 ut
1116 2941 1166 2995 tali
1175 2940 1314 3012 injungat,
1328 2939 1377 3010 qui
1393 2940 1544 3010 diligenter
1553 2933 1843 3013 possitimplerc.Pueri
1922 2995 1923 2998 Ἴ

231 3045 282 3084 nes
295 3027 428 3085 inchoare
442 3045 522 3085 suam
542 3028 741 3085 obedientiam.
765 3029 795 3085 Si
809 3046 875 3086 vero
889 3048 952 3086 cum
967 2987 1059 3087 aliisC
1071 3043 1193 3102 namque
1207 3030 1243 3084 ad
1261 3029 1376 3084 missam
1392 3028 1601 3093 matutinalem,
1617 3045 1678 3101 que
1691 3031 1807 3082 cantatur
1818 3022 1846 3077 ad
1922 3003 1923 3053 l

231 3133 264 3172 ex
278 3116 413 3174 fratribus
428 3117 522 3184 fuerit,
535 3135 592 3174 noa
606 3118 751 3173 exeatullo
766 3118 860 3185 modo,
871 3119 960 3175 donec
969 3123 1030 3192 ejus
1071 3125 1198 3175 sanctam
1209 3135 1319 3174 crucem
1334 3135 1390 3173 non
1406 3122 1526 3190 pergant
1534 3117 1575 3173 ibi
1590 3119 1627 3173 ad
1639 3116 1800 3173 serviendum
1812 3129 1846 3166 sa-

230 3206 359 3263 custodia
386 3207 533 3273 excitetur,
554 3213 582 3262 et
605 3207 711 3278 pariter
733 3224 797 3263 curn
826 3224 858 3264 eo
886 3215 985 3280 surgat
1003 3214 1031 3265 et
1072 3209 1188 3275 cerdati,
1210 3207 1259 3263 sed
1285 3207 1431 3263 secretarii
1453 3207 1656 3262 administrent
1676 3205 1715 3261 illi
1732 3201 1845 3277 quidquid

231 3295 327 3352 abluat
351 3313 452 3352 manus
471 3301 556 3368 atque
575 3296 691 3365 laciem3
719 3299 748 3352 et
772 3302 867 3352 ternas
888 3299 1030 3354 orationes
1070 3313 1224 3370 congruum
1239 3302 1282 3352 est
1297 3313 1361 3352 cum
1376 3296 1470 3351 levita.
1487 3297 1550 3351 Noa
1567 3293 1753 3368 disciplinabit
1765 3291 1846 3361 magis·

230 3390 326 3457 agant.
343 3385 449 3441 Exinde
460 3385 577 3440 redeant
589 3385 617 3440 in
628 3385 758 3456 coquina,
776 3392 804 3441 et
814 3385 938 3442 dimittat
951 3386 1029 3461 [erran
1070 3391 1115 3440 ter
1127 3401 1229 3458 pueros
1245 3385 1274 3440 in
1298 3386 1383 3440 choro
1402 3386 1425 3440 si
1447 3385 1570 3441 domnus
1593 3385 1678 3441 abbas
1698 3381 1846 3439 affueritaut

230 3473 376 3546 magister]
390 3473 431 3530 ibi
442 3473 494 3530 sub
507 3474 634 3530 custodia
646 3491 679 3529 ex
692 3473 735 3530 his
746 3474 805 3543 ani,
822 3475 943 3546 qualiter
952 3477 978 3531 ei
992 3476 1031 3532 vi·
1071 3475 1149 3546 prior
1163 3491 1169 3524 τ
1185 3491 1236 3529 nec
1258 3474 1292 3529 de
1310 3473 1359 3528 illo
1375 3473 1470 3540 choro,
1486 3474 1516 3529 in
1533 3491 1591 3546 quo
1601 3479 1667 3541 stat,
1681 3473 1727 3546 qui
1740 3471 1843 3527 ordinem

148 3561 151 3570 '
230 3579 294 3618 sum
307 3562 403 3618 fuerit.
1070 3568 1158 3619 tenet.
1171 3562 1201 3619 si
1215 3563 1335 3618 domnus
1353 3562 1440 3618 abbas
1455 3578 1512 3617 noa
1522 3569 1566 3618 est
1575 3570 1627 3620 aut
1636 3563 1719 3636 prior,
1735 3559 1846 3630 magister

266 3651 299 3705 In
315 3650 463 3723 precipuis
477 3649 684 3719 festivitatibus,
699 3651 723 3706 si
742 3650 828 3706 abbas
839 3651 926 3719 deest,
943 3654 1031 3710 missa
1071 3668 1104 3706 ex
1119 3669 1170 3707 sao
1183 3653 1268 3707 choro
1283 3651 1566 3723 faciatdisciplinam.
1579 3652 1609 3708 Si
1621 3658 1712 3707 tamen
1723 3663 1845 3720 nonpres·

231 3754 287 3795 non
302 3739 433 3810 pertinet,
448 3745 479 3794 ut
498 3755 559 3794 earn
574 3740 647 3796 ullus
661 3745 757 3795 cantet
771 3740 824 3796 nisi
838 3741 1029 3798 bebdomada·
1070 3747 1113 3796 tat
1125 3741 1154 3796 in
1167 3741 1215 3796 illo
1232 3740 1328 3806 choro,
1351 3741 1425 3795 unde
1441 3745 1483 3795 est
1497 3741 1555 3802 ille,
1574 3741 1623 3814 qui
1638 3741 1758 3796 ordinem
1768 3739 1842 3792 tenet:

230 3827 299 3884 rius.
315 3829 370 3885 Sed
382 3834 477 3883 tamen
486 3827 639 3900 prevideat
647 3829 795 3896 armarius,
811 3835 843 3884 ut
854 3846 910 3886 uon
924 3849 975 3903 per
987 3849 1031 3888 or·
1070 3830 1124 3886 nisi
1140 3831 1212 3886 forte
1225 3831 1285 3903 ipse
1298 3829 1425 3902 jusserit.
1436 3829 1510 3884 Num
1522 3830 1545 3884 si
1557 3830 1728 3902 negligentia
1736 3839 1844 3884 converso

231 3917 326 3974 dinem
340 3917 370 3973 in
385 3915 497 3973 brevem
512 3918 616 3985 mittat,
629 3918 678 3972 aed
692 3919 778 3973 talem
793 3919 842 3991 qui
855 3920 963 3975 utiliter
976 3923 1030 3977 scit
1071 3919 1223 3992 aliquando
1229 3919 1315 3974 fuerit
1322 3919 1357 3974 de
1366 3917 1543 3985 candelabro,
1552 3927 1648 3991 potest
1657 3919 1745 3974 infans
1754 3919 1845 3988 portare

230 4005 284 4062 hoc
297 4006 425 4063 divinum
443 4023 537 4080 agere.
555 4006 673 4072 Quando
687 4008 743 4064 duo
757 4008 901 4065 thuribula
921 4010 1030 4067 suntin
1071 4013 1156 4080 atque
1170 4013 1266 4064 tenere
1281 4023 1371 4078 usque
1385 4007 1453 4063 dum
1467 4008 1552 4078 Kyme
1566 4005 1779 4063 eleisondirerit.
1792 4000 1844 4058 etin

230 4095 299 4168 ipsis
316 4096 405 4162 lestis,
418 4095 504 4151 abbas
519 4095 647 4152 induitur
658 4097 694 4152 ad
708 4114 806 4164 unum,
820 4097 909 4153 frater
922 4099 1030 4155 hebdo··
1069 4097 1192 4153 crastino
1205 4098 1266 4168 eius
1280 4096 1415 4168 magister
1428 4095 1638 4172 quereletur.Si
1652 4096 1765 4151 domnus
1777 4089 1844 4144 abbas

231 4185 374 4242 madarius
389 4186 425 4241 ad
439 4185 525 4241 aliud.
541 4185 570 4242 Si
582 4184 668 4240 abbas
683 4185 768 4242 fuerit
781 4185 1026 4256 hebdomadarius,
1070 4187 1193 4258 aliquem
1206 4185 1310 4241 librum
1324 4186 1358 4240 de
1376 4185 1432 4240 alio
1454 4185 1626 4240 monasterio
1652 4181 1808 4256 acquisierit,
1825 4180 1847 4230 ct

230 4275 397 4331 revestiatur
411 4282 439 4330 et
450 4291 523 4330 unus
538 4291 571 4329 ex
579 4272 724 4338 fratribus,
735 4275 779 4330 cui
794 4275 962 4332 secretarius
976 4295 1029 4334 an-
1069 4275 1207 4348 praefmito
1223 4274 1306 4330 debet
1315 4279 1441 4347 tempore
1450 4273 1578 4340 reddere,
1589 4275 1634 4329 vel
1648 4274 1702 4329 alia
1718 4267 1846 4326 neceaias

230 4364 334 4420 nuerit.
345 4364 463 4430 Quando
473 4362 559 4419 abbas
570 4363 685 4419 indutus
695 4362 781 4419 fuerit
793 4365 829 4419 ad
838 4365 977 4420 canticam
993 4340 1162 4432 deDfuerit,
1179 4370 1208 4419 et
1221 4364 1340 4419 domnus
1353 4363 1438 4418 abbas
1453 4363 1628 4436 preceperit,
1644 4361 1688 4419 vel
1704 4361 1738 4417 ad
1751 4371 1847 4414 monas·

231 4453 383 4526 evangelio,
392 4457 422 4509 et
434 4451 670 4508 hebdomadarius
684 4469 717 4507 ex
730 4451 786 4507 alia
793 4458 873 4524 parte
880 4455 1028 4521 (armarius
1068 4453 1171 4509 terium
1186 4452 1370 4518 mandaverit,
1386 4452 1508 4524 psalmos
1519 4452 1685 4516 familiares,
1700 4456 1727 4506 et
1740 4448 1846 4510 missam,

231 4542 335 4615 quippe
347 4542 431 4598 debet
443 4541 570 4597 invenire
583 4541 726 4596 collectam
742 4546 771 4596 et
785 4541 898 4612 signum
913 4551 1026 4614 poneret
1068 4543 1111 4598 vel
1125 4541 1308 4598 meridianam
1323 4541 1410 4596 frater
1421 4541 1468 4596 ille
1487 4546 1605 4614 propter
1615 4542 1689 4597 hanc
1698 4537 1844 4610 scriptumm

229 4630 466 4688 hebdomadarius
478 4629 564 4686 frater
577 4629 626 4702 qui
640 4630 789 4686 revestitus
804 4635 847 4686 est
860 4635 956 4688 teneat
969 4633 1027 4691 col·
1068 4633 1202 4688 dimittat.

231 4720 388 4776 lectaneum
402 4717 464 4792 (60)
484 4725 550 4776 ante
572 4717 714 4785 abbatem,
730 4719 754 4775 si
768 4719 794 4774 ei
810 4720 985 4792 permiserit,
1003 4723 1027 4778 si
1355 4719 1470 4780 CAPUT
1489 4718 1579 4776 xvlt.

230 4825 297 4866 vero
306 4825 373 4877 non,
386 4824 459 4864 unus
470 4824 503 4863 ex
514 4807 665 4879 juvenibus
687 4808 735 4880 qui
756 4813 833 4864 stant
847 4810 883 4864 ad
896 4809 1025 4878 formam,
1240 4813 1324 4867 Pueri
1337 4814 1458 4882 qualiter
1470 4809 1604 4876 offerendi
1617 4813 1694 4864 sant.

229 4903 325 4953 teneat
339 4897 374 4952 ei.
391 4897 421 4953 si
435 4896 521 4952 abbas
536 4897 652 4954 indutus
662 4897 747 4953 fuerit
756 4899 841 4966 solus,
858 4915 932 4955 unus
944 4917 976 4956 ex
983 4902 1029 4973 ju·
1104 4901 1174 4957 Cum
1189 4905 1320 4973 parentes
1333 4916 1399 4955 suos
1413 4898 1486 4953 filios
1502 4896 1606 4953 Deoia
1615 4889 1842 4952 monasteriodsrc

228 4985 346 5044 renibus
366 4985 486 5042 fatribus
507 4985 603 5042 faciat.
627 4986 657 5043 Si
671 4973 817 5044 duodecim
836 4988 969 5045 lectiones
984 4991 1026 5046 fa·
1067 4989 1215 5058 voluerint,
1227 4989 1331 5045 faciant
1345 4987 1484 5061 imprimis
1492 4987 1526 5042 de
1538 4985 1662 5047 rebus,si
1674 4979 1842 5056 quashabeat,

228 5073 308 5131 ciunt
329 5075 442 5145 fratres,
456 5075 527 5131 feria
542 5081 644 5149 quarta
658 5076 737 5148 pueri
751 5094 808 5132 non
827 5077 920 5134 lavent
933 5079 1027 5152 capita
1065 5096 1117 5151 per
1140 5078 1236 5136 omnia
1259 5079 1332 5134 sicut
1351 5077 1459 5150 Regula
1486 5076 1554 5132 dicit
1576 5081 1649 5147 (cap.
1674 5071 1708 5130 58
1729 5063 1842 5136 etseq).

227 5181 280 5220 nec
292 5167 490 5221 calceamenta.
506 5163 541 5221 Ia
556 5164 754 5222 festivitatibus
769 5166 870 5239 quibus
883 5174 1026 5224 monaste·
1066 5168 1173 5225 Deinde
1191 5185 1256 5224 cum
1275 5167 1455 5238 Evangelium
1469 5166 1573 5221 lectum
1588 5163 1674 5219 fuerit
1686 5162 1722 5217 ad
1735 5158 1843 5218 missam·

227 5253 300 5310 rium
314 5260 406 5312 totum
419 5261 462 5312 est
478 5259 620 5322 ornatum,
644 5255 688 5310 vel
705 5255 864 5323 dimidium,
881 5257 917 5312 ad
940 5257 1025 5314 horas
1065 5263 1095 5314 et
1104 5257 1285 5320 offerendam,
1303 5257 1333 5312 in
1349 5255 1449 5329 primis
1462 5253 1549 5310 abbas
1563 5253 1677 5319 fecerit;
1693 5255 1757 5305 tunc
1766 5243 1844 5299 veniat

225 5343 371 5414 regulares
397 5351 456 5400 tres
479 5343 601 5399 candela
628 5343 747 5399 ardeant
768 5349 835 5400 ante
854 5343 952 5401 altare.
969 5345 1023 5404 Pro
1065 5363 1136 5418 puer
1149 5351 1214 5402 ante
1227 5346 1316 5401 altare
1329 5346 1373 5401 vel
1392 5346 1428 5399 ad
1450 5343 1565 5416 gradus,
1579 5347 1607 5398 et
1621 5338 1744 5396 daturin
1757 5345 1842 5390 manus

225 5431 313 5489 missa
325 5435 431 5506 maiore
446 5433 541 5489 omnia
553 5433 635 5506 signa
647 5433 803 5506 pulsentur.
1062 5436 1139 5492 illius
1153 5435 1326 5491 offertorium
1332 5451 1395 5490 cum
1401 5433 1494 5490 hostia
1503 5438 1533 5490 et
1541 5429 1665 5503 ampulla
1676 5427 1740 5494 vini,
1749 5431 1774 5481 et
1780 5433 1842 5478 aaut

259 5553 316 5630 [60)
330 5561 523 5631 caravanas,
543 5560 615 5620 liber
627 5561 726 5620 soclsa.
749 5561 779 5620 ia
800 5578 856 5639 quo
875 5560 1010 5640 collecte,
1025 5581 1078 5626 seu
1091 5581 1188 5640 preces
1203 5560 1392 5622 continentur.
