4058 6180
150 260 184 320 ia
509 261 598 323 Doti.
618 259 723 322 LUOAE
741 262 917 325 DACHERII
936 259 1047 336 NQ'l'AE
1065 258 1110 320 ET
1128 257 1434 320 OBSERVATIONES.
1757 275 1791 333 74

303 403 482 448 narviuaoiun
497 406 648 450 aasuanrts
668 407 743 448 rana
762 409 800 449 vi.
961 392 1137 456 Assisteret,
1151 408 1164 443 r
1180 391 1216 444 ad
1231 405 1327 444 omnes
1341 389 1529 460 praecedentes
1539 391 1678 451 clausulas
1691 399 1794 456 resera.

995 468 1053 529 tur,
1073 461 1153 516 nobis
1165 461 1239 514 idem
1254 459 1339 514 abbas
1357 461 1501 515 humiliter
1515 465 1682 544 supplicavit
1694 476 1726 524 ut
1743 471 1793 526 du-

154 535 208 602 Quo
220 531 250 588 S.
262 532 399 604 Sapirene·
411 536 585 591 cadurcensis
594 536 739 590 abbatibus
749 538 875 605 insignia
886 553 955 606 pon-
994 533 1071 588 blum
1080 531 1240 603 hujusmodi
1248 531 1400 596 declarare,
1408 548 1440 585 ac
1448 532 1568 599 etiarnsi,
1580 542 1609 590 ct
1617 538 1646 591 in
1655 546 1793 609 quantum

421 609 537 674 tilloalio
547 608 696 676 permittit.
996 621 1066 729 opus
1084 604 1178 668 luerit,
1196 602 1287 673 quoad
1302 601 1366 656 alba
1388 603 1559 673 pontificalia
1574 622 1624 676 per
1638 609 1793 668 Robertum

997 692 1014 730 a
1032 675 1137 740 batem,
1160 679 1188 728 et
1201 689 1374 728 successores
1388 689 1453 727 suos
1474 675 1620 744 predictos
1642 680 1672 734 in
1687 683 1794 738 eisdem

192 765 203 799 r
223 746 367 814 Clemens,
384 763 480 801 servus
496 764 639 802 servorum
656 748 716 814 Dei,
737 749 772 802 ad
791 754 956 821 perpetuam
997 746 1131 810 conciliis,
1141 749 1170 798 et
1183 744 1297 815 synodis
1311 743 1470 824 deserenda,
1480 748 1686 826 concessionem
1698 753 1794 823 hujus-

154 816 193 871 rei
203 817 384 874 memoriam.
397 819 505 872 Sanctae
515 819 648 873 Romanae
658 819 786 874 Ecclesiae
797 821 895 874 matris
908 821 957 875 Ec·
997 817 1073 871 modi
1086 816 1231 886 ampliare,
1244 815 1388 884 providere
1403 815 1438 868 de
1453 814 1625 886 benignitate
1641 825 1795 891 apostolica

154 888 304 942 desimam
317 888 444 943 omnium
457 895 486 943 et
500 890 650 960 magistre,
667 890 732 944 licet
745 891 891 956 immeriti,
908 908 954 946 re·
997 888 1187 958 dignaremur.
1202 887 1260 940 Nos
1275 886 1371 955 itaque
1385 886 1421 938 ad
1431 888 1702 946 omnenidubietatis
1718 911 1795 950 scru-

154 959 256 1028 gimini
268 959 464 1040 presidentes,
481 976 579 1014 earum
593 965 698 1014 statum
711 960 830 1016 libenter
841 962 957 1016 honoris
997 960 1095 1028 pulum
1105 957 1298 1037 milesendam,
1312 961 1410 1036 tenore
1424 958 1604 1026 praesentium
1618 961 1794 1021 declaramus

153 1029 304 1099 impendiis
319 1045 525 1100 promovemus
539 1035 568 1085 et
582 1047 643 1102 quae
662 1031 812 1086 dubietatis
827 1031 956 1087 anfractu
998 1034 1100 1083 nostrae
1115 1028 1277 1082 intentionis
1286 1025 1372 1080 fuisse
1388 1031 1415 1080 ot
1426 1043 1486 1080 esse
1498 1034 1529 1081 ut
1542 1028 1628 1085 abbas
1644 1040 1672 1088 et
1683 1051 1794 1091 succes·

153 1101 954 1172 mater-iamlitigiorumeisprotemporepossentinfcrre,
998 1116 1075 1154 sores
1089 1099 1177 1169 ipsius
1187 1097 1321 1169 praedicti,
1348 1097 1445 1178 mitris·
1461 1099 1554 1153 aureis
1569 1101 1626 1155 sive
1641 1104 1792 1172 deauratis,

153 1169 333 1236 declarando,
351 1175 488 1242 quantum
500 1171 580 1228 nobis
594 1172 724 1243 possibile
739 1173 877 1238 redditur,
894 1173 957 1228 sub·
998 1170 1117 1224 laminas
1136 1175 1165 1223 et
1184 1185 1310 1238 gemmas
1333 1167 1511 1233 habentibus,
1527 1187 1560 1223 ac
1574 1173 1752 1232 aurifrisiatis
1767 1185 1796 1232 et

154 1257 311 1295 movemus
328 1242 586 1314 Dudumsiquidem
596 1243 761 1298 dilectorum
771 1244 893 1298 liliorum
905 1245 957 1299 Ro-
997 1241 1097 1323 planis,
1111 1239 1277 1321 annulisque
1288 1238 1506 1320 etsandaliis,ac
1514 1241 1577 1321 aliis
1588 1244 1795 1312 pontificalibus

152 1311 224 1366 berti
243 1310 355 1366 abbatis
380 1318 408 1366 et
426 1319 578 1367 conventus
601 1314 763 1368 monasterii
783 1315 878 1369 Sancti
893 1316 957 1370 Ste-
997 1312 1136 1382 insigniis,
1151 1311 1229 1365 horis
1247 1309 1283 1364 ad
1301 1310 1360 1364 haic
1378 1315 1461 1380 aptis,
1478 1311 1646 1384 ubicunque,
1662 1317 1748 1372 etiam
1765 1319 1796 1373 iii

152 1382 283 1454 phanide
296 1383 421 1437 cadomo
429 1383 535 1438 ordinis
544 1385 633 1439 sancti
642 1385 785 1439 Benedicti
797 1386 957 1455 Bajocensis
998 1383 1146 1454 praesentia
1160 1381 1319 1447 diaecesani,
1336 1380 1379 1434 vel
1394 1381 1544 1450 cujuslibet
1557 1384 1673 1440 alterius
1687 1389 1797 1443 antisti-

153 1453 283 1508 dioecesis
299 1453 491 1509 insinuatione
505 1461 636 1526 percepto
650 1456 725 1578 quod
739 1455 886 1526 praesatum
900 1474 958 1512 mo-
997 1455 1044 1520 tis,
1056 1458 1243 1524 praeterquam
1253 1451 1282 1504 in
1297 1451 1513 1533 provincialibus
1527 1455 1651 1510 conciliis
1665 1465 1693 1512 et
1710 1476 1796 1530 syno-

151 1525 309 1579 nasteiium
330 1524 407 1578 inter
428 1525 484 1579 alia
506 1525 629 1595 partium
651 1527 765 1580 ilarum
787 1528 958 1581 monasteria
998 1525 1042 1578 dis
1056 1523 1259 1594 episcopalibus
1271 1541 1277 1589 ;
1289 1528 1318 1574 et
1330 1539 1360 1575 in
1370 1522 1476 1576 eisdem
1487 1524 1612 1579 conciliis
1627 1533 1655 1581 et
1668 1531 1793 1600 synodis,

152 1603 211 1648 erat
222 1595 320 1649 nobile
333 1600 362 1648 et
375 1595 497 1665 insigne,
514 1602 543 1650 ct
555 1596 586 1650 iii
607 1612 639 1650 eo
655 1613 758 1667 magna
774 1613 840 1667 pars
858 1599 958 1668 capitis
998 1596 1089 1666 planis
1107 1594 1198 1648 mitris
1218 1593 1260 1646 uti
1277 1593 1395 1663 possint.
1421 1599 1450 1646 et
1472 1595 1546 1663 quod
1565 1596 1640 1651 dicta
1657 1600 1793 1669 clausula,

150 1665 351 1736 gloriosissimi
363 1667 581 1736 protomartyris
592 1666 701 1736 praelati
710 1668 800 1722 sancti
811 1669 954 1739 Stephani,
1000 1685 1011 1716 i
1029 1666 1181 1720 dummodo
1190 1663 1291 1734 aliquis
1300 1663 1449 1745 antistites,
1466 1664 1508 1718 vel
1522 1665 1632 1736 legatus
1647 1670 1721 1724 sedis
1730 1687 1796 1741 apo-

151 1754 201 1790 uec
216 1753 275 1790 non
297 1753 330 1790 ca
351 1736 398 1790 itis
412 1735 502 1791 beatae
516 1737 682 1807 llargaretae
706 1739 850 1808 martyris
874 1747 958 1810 prout
998 1737 1102 1791 stolidae
1130 1751 1251 1805 praesens
1281 1750 1338 1788 non
1361 1739 1502 1800 existeret,
1527 1755 1539 1787 i
1569 1738 1605 1791 ad
1632 1738 1795 1796 immediate

150 1809 178 1860 in
189 1753 385 1878 illispartihus
396 1808 552 1862 communis
566 1809 691 1862 fidelium
699 1808 793 1880 opinio
803 1810 955 1874 asserebat,
966 1827 990 1888 Β
1000 1807 1203 1878 praecedentem
1224 1805 1389 1871 clausulam,
1405 1805 1533 1860 videlicet
1547 1807 1581 1861 de
1600 1806 1795 1868 benedictione

151 1879 306 1948 multaeque
315 1878 437 1932 aliorum
451 1883 613 1934 sanctorum
623 1879 747 1950 reliquiae
758 1881 960 1935 honorabiliter
1000 1877 1119 1932 solemni
1132 1876 1337 1936 tantummodo,
1352 1881 1380 1929 et
1391 1876 1551 1957 nullatcnus
1565 1879 1600 1932 ad
1611 1879 1680 1934 alias
1690 1898 1795 1952 praece·

152 1949 351 2011 servabantur,
366 1953 562 2020 propterquae
587 1949 624 2003 ad
647 1950 739 2019 ipsum
755 1951 958 2006 monasterium
1000 1950 1098 2003 dentes
1118 1947 1257 2001 clausulas
1271 1947 1419 2000 reseratur.
1437 1947 1471 2000 Et
1490 1948 1671 2005 nihilominus
1692 1953 1796 2009 eisdem

154 2020 258 2090 sapius
284 2019 412 2089 undique
432 2035 496 2074 curn
520 2036 624 2090 magna
637 2020 783 2074 devotione
802 2021 960 2077 confluebat
1000 2019 1121 2074 Roberto
1144 2017 1247 2082 abbati,
1272 2024 1301 2071 et
1329 2016 1534 2072 suecessoribus
1562 2020 1620 2074 suis
1644 2024 1795 2092 praedictis

156 2090 311 2144 multitudo
325 2090 452 2144 fidelium
465 2090 596 2160 copiosa;
613 2098 729 2162 eratque
742 2091 827 2146 etiam
840 2092 870 2146 in
884 2093 959 2147 dicto
1001 2090 1075 2160 quod
1092 2090 1121 2142 in
1143 2089 1248 2143 eisdem
1264 2087 1479 2158 provincialibus
1493 2090 1617 2144 conciliis
1639 2099 1668 2147 et
1681 2095 1796 2164 synodis

158 2161 333 2215 monasterio
356 2177 457 2242 corpus
476 2161 630 2215 recolendae
651 2162 793 2216 memoriae
816 2161 960 2217 Guillelmi
1000 2161 1085 2215 ctiam
1107 2159 1268 2231 hujusmodi
1289 2158 1359 2212 albis
1382 2159 1586 2228 pontificalibus
1600 2171 1735 2234 perpetuo
1751 2167 1807 2221 uti·

157 2231 232 2302 regis
242 2231 353 2301 Angliae
372 2231 535 2302 principalis
549 2232 672 2302 ejusdem
687 2233 850 2287 monasterii
863 2233 960 2288 funda·
1000 2231 1116 2303 possint,
1133 2246 1300 2301 quacunque
1313 2230 1514 2285 constitutione
1525 2234 1667 2288 contraria
1676 2251 1733 2291 non
1748 2236 1795 2292 ob-

155 2303 225 2356 toiis
240 2301 441 2356 venerabiliter
455 2303 637 2369 tumulatum,
654 2303 701 2374 qui
717 2303 824 2357 dudum
838 2305 959 2358 existens
999 2309 1092 2356 stante
1107 2301 1284 2356 concedimus
1307 2306 1405 2354 tenore
1426 2302 1606 2371 presentium
1628 2307 1796 2364 auctoritate

154 2374 209 2426 dux
221 2372 504 2443 Nortmanniaecepit
517 2390 636 2444 regnam
648 2374 957 2443 Angliaeviarmorum,
999 2373 1152 2444 apostolica
1168 2373 1206 2452 de
1224 2370 1316 2441 gratia
1340 2371 1479 2452 ampliori.
1497 2374 1574 2427 Nulli
1592 2391 1658 2446 ergo
1680 2379 1794 2434 omnino

154 2442 220 2498 dicti
235 2460 350 2515 quoque
365 2443 452 2498 abbas
474 2450 503 2499 et
524 2451 676 2499 conventus
689 2444 720 2499 in
738 2446 837 2499 eodem
860 2462 958 2500 mona·
999 2443 1144 2498 hominum
1156 2444 1241 2496 liceat
1254 2442 1326 2495 hanc
1338 2458 1470 2512 paginam
1483 2449 1584 2498 nostrai
1599 2446 1796 2505 declarationis

154 2514 251 2578 sterio,
269 2531 303 2570 ac
326 2515 462 2568 tredecim
476 2515 682 2586 parochialibus
696 2516 818 2570 ecclesiis
839 2523 868 2571 et
890 2516 958 2571 locis
1000 2520 1029 2569 et
1047 2514 1232 2568 concessionis
1256 2513 1419 2582 infringere,
1445 2515 1487 2566 vel
1505 2515 1531 2568 ei
1548 2532 1620 2570 ausu
1643 2521 1796 2576 temerario

155 2602 266 2651 earum,
286 2602 321 2639 ac
335 2585 450 2709 capellis
468 2585 509 2640 eis
522 2585 716 2656 adjacentibus
734 2586 857 2656 legitime
871 2587 958 2641 habe·
1000 2585 1149 2640 contraire.
1163 2583 1268 2666 Siquis
1283 2588 1382 2665 autem·
1392 2584 1444 2637 hoc
1457 2591 1597 2666 attentare
1611 2605 1796 2662 praesumpse-

154 2660 218 2710 rent
242 2659 271 2710 et
287 2656 364 2726 possi
385 2661 474 2722 erent,
496 2673 528 2711 ac
547 2657 714 2712 habuissent
728 2663 757 2711 et
769 2657 959 2728 possedissent
999 2657 1046 2720 rit,
1067 2656 1289 2726 indignationem
1309 2659 1508 2724 omnipotentis
1528 2657 1578 2711 Dei
1598 2665 1626 2712 et
1648 2659 1797 2717 beatorum

155 2727 303 2792 hacteuus,
319 2733 380 2780 tam
389 2727 443 2798 ipsi
455 2743 539 2798 quam
549 2744 646 2783 eorum
661 2727 880 2798 praedecessores
894 2744 959 2784 con·
1000 2725 1077 2780 Petri
1089 2731 1118 2780 et
1129 2726 1211 2782 Pauli
1226 2725 1418 2796 apostolorum
1429 2726 1489 2796 ejus
1504 2743 1533 2780 se
1547 2731 1656 2785 noverit
1668 2731 1798 2788 incursu·

156 2797 245 2862 tinuo,
262 2797 363 2864 libere,
379 2798 494 2867 pacifice
507 2803 535 2852 et
549 2799 652 2869 quiete,
665 2805 693 2852 et
706 2815 722 2852 a
737 2804 817 2853 tanto
831 2805 958 2870 tempore
999 2813 1073 2852 rum.

157 2869 235 2938 cujus
254 2868 332 2922 initii
352 2868 490 2922 memoria
505 2884 562 2923 non
579 2869 715 2935 exstabat,
732 2870 958 2939 jurisdictionem
1037 2886 1048 2920 r
1065 2868 1168 2923 Datum
1178 2865 1252 2938 apud
1264 2865 1367 2920 Villam
1381 2868 1488 2921 Novam
1502 2869 1734 2940 Avenionensem,
1750 2874 1796 2930 die

158 2939 337 2994 siritualem
360 2943 389 2993 et
403 2939 629 3004 ecclesiasticam,
653 2957 685 2994 ac
709 2940 909 2995 correctionem
928 2941 958 2994 in
999 2938 1107 2993 decimo
1129 2938 1270 2993 Kalendas
1297 2937 1372 3003 Julii,
1398 2938 1576 3008 pontificatus
1602 2944 1693 2998 nostri
1720 2960 1796 3001 anno

159 2957 274 3064 chricea
288 3013 319 3063 et
333 3025 467 3080 personas
481 3009 683 3064 ecclesiasticas
697 3011 890 3082 delinquentes
902 3009 958 3064 ibi·
1000 3009 1108 3082 quinto.
1126 3028 1138 3060 i

159 3081 223 3135 dem
231 3099 239 3148 ;
253 3097 272 3134 a
287 3096 345 3151 qua
354 3081 468 3150 quidem
477 3081 670 3146 iurisdictione
683 3088 712 3136 et
723 3097 821 3136 eorum
834 3081 957 3148 officiali,

160 3167 215 3205 non
236 3151 275 3204 ad
296 3149 492 3222 episcopalem,
514 3151 564 3206 sed
582 3153 838 3223 Rctbomagensem
862 3169 960 3207 eorum

160 3221 382 3293 metropolitam,
399 3238 450 3276 scu
474 3222 707 3293 adapostolicam
726 3224 822 3277 sedem
842 3240 960 3278 consue·

159 3297 221 3346 tum
235 3297 299 3346 erat
314 3297 343 3346 et
356 3291 449 3346 luerat
462 3292 630 3363 regulariter
644 3293 743 3348 edicto
757 3299 884 3365 tempore
896 3295 960 3348 hac·

161 3369 244 3416 tenus
285 3363 431 3434 appellari,
465 3379 574 3418 necnon
603 3364 743 3419 dictarum
779 3366 960 3419 ecclesiarum
1039 3363 1221 3418 ‹Roraouus
1235 3361 1283 3416 Dei
1298 3363 1391 3433 gratia
1408 3363 1642 3436 Rothomagensis
1663 3371 1800 3444 arehiepi-

161 3433 285 3500 collatio,
314 3450 412 3488 earum
434 3449 469 3488 ue
495 3451 568 3490 curae
590 3435 759 3502 commissio,
780 3435 913 3503 visitatio,
933 3441 963 3490 et
1002 3451 1112 3504 scopus,
1127 3432 1473 3503 praesentibusetfuturis,
1488 3439 1618 3492 salutem.

162 3505 322 3576 procuratio
338 3505 373 3558 ad
394 3504 429 3558 ab
449 3509 524 3560 atem
539 3511 568 3559 et
583 3512 749 3561 conventum
765 3506 960 3576 pertinebant3
1040 3523 1054 3555 a
1070 3504 1224 3558 Plurimum
1236 3503 1800 3584 confertecclesiisetmonasteriisperso·

163 3575 278 3629 eosdem
289 3591 343 3629 nos
353 3576 477 3630 volentes
488 3581 546 3630 tam
561 3593 709 3647 personam
717 3577 832 3631 Robeiti
842 3577 960 3642 abbatis,
1004 3575 1047 3628 nis
1062 3591 1174 3645 quoque
1188 3580 1247 3628 lam
1262 3575 1455 3630 ecclesiasticis
1468 3595 1552 3648 quam
1566 3581 1749 3654 secularibus,
1764 3603 1800 3640 ea

164 3645 466 3717 lipsiusmultiplicium
476 3647 611 3702 virtutum
621 3648 886 3702 meritisetsincerae
897 3648 964 3702 dile·
1004 3662 1066 3715 quae
1079 3645 1135 3698 illis
1148 3662 1165 3698 a
1180 3645 1322 3700 catholicis
1332 3646 1399 3700 viris
1410 3648 1592 3704 conseruntur
1610 3652 1646 3706 ad
1657 3656 1800 3710 memoriae

163 3717 272 3778 ctionis,
314 3733 381 3770 uam
401 3717 437 3771 ad
452 3734 502 3772 nos
520 3725 549 3772 et
564 3717 719 3772 Romanam
741 3718 858 3787 gerebat
879 3724 964 3788 prout
1004 3716 1243 3770 conservationem
1256 3717 1356 3770 litteris
1367 3717 1505 3782 adnotari,
1519 3737 1554 3774 ne
1564 3721 1675 3778 delente
1690 3742 1724 3779 ea
1738 3743 1800 3797 quae

163 3787 236 3858 gerit
253 3734 416 3854 schaeam,
433 3789 533 3842 ellectu
548 3789 665 3842 lerventi
681 3788 862 3858 exigentibus)
879 3805 964 3860 quain
1004 3787 1077 3840 lacta
1095 3791 1161 3840 sunt
1182 3786 1329 3852 oblivione,
1345 3788 1419 3858 quod
1433 3790 1533 3845 stabile
1547 3791 1600 3846 luit
1614 3799 1642 3848 et
1656 3802 1749 3851 ratum
1769 3798 1800 3852 in

164 3857 369 3912 monasterium
383 3877 389 3912 :
403 3859 559 3928 praedictos,
575 3858 798 3914 consideratione
809 3861 964 3931 praemisso-
1005 3857 1186 3927 quaestionem
1198 3864 1353 3912 revocetur.
1366 3859 1434 3914 lnde
1444 3860 1583 3932 siquidem
1599 3870 1642 3918 est
1657 3867 1731 3936 quod
1745 3868 1800 3938 piis

165 3945 238 3990 rum,
264 3927 434 4000 specialibus
462 3928 615 4000 privilegiis
637 3935 665 3984 et
687 3930 803 3984 honoris
825 3931 964 4001 impendis
1004 3928 1316 3999 petitionibussiliorum
1327 3934 1488 3985 nostrorum
1499 3931 1641 3989 Guillelmi
1651 3937 1761 3992 abbatis
1771 3945 1800 3992 et

165 3999 309 4067 decorare,
326 4000 490 4054 eorumdem
509 3999 625 4054 Roberti
646 3999 755 4056 abbatis
769 4006 798 4054 et
811 4007 964 4056 conventus
1004 4005 1157 4053 conventus
1177 3999 1269 4054 Sancti
1286 4000 1421 4071 Stephani
1443 4002 1478 4056 de
1498 4003 1630 4072 Cadomo,
1646 4005 1800 4076 benignum

164 4069 194 4122 iii
208 4069 262 4123 hac
295 4075 356 4123 arte
379 4069 630 4141 supplicationibus
643 4071 780 4136 inclinati,
796 4072 887 4126 eidem
905 4073 963 4126 lio-
1004 4069 1160 4140 praebentes
1172 4087 1317 4125 assensum
1334 4071 1364 4124 in
1376 4071 1510 4142 scriptum
1520 4074 1684 4144 redigimus,
1696 4083 1725 4130 et
1739 4095 1800 4132 mu-

166 4139 245 4194 berto
259 4087 355 4194 ahbati
374 4147 404 4194 et
423 4139 629 4196 successoribus
642 4143 701 4196 suis
716 4142 864 4197 abbatibus
887 4145 964 4212 eius·
1004 4141 1111 4195 nimine
1120 4141 1205 4211 sigilli
1219 4142 1308 4195 nostri
1322 4141 1534 4196 corroboramus
1549 4161 1582 4198 ea
1596 4161 1657 4215 quae
1671 4148 1799 4202 novimus

167 4209 229 4264 dein
244 4211 422 4275 monasterii,
444 4213 491 4282 qui
503 4217 598 4267 essent
616 4229 666 4284 pro
680 4219 816 4284 tempore,
839 4219 871 4269 ut
889 4215 964 4268 idem
1004 4211 1034 4266 in
1048 4212 1209 4283 episcopatu
1223 4212 1368 4282 Bajocensi
1381 4213 1520 4282 pertinere
1537 4215 1572 4267 ad
1582 4219 1798 4287 possessionem,

168 4280 305 4336 Robeitus
318 4286 348 4336 ct
369 4281 409 4336 illi
429 4282 520 4336 mitiis
536 4283 628 4338 aureis
642 4284 699 4338 sive
722 4284 875 4352 deauratis,
893 4284 964 4340 lam·
1005 4288 1034 4337 ct
1043 4284 1101 4352 jus,
1113 4283 1357 4354 etelecmosynam
1372 4283 1451 4338 Beati
1467 4285 1601 4354 Stephani
1615 4287 1650 4340 de
1665 4288 1798 4355 Cadomo,

167 4368 226 4406 mas
235 4359 263 4406 et
276 4369 406 4424 gemmas
416 4353 593 4420 habentibus,
606 4355 814 4417 etauriliciatis,
824 4361 853 4410 et
863 4355 963 4427 planis,
1004 4359 1064 4407 tam
1088 4354 1118 4407 in
1139 4354 1262 4408 eeclesiis
1301 4370 1366 4407 uam
1386 4353 1416 4407 in
1440 4354 1562 4418 decimis,
1584 4357 1682 4428 pratis,
1707 4359 1797 4432 aquis,

166 4425 326 4494 annuloque
338 4429 367 4477 ct
379 4424 523 4488 sandaliis
541 4429 570 4479 et
592 4424 655 4479 aliis
674 4426 879 4498 pontificalibus
895 4427 965 4480 insi·
1005 4424 1090 4488 silvis,
1106 4424 1226 4495 pascuis,
1243 4371 1418 4489 mohndinis,
1441 4425 1580 4492 domibus
1595 4430 1688 4494 terris,
1705 4437 1734 4485 et
1752 4448 1800 4486 ea-

166 4494 237 4563 guiis
258 4495 289 4548 in
303 4494 456 4549 missarum
471 4500 500 4550 et
517 4495 652 4550 horarum
675 4497 795 4550 aliarum
809 4498 961 4564 solemniis,
971 4493 995 4551 D
1005 4511 1068 4549 rum
1079 4493 1292 4550 habitatoribus
1306 4494 1374 4558 Quae
1384 4495 1469 4550 etiam
1479 4495 1514 4550 ab
1524 4497 1714 4555 illustrissimo
1724 4502 1801 4557 Guil-

166 4564 341 4636 temporibus
364 4565 494 4636 congruis
518 4567 697 4638 ubicumque,
726 4573 913 4640 praeterquam
933 4570 964 4624 iii
1004 4565 1088 4620 lelmo
1106 4582 1172 4636 rege
1186 4567 1353 4636 Anglorum,
1375 4566 1500 4639 principe
1515 4567 1757 4627 Nortmannorum
1772 4581 1801 4628 et

166 4636 289 4690 conciliis
313 4636 529 4708 provincialibus
554 4643 583 4692 et
607 4639 721 4709 synodis
744 4639 962 4720 episcopalibus3
1005 4637 1239 4701 Cenomanorum,
1256 4637 1346 4690 eidem
1359 4637 1483 4693 coenobio
1498 4641 1665 4696 confirmata
1681 4648 1756 4709 sunt,
1773 4651 1802 4698 et

165 4723 274 4761 necnon
292 4706 322 4760 in
347 4707 446 4762 iisdem
466 4707 588 4763 conciliis
612 4715 642 4764 et
667 4709 782 4780 synodis
802 4711 964 4782 hujusmodi
1004 4708 1039 4762 ab
1055 4708 1116 4762 aliis
1129 4708 1271 4762 nobilibus
1283 4707 1358 4770 viris,
1370 4713 1399 4762 et
1412 4709 1551 4780 praecipue
1565 4728 1583 4765 a
1597 4713 1801 4769 venerabilibus

164 4778 255 4848 planis
270 4776 364 4832 mitris
377 4778 420 4832 uti
435 4785 590 4850 perpetuo;
612 4796 720 4834 necnon
738 4781 766 4835 in
782 4781 961 4846 monasterie,
1005 4779 1111 4847 Odone,
1126 4784 1155 4833 et
1169 4779 1289 4833 Henrico
1305 4779 1441 4849 episcopis
1452 4779 1658 4850 Bajocensibus.
1672 4785 1738 4839 Haec
1750 4785 1803 4856 igi·

165 4847 298 4914 ecclesiis,
315 4865 349 4903 ac
361 4849 430 4902 locis
445 4850 626 4905 ecclesiarum
649 4851 789 4922 praedictis
814 4851 844 4906 in
867 4853 961 4912 missa,
1004 4855 1051 4904 tar
1065 4855 1131 4904 suiit
1144 4866 1204 4921 quae
1219 4867 1235 4903 a
1249 4849 1364 4919 prefato
1379 4849 1506 4905 coenobio
1515 4869 1644 4976 possessa
1657 4857 1802 4926 cognosci-

165 4919 298 4990 vespciis,
315 4924 345 4985 et
362 4921 519 4985 matutinis,
533 4927 561 4976 et
574 4938 671 4976 mensa
684 4921 907 4978 benedictionem
921 4940 965 4978 so·
1004 4937 1069 4974 mus
1084 4926 1114 4974 et
1125 4920 1155 4974 in
1166 4928 1333 4992 perpetuum
1344 4921 1511 4990 possidenda
1530 4922 1616 4991 ibere,
1628 4930 1657 4980 et
1666 4927 1759 4996 quiete
1774 4932 1803 4983 et

165 4989 290 5044 lemnam
303 4989 397 5044 facere
411 4997 440 5044 et
453 4991 711 5062 impendereetiam
725 5000 860 5066 perpetuo
877 4994 965 5048 libere
1005 4991 1132 5045 absolute
1147 5008 1164 5045 a
1178 4990 1311 5062 synodico
1331 4989 1434 5058 debito,
1454 4998 1482 5048 et
1504 4994 1617 5068 circata,
1638 4997 1802 5069 caeterisque

165 5061 965 5135 relerent,dummodoaliquisantistes‚vellegatussedis
1005 5061 1254 5118 consuetudinibus
1281 5061 1317 5115 ad
1337 5063 1389 5186 p'us
1408 5063 1564 5134 episcopale
1585 5067 1801 5138 pertinentibus,

166 5131 327 5202 apostolicae
347 5149 470 5203 praesens
484 5149 541 5188 uon
561 5135 701 5200 existeret,
718 5152 883 5206 quacunque
898 5152 965 5191 con·
1007 5134 1097 5188 eidem
1112 5133 1237 5188 coenobio
1251 5149 1335 5187 conce
1356 5133 1430 5187 imus
1448 5140 1476 5188 et
1496 5138 1704 5200 confirmamus,
1725 5138 1803 5191 vide-

166 5202 314 5257 stitutione
328 5203 359 5256 in
373 5205 547 5260 eontrarium
559 5205 635 5260 edita
648 5223 705 5260 non
719 5206 858 5276 obstante,
874 5213 966 5261 aucto·
1005 5203 1070 5259 licet
1098 5204 1214 5259 ecclesia
1238 5203 1333 5259 Sancti
1352 5203 1459 5258 Nicolai
1478 5205 1509 5260 in
1527 5206 1615 5278 burgo
1630 5207 1758 5272 caenobii,
1776 5213 1806 5263 ct

165 5273 250 5326 ritate
264 5273 421 5344 apostolica
437 5275 471 5328 de
494 5276 608 5347 speciali
621 5276 714 5346 gratia
728 5277 859 5332 duximus
871 5277 965 5332 indul·
1006 5275 1121 5330 ecclesia
1133 5275 1252 5340 Villarii,
1267 5281 1296 5329 et
1309 5275 1371 5328 duae
1385 5279 1479 5345 partes
1489 5279 1614 5332 omnium
1627 5278 1800 5333 dealmarum

164 5343 303 5414 gendum.
319 5345 355 5399 Et
363 5344 399 5398 ad
412 5345 546 5400 indicium
556 5346 744 5417 hujusmodia
758 5347 823 5402 sede
834 5349 966 5419 praedicta
1007 5363 1068 5416 quae
1082 5352 1148 5401 sunt
1161 5347 1194 5400 de
1209 5346 1289 5399 feodo
1305 5345 1428 5415 ejusdem
1439 5347 1567 5412 coenobii,
1577 5365 1628 5418 per
1639 5354 1731 5402 totum
1745 5354 1801 5405 ter-

166 5415 276 5470 obtenti
300 5415 451 5486 privilegii,
482 5417 610 5472 volumus
636 5418 711 5489 quod
733 5418 799 5472 dicti
826 5419 912 5473 abbas
938 5424 967 5472 et
1007 5417 1139 5471 ritorium
1153 5417 1270 5471 Cadomi
1293 5422 1322 5471 et
1336 5417 1454 5482 Villarii,
1472 5423 1499 5471 et
1518 5418 1633 5472 ccclesia
1651 5418 1685 5474 de
1706 5420 1802 5476 Breie-

166 5491 321 5540 conrentais
332 5486 424 5550 nobis,
439 5489 599 5560 nostrisque
613 5489 829 5557 successoribus,
850 5490 967 5561 singtilis
1008 5487 1073 5542 villa
1088 5488 1253 5612 Orgoillosa,
1270 5504 1332 5542 cum
1347 5488 1497 5569 capellada
1512 5488 1676 5570 Putot,cum
1687 5491 1803 5547 decimis

166 5555 289 5612 bienniis
302 5557 495 5628 persolverent
505 5576 591 5615 unam
603 5561 714 5615 unciam
731 5560 802 5615 auri.
1009 5566 1038 5614 ct
1053 5559 1128 5613 omni
1149 5558 1393 5629 uspertinentibus
1407 5563 1512 5625 suis,et
1521 5558 1636 5614 ecclesia
1646 5561 1680 5617 de
1689 5563 1803 5632 Aliieto,

204 5647 217 5680 i
231 5627 305 5682 Cum
315 5633 419 5696 autem,
428 5629 501 5684 siout
510 5631 636 5701 eiusdem
646 5630 760 5686 Roberti
771 5630 878 5686 abbatis
888 5630 968 5686 nobis
1010 5635 1039 5684 et
1048 5635 1108 5686 tota
1121 5630 1229 5684 decima
1242 5629 1388 5701 parochiae,
1401 5645 1465 5682 cum
1478 5629 1684 5700 pertinentibus
1693 5635 1762 5702 suis,
1776 5645 1806 5688 et

166 5697 297 5753 exhibita
311 5699 409 5769 petitio
422 5701 593 5770 continebat,
610 5702 646 5757 ab
661 5701 803 5773 aliquibus
824 5708 968 5757 revocetur
1009 5701 1071 5757 duae
1093 5701 1215 5756 ccclesiae
1241 5700 1275 5754 da
1298 5698 1472 5765 Alamannia,
1491 5704 1520 5754 et
1533 5705 1697 5759 earumdem
1720 5721 1806 5776 paro-

166 5769 968 5844 mdubiumaiihujusmodiclausula,«dummodoaliquis
1009 5772 1138 5828 chiamm
1156 5787 1253 5828 omncs
1271 5769 1386 5825 decime
1412 5785 1476 5826 cuin
1496 5773 1672 5844 pertinentiis
1692 5775 1760 5842 suis,
1777 5780 1806 5829 et

167 5840 302 5924 patiam,
317 5841 362 5896 vel
372 5841 486 5913 legatus
499 5843 574 5902 sedis
595 5844 753 5928 apostolicae
772 5860 895 5929 presens
911 5861 969 5928 nou
1009 5844 1126 5930 ecclesia
1139 5842 1252 5926 delrio,
1266 5857 1333 5924 oiim
1345 5841 1452 5924 capella
1465 5843 1500 5925 de
1513 5845 1612 5928 Bracio
1634 5851 1663 5904 et
1683 5850 1743 5904 tota
1760 5845 1808 5924 dc:

312 5937 447 6030 &elwa
460 5938 526 6030 Gli
1666 5943 1687 6030 i

967 3101 1179 3184 G‘donfirmati‘o
1205 3117 1421 3170 irnrnuni'lutum
1436 3118 1640 3174 monasteriis.
1662 3121 1797 3191 Stephana·

1036 3187 1268 3312 ggqipnpqnsq'q7qb
1291 3187 1488 3256 archiepiscopo
1506 3189 1714 3258 ltotbomoacnai
1734 3210 1797 3250 con·
