3986 6184
119 257 168 316 153
480 261 520 317 ΙΝ
539 261 572 316 D.
593 261 701 320 PAULI
722 263 834 322 EPIST.
854 265 1041 322 comeatu.
1063 294 1096 309 -
1117 265 1228 322 EPIST.
1248 263 1297 320 Au
1315 263 1403 318 Rom
1701 263 1754 322 151

112 382 203 452 robis,
220 383 331 452 hatrm,
347 399 381 438 ex
392 387 483 456 parte,
496 391 632 457 tanquam
647 387 678 443 iu
691 391 856 446 memoriam
870 409 917 447 ros
931 392 1078 457 reducem,
1092 396 1207 464 propter
1217 390 1348 461 gratiam,
1361 401 1422 458 quaa
1436 384 1502 440 data
1517 388 1561 438 est
1571 383 1640 438 ndhi
1655 384 1751 450 aDeo,

115 479 148 526 ut
162 471 219 527 sim
232 473 361 528 minister
373 473 478 528 Christi
491 473 557 529 lesu
572 473 602 529 iu
613 475 755 546 gentibus,
771 479 948 536 sanctificans
960 481 1142 552 Evangelium
1152 479 1213 545 Dei,
1229 483 1262 534 ut
1276 478 1326 532 fiat
1339 472 1443 531 oblatio
1458 473 1585 545 gentium
1598 479 1711 546 accepta
1725 480 1755 530 et

111 563 290 617 sanctificata
302 562 332 616 in
346 563 454 635 Spiritu
469 567 579 622 sancto.
594 562 637 630 1⁴,
651 563 693 621 15.
705 566 802 622 Habeo
811 567 899 639 igitur
914 569 1033 640 gloriam
1045 569 1074 624 in
1087 569 1199 625 Christo
1211 569 1226 623 J
1229 583 1278 621 esu
1288 565 1323 620 ad
1333 567 1432 620 Deum.
1448 561 1490 621 16.
1500 563 1563 619 Νοιι
1575 561 1649 616 enim
1663 563 1754 619 audeo

114 649 226 722 aliquid
239 650 317 722 loqui
332 667 430 706 corum
445 667 507 723 que
521 667 571 722 per
587 667 632 706 me
646 668 703 708 non
717 654 803 710 efficit
816 656 944 713 Obristus
959 659 989 712 in
1003 658 1192 714 obedientiam
1206 655 1343 728 gentium,
1361 653 1442 708 verbo
1457 656 1486 706 et
1499 651 1590 715 iactis,
1606 651 1635 705 in
1649 650 1754 708 virtute

110 741 260 810 signorum
272 747 302 794 et
315 741 518 812 prodigiorum,
534 741 564 796 in
577 741 681 798 virtute
695 744 816 816 Spiritus
831 747 930 815 sancti,
946 747 987 802 ita
1002 753 1033 803 ut
1047 746 1082 800 ab
1092 745 1269 802 Hierusalem
1284 759 1334 815 per
1347 741 1497 796 circuitum
1511 756 1601 810 usque
1616 739 1652 793 ad
1663 739 1755 812 Illyri·

113 845 179 882 cum
193 829 372 902 repleverim,
388 831 474 895 idest,
483 833 563 899 plene
568 832 778 900 praedicaverim
789 835 970 907 Evangelium
981 835 1095 891 Christi.
1106 836 1152 891 Sic
1165 839 1260 889 autem
1274 830 1424 904 predicavi
1434 829 1615 900 Evangelium
1622 830 1684 895 hoc,
1696 846 1754 886 nou

111 915 159 970 ubi
175 918 341 972 nominatus
355 925 398 973 est
412 919 550 984 Christus,
566 935 602 974 ne
616 937 701 992 super
712 922 836 980 alienum
850 925 1064 980 fundamentum
1075 925 1258 989 aedificarem,
1273 921 1322 975 sed
1335 919 1408 975 sicut
1420 919 1555 990 scriptum
1568 924 1611 974 est
1620 922 1653 972 in
1667 922 1752 986 leuia,

110 1021 171 1076 cap.
190 1006 226 1062 st
242 1027 249 1062 :
267 1007 376 1072 Quibus
393 1025 450 1063 non
464 1015 509 1063 est
522 1010 721 1066 annuntiatum
734 1011 769 1067 de
783 1029 827 1082 eo,
840 1014 976 1070 videbunt
987 1034 993 1078 ;
1005 1023 1033 1069 et
1047 1033 1062 1085 q
1068 1015 1093 1068 ni
1108 1029 1164 1068 non
1180 1008 1375 1067 audieruntde
1392 1025 1435 1074 eo,
1449 1008 1618 1078 intelligent.
1635 1009 1753 1081 Propter

111 1097 187 1166 quod
204 1105 234 1151 et
252 1097 427 1169 impediebar
437 1098 590 1170 plurimum
599 1101 694 1156 venire
704 1102 740 1157 ad
754 1119 812 1170 vos,
829 1109 858 1158 et
871 1105 1029 1177 prohibitus
1045 1121 1108 1158 sum
1124 1119 1213 1174 usque
1235 1099 1337 1158 adhuc.
1353 1099 1434 1153 Nunc
1446 1113 1511 1152 vero
1525 1097 1645 1152 ulterius
1659 1097 1752 1154 locum

110 1201 168 1240 nou
183 1185 294 1240 habens
304 1187 333 1241 in
348 1186 391 1241 his
406 1187 577 1258 regionibus,
594 1190 776 1260 cupiditatem
791 1199 886 1248 autem
899 1193 1004 1249 habens
1020 1193 1147 1248 veniendi
1167 1192 1203 1245 ad
1227 1207 1274 1244 ros
1297 1205 1330 1243 cx
1345 1187 1442 1242 multis
1453 1188 1514 1256 jam
1529 1186 1752 1257 precedentibus

112 1273 207 1340 mmis,
223 1290 288 1328 curn
302 1274 332 1329 in
346 1275 510 1347 Hispaniam
525 1277 661 1348 proticisci
675 1296 795 1352 coeperu,
816 1299 898 1354 spero
913 1283 988 1354 quod
1002 1283 1165 1354 praeteriens
1181 1279 1290 1335 videam
1303 1295 1361 1341 vos,
1378 1284 1406 1332 et
1418 1293 1436 1330 a
1446 1275 1524 1330 vobis
1538 1275 1659 1331 deducar
1675 1276 1750 1342 illuc,

111 1363 134 1416 si
143 1361 224 1416 robis
238 1362 362 1434 primum
374 1369 494 1436 exparte
508 1365 611 1422 fruitus
624 1367 714 1423 luero.
730 1371 811 1425 Nuuc
819 1370 905 1442 igitur
917 1371 1077 1443 proficiscar
1090 1371 1119 1426 in
1130 1369 1306 1425 Hierusalem
1316 1366 1486 1429 ministrare,
1499 1366 1529 1419 id
1540 1369 1587 1428 cst,
1601 1369 1753 1419 necessaria

110 1453 236 1520 corporis
250 1453 351 1518 afferre
365 1451 480 1506 sanctis.
497 1452 689 1511 Probaverunt
699 1457 774 1512 enim
790 1459 954 1514 Macedonia
965 1461 994 1513 et
1007 1459 1112 1514 Achaia
1123 1458 1304 1512 collationem
1319 1455 1444 1525 aliquam
1465 1454 1557 1508 facere
1572 1453 1602 1508 in
1614 1470 1752 1525 pauperes

111 1545 289 1607 sauctorum,
303 1541 352 1612 qui
366 1547 434 1596 sunt
446 1540 477 1596 iu
488 1542 654 1598 Jerusalem.
671 1544 780 1601 Placuit
786 1547 861 1601 enim
869 1548 919 1614 eis,
930 1552 960 1602 et
974 1546 1118 1602 debitores
1127 1551 1194 1602 sunt
1200 1546 1529 1605 comminabitur-essunt
1539 1546 1570 1597 in
1580 1545 1751 1610 carnalibus,

112 1633 138 1681 et
152 1629 203 1682 hoc
211 1630 313 1698 probat
324 1645 342 1683 a
358 1633 470 1699 maiori,
478 1633 544 1700 quia
558 1633 593 1686 ab
602 1633 812 1701 eisspiritualio
828 1640 999 1704 acceperam,
1009 1635 1082 1704 quod
1091 1639 1129 1689 est
1137 1635 1249 1702 suajus.)
1265 1633 1339 1688 Nam
1350 1632 1374 1686 si
1384 1631 1574 1703 spiritualium
1583 1647 1682 1686 eorum
1691 1646 1755 1703 par·

112 1716 214 1788 ticipes
229 1716 298 1772 sacti
312 1724 380 1773 suut
391 1718 522 1790 gentiles,
536 1721 566 1774 id
583 1727 630 1786 ast,
656 1723 691 1774 ab
704 1723 878 1778 iherusalem
890 1717 1026 1779 ¹doctrina
1040 1726 1112 1792 fidei,
1129 1728 1154 1776 ct
1167 1725 1230 1777 bene
1239 1723 1359 1788 vivendi,
1374 1736 1424 1790 per
1438 1723 1571 1789 apostolos
1586 1723 1644 1774 luta
1664 1725 1703 1774 est
1716 1721 1754 1774 ud

112 1812 225 1874 penten
241 1806 348 1862 debent
361 1813 391 1862 et
403 1808 433 1863 in
445 1809 604 1864 carnalibus
613 1809 773 1866 ministrare
786 1811 851 1866 illis.
864 1813 923 1867 Hoc
930 1812 1018 1884 igitur
1028 1829 1092 1868 cum
1104 1825 1344 1876 consummavero,
1356 1808 1568 1878 etassignavero
1579 1807 1620 1862 eis
1629 1806 1753 1862 fructum

113 1895 208 1963 hunc;
227 1912 280 1966 per
293 1913 341 1950 ros
355 1897 514 1967 proficiscar
526 1897 554 1952 iu
569 1897 744 1970 Hispaniam.
755 1899 818 1954 Scio
833 1906 927 1956 autem
939 1901 1194 1972 quoniamvenieus
1207 1899 1309 1964 advos,
1324 1898 1353 1952 in
1365 1897 1538 1952 abundantia
1548 1895 1752 1952 benedictionis

113 1985 261 2054 Evangelii
277 1985 380 2040 Christi
396 1985 517 2040 veniam.
534 1985 655 2042 Obsecro
670 2003 808 2058 ergarus,
825 1989 935 2057 fratres,
952 2007 1002 2062 per
1017 1990 1169 2046 Dominum
1184 1993 1311 2043 nostrum
1326 1988 1423 2042 lesum
1440 1985 1583 2041 Christum
1595 1990 1622 2040 et
1635 1984 1755 2056 percha·

113 2075 230 2128 ritatem
244 2075 335 2129 sancti
350 2076 472 2148 Spiritus
485 2082 518 2132 ut
530 2076 668 2146 adjuvetis
681 2093 727 2133 me
740 2077 769 2133 in
783 2079 958 2134 orationibus
970 2080 1070 2134 restris
1085 2095 1136 2151 pro
1152 2095 1196 2132 me
1212 2077 1249 2133 ad
1262 2076 1365 2142 Deum,
1382 2080 1415 2130 ut
1426 2075 1528 2130 liberer
1543 2074 1578 2128 ab
1592 2071 1753 2128 infidelibus

113 2162 161 2232 qni
175 2167 246 2216 sunt
263 2163 293 2218 in
307 2164 322 2217 J
325 2165 414 2228 udae,
429 2171 457 2220 et
471 2165 597 2238 obsequii
611 2167 667 2221 mei
681 2167 909 2239 oblatioaccepta
922 2169 973 2223 fiat
987 2169 1017 2223 in
1033 2167 1210 2224 Hierusalem
1225 2165 1339 2232 sanctis,
1358 2170 1391 2220 ut
1402 2164 1514 2220 veniam
1526 2163 1562 2220 ad
1575 2177 1625 2217 vos
1639 2162 1669 2216 in
1680 2177 1752 2231 gau·

112 2250 169 2318 dio,
186 2268 238 2324 per
252 2253 429 2309 voluntatem
439 2255 501 2322 Dei,
518 2261 547 2310 et
554 2255 704 2326 refrigerer
715 2256 868 2313 vobiscum.
882 2258 957 2312 Deus
971 2262 1067 2313 autem
1081 2257 1158 2330 pacis
1171 2256 1210 2311 sit
1222 2271 1286 2311 cum
1296 2254 1427 2312 omnibus
1442 2252 1530 2307 vobis.
1547 2253 1648 2308 Amen.

793 2404 850 2466 41
871 2399 988 2455 CAPUT
1006 2399 1079 2455 XVI.

152 2529 177 2584 1.
192 2527 370 2583 Commendo
383 2533 479 2584 autem
492 2530 570 2585 vobis
584 2531 707 2586 Phceben
722 2547 847 2587 sororem
861 2538 998 2598 nostram,
1013 2549 1075 2604 quae
1090 2538 1133 2588 est
1147 2533 1176 2588 in
1189 2531 1346 2586 ministerio
1361 2530 1498 2596 Ecclesiae,
1510 2545 1572 2601 quae
1585 2534 1628 2583 est
1641 2529 1671 2584 in
1682 2528 1755 2583 Oen-

113 2618 199 2682 chris,
213 2623 247 2672 ut
265 2635 329 2672 earn
341 2619 500 2690 suscipiatis
512 2620 542 2674 in
556 2620 675 2676 Domino
691 2621 775 2692 digne
790 2621 904 2690 sanctis,
915 2627 944 2676 et
961 2622 1100 2676 assistatis
1108 2623 1133 2676 ei
1141 2622 1172 2676 in
1183 2637 1350 2693 quocunque
1362 2620 1476 2690 negotio
1487 2618 1572 2674 vestri
1582 2616 1736 2688 indiguerit
1747 2635 1754 2684 3

115 2707 222 2762 etenim
236 2707 302 2779 ipsa
315 2724 428 2779 quoque
442 2708 532 2764 astth
545 2709 652 2778 multis,
668 2709 775 2765 etmihi
791 2709 855 2781 ipsi.
872 2710 999 2766 Salutate
1014 2711 1138 2766 Priscam
1151 2716 1180 2766 et
1195 2711 1339 2782 Aquilam,
1351 2709 1494 2780 adjutores
1507 2724 1585 2762 meos
1597 2706 1629 2761 iu
1643 2705 1756 2760 Christo

113 2797 192 2862 iesu,
211 2797 271 2868 (qui
283 2813 335 2868 pro
349 2797 444 2852 anima
458 2815 522 2854 mea
535 2815 601 2854 suas
612 2799 732 2855 cervices
747 2804 968 2871 supposuerunt;
984 2798 1086 2870 quibus
1099 2816 1156 2854 non
1173 2800 1249 2855 solus
1263 2815 1314 2870 ego
1330 2798 1436 2868 gratias
1453 2813 1516 2868 ago,
1532 2796 1582 2850 sed
1596 2800 1626 2850 et
1648 2798 1755 2850 cuncta

113 2885 245 2942 Ecclesiae
258 2887 398 2956 gentium)
414 2894 443 2942 et
455 2888 638 2944 domesticam
649 2887 803 2944 Ecclesiam
817 2904 925 2943 eorum.
941 2887 1068 2942 Salutate
1079 2889 1241 2959 Epaenetum
1256 2887 1389 2942 dilectum
1400 2886 1478 2951 mihi,
1494 2885 1543 2956 qui
1557 2888 1587 2937 et
1595 2881 1754 2954 primitivus

112 2976 189 3030 Asiae
198 2975 361 3031 inchristo.
376 2977 502 3049 Salutate
512 2979 705 3051 Mariamque
713 2979 836 3035 multum
844 2976 980 3032 laborarit
989 2975 1241 3031 inrobisSalutate
1250 2975 1440 3030 Andronicum
1451 2979 1479 3028 et
1487 2972 1610 3038 leniam,
1621 2973 1756 3040 cognatos

112 3069 142 3117 et
150 3063 334 3136 concaptivos
348 3081 425 3119 meos
442 3084 448 3119 :
465 3065 591 3137 quisunt
603 3066 710 3122 nobiles
725 3068 754 3122 in
767 3066 910 3139 apostolis,
927 3065 974 3136 qui
984 3069 1084 3119 etante
1094 3080 1140 3118 me
1149 3063 1429 3119 sueruntinOhristo.
1444 3061 1571 3116 Salutate
1581 3058 1755 3130 Ampliaturn

113 3151 335 3207 dilectissimum
342 3153 412 3207 mihi
420 3152 450 3208 in
463 3155 723 3212 Domino.Salutate
732 3155 888 3212 Urbanum.
896 3153 1055 3224 adjutorem
1065 3158 1194 3210 nostrum
1203 3153 1231 3208 in
1243 3152 1354 3208 Christo
1362 3153 1440 3211 lesu,
1450 3149 1610 3221 ctStachyn
1621 3148 1755 3202 dilectum

112 3241 494 3315 meumSalutateAppellen
505 3243 624 3316 probum
630 3245 660 3300 in
670 3245 791 3300 Christo.
804 3245 930 3300 Salutate
940 3260 988 3298 eos
996 3244 1044 3315 qui
1053 3241 1316 3298 suntexAristo'uuli
1323 3241 1417 3296 domo.
1429 3241 1556 3295 Salutate
1564 3236 1752 3294 Herodionem

114 3335 269 3400 cognatum
284 3345 392 3385 meum.
409 3330 535 3386 Salutate
547 3349 594 3387 eos
609 3331 657 3404 qui
671 3339 739 3388 sunt
752 3350 786 3387 ex
797 3333 920 3387 Narcissi
934 3332 1018 3388 domo
1030 3351 1036 3401 ;
1050 3333 1098 3404 qui
1117 3337 1184 3387 sunt
1196 3332 1227 3387 in
1238 3331 1368 3388 Domino.
1384 3329 1511 3385 Salutate
1525 3327 1711 3400 Tryphaenam
1725 3332 1755 3380 et

116 3418 307 3490 Tryphosam,
322 3435 384 3490 quac
396 3419 529 3476 laborant
538 3421 566 3476 in
576 3422 705 3478 Domino.
722 3423 849 3478 Salutate
863 3421 1006 3476 Persidem
1020 3421 1224 3486 charissimam,
1234 3436 1296 3491 qua
1307 3419 1427 3474 multum
1437 3416 1612 3472 laboraritin
1624 3414 1755 3470 Domino.

116 3507 246 3562 Salutate
259 3508 364 3563 Rufum
377 3509 496 3564 electum
511 3511 540 3564 in
553 3511 717 3578 Dominam
729 3515 757 3566 et
772 3517 891 3566 matrem
905 3513 975 3581 eius,
987 3515 1016 3564 et
1027 3525 1128 3565 meam.
1138 3510 1264 3565 Salutate
1274 3511 1478 3580 Assyncrrtum,
1487 3503 1753 3576 PhlegontemHer-

116 3612 204 3662 mam,
214 3596 380 3662 Patrobam,
393 3598 526 3664 Hermen,
539 3605 567 3653 et
576 3601 624 3672 qui
630 3600 739 3655 cumeis
751 3605 827 3664 sunt,
843 3601 966 3654 Fratres.
983 3599 1109 3655 Salutate
1117 3599 1296 3668 Philologurn
1306 3598 1357 3653 etJ
1361 3596 1583 3660 uliam,Nereum
1593 3598 1621 3648 et
1630 3608 1756 3648 sororem

117 3687 187 3754 ejus,
202 3692 233 3740 et
244 3685 452 3758 Olympiadem,
464 3695 493 3744 ct
503 3691 654 3761 omnesqui
663 3707 727 3745 cum
742 3691 782 3746 eis
792 3695 858 3745 sunt
870 3694 990 3744 sanctos.
1007 3689 1134 3742 Salutate
1147 3685 1266 3742 inuicem
1283 3686 1312 3741 in
1327 3685 1423 3740 osculo
1437 3687 1545 3738 sancto.
1562 3680 1693 3736 Salutant
1706 3697 1755 3734 vos

116 3791 216 3829 ornnes
227 3775 358 3831 &alesia
372 3777 574 3850 Christi.ltogo
588 3785 683 3835 autem
692 3797 749 3846 vos,
759 3781 872 3843 tratres,
884 3785 917 3833 ut
930 3777 1137 3834 observetiseos
1152 3776 1200 3848 qui
1214 3775 1403 3831 dissensiones
1418 3778 1447 3828 et
1460 3771 1636 3836 offendicula,
1653 3775 1755 3842 praeter

117 3862 278 3918 domrinam
293 3882 378 3937 quam
388 3882 436 3922 ros
449 3867 595 3934 didicistis,
612 3868 729 3936 iaciunt,
745 3875 774 3924 et
795 3868 934 3925 declinate
957 3867 993 3922 ab
1013 3867 1077 3921 illis.
1094 3865 1293 3936 Hujuscemodi
1307 3863 1384 3918 enim
1396 3863 1508 3918 Christo
1523 3860 1643 3915 Domino
1658 3865 1754 3914 nostro

118 3965 176 4008 aon
187 3953 324 4020 serrium,
341 3955 390 4009 sed
401 3971 453 4010 suo
468 3957 559 4011 ventri
573 3975 579 4010 :
594 3962 622 4012 et
632 3974 683 4030 per
694 3958 790 4013 dulces
809 3972 963 4022 sermones,
986 3960 1014 4010 et
1038 3955 1256 4022 benedictiones,
1282 3953 1420 4010 seducunt
1440 3951 1526 4008 corda
1550 3950 1754 4005 innocentium.

805 4095 1099 4154 COMMENTARIUS.

125 4241 198 4296 tium
210 4256 229 4294 a
243 4239 303 4296 Deo
317 4241 485 4297 constitutus
499 4245 569 4296 erat.
932 4243 1100 4320 poperatur
1122 4239 1250 4295 Christus
1272 4239 1302 4294 in
1322 4255 1365 4306 eo,
1393 4244 1421 4294 et
1436 4255 1487 4311 per
1508 4253 1574 4292 eum
1594 4235 1719 4308 loquitur
1732 4238 1761 4290 et

160 4329 206 4388 13.
225 4329 370 4387 Audacius
384 4337 488 4386 uatem.
504 4327 634 4386 Audacia
646 4328 792 4386 videbatur
804 4346 866 4385 esse
880 4345 925 4384 re·
967 4335 1109 4404 operatur,
1124 4334 1158 4384 nt
1169 4329 1318 4400 Evangelio
1332 4327 1473 4384 obediant.

123 4418 209 4491 pletis
223 4419 433 4475 omniscientis
447 4419 577 4475 scribere.
1002 4419 1081 4477 CAP.
1095 4417 1171 4473 XVI.
1185 4445 1215 4458 -
1235 4417 1257 4474 1.
1274 4419 1380 4476 Lissen.
1396 4418 1559 4474 Commendo
1574 4423 1668 4472 autem
1685 4415 1761 4471 uobis

164 4508 207 4565 ll.
222 4509 349 4567 Menos.
361 4511 449 4564 Habeo
468 4512 558 4578 igitar
571 4512 702 4579 pieriam.
719 4507 844 4563 Gloriam
857 4506 926 4562 dicit
964 4512 1091 4566 Phabcn.
1108 4507 1255 4563 Ditissima
1268 4512 1298 4562 et
1310 4507 1486 4563 nobilissima
1507 4507 1609 4562 mulier
1621 4506 1683 4572 fuit,
1700 4521 1762 4578 qua

121 4613 154 4652 se
170 4595 277 4652 habere
289 4597 363 4669 apud
375 4598 466 4652 Deum
480 4613 530 4670 per
537 4597 690 4653 Christum.
699 4596 853 4652 Credentes
859 4598 923 4665 (ab,
966 4597 1116 4656 Ecclesiam
1125 4595 1187 4659 Dei,
1196 4613 1257 4667 quae
1264 4595 1338 4668 apud
1348 4597 1438 4653 locum
1448 4597 1495 4669 qui
1506 4596 1638 4652 Cenchris
1648 4595 1760 4660 dicitur,

120 4685 254 4754 tradem)
264 4686 380 4741 enimin
393 4687 547 4755 Christum,
561 4687 694 4740 meritum
707 4684 760 4740 sibi
773 4685 838 4740 iecit
849 4685 933 4756 apud¹
966 4692 1037 4754 erat,
1054 4701 1105 4740 sua
1115 4684 1274 4740 substantia
1286 4687 1472 4742 sustentabat.
1489 4687 1529 4741 Ea
1544 4692 1612 4742 tuuc
1625 4683 1761 4757 temporis

120 4775 271 4847 populum.
287 4775 317 4830 in
331 4781 441 4830 tantum
457 4782 490 4830 ut
502 4775 537 4830 de
558 4793 588 4830 se
603 4791 663 4830 esse
679 4772 749 4829 nihil
763 4774 838 4828 dicat
849 4773 923 4843 quod
965 4793 1017 4849 pro
1032 4774 1154 4847 quodam
1169 4774 1282 4844 negotio
1292 4773 1409 4830 Romam
1418 4775 1543 4847 prosecta
1556 4780 1608 4830 est.
1621 4775 1676 4830 Per
1689 4775 1762 4829 hanc

119 4879 180 4919 nou
193 4869 330 4936 operatas
343 4864 382 4918 sit
394 4863 523 4919 Christus
542 4880 592 4934 per
605 4863 695 4928 illam,
710 4867 743 4917 ut
755 4860 925 4917 exhortatio-
965 4865 1092 4930 tortasse,
1103 4864 1186 4918 istam
1198 4863 1277 4918 misit
1289 4863 1447 4935 epistolam.

119 4969 188 5008 nem
201 4953 265 5023 ejus
279 4952 367 5008 virtus
381 4953 601 5007 commendaret.
1000 4953 1028 5010 2.
1045 4953 1079 5008 Et
1094 4957 1213 5007 ciatrem
1229 4955 1287 5022 ejus
1311 4959 1336 5008 et
1354 4969 1455 5008 nnana
1475 4953 1525 5009 Vel
1545 4958 1665 5008 matrem
1680 4968 1762 5008 suam

161 5042 204 5099 15.
216 5042 326 5098 hare.
338 5039 924 5111 Habcoipiturptumquuidquidinquit,
967 5058 1031 5098 cum
1053 5047 1142 5096 matre
1159 5040 1234 5096 illius
1251 5041 1380 5114 praecipit
1399 5043 1587 5098 salutandam.
1604 5043 1655 5096 Vel
1675 5056 1762 5097 unam

119 5136 226 5204 patent
241 5147 287 5186 me
301 5131 446 5186 bominem
462 5129 506 5204 11,
522 5130 661 5200 homines]
674 5145 745 5194 esse,
761 5145 813 5200 ego
829 5133 923 5184 mmen
965 5129 1093 5186 eamdem
1108 5129 1242 5184 feminam
1258 5136 1377 5185 matrem
1395 5130 1470 5186 illius
1490 5130 1568 5197 dicit,
1584 5135 1613 5186 et
1632 5146 1711 5184 suam
1726 5129 1762 5182 il·

118 5223 183 5276 ecto
196 5237 243 5276 me
257 5220 362 5275 habere
369 5220 490 5292 gloriam
503 5219 674 5290 apudDeum
685 5217 714 5272 in
729 5216 925 5288 praedicatione
965 5220 1021 5274 lius
1034 5217 1189 5274 secundum
1204 5235 1328 5285 carnem,
1343 5235 1424 5274 snam
1439 5219 1584 5276 beuesrcio.

117 5311 191 5364 Jesu
203 5311 324 5378 Christi,
336 5310 404 5382 quia
418 5315 534 5381 propter
548 5308 684 5363 honorem
698 5305 750 5362 Dei
764 5311 793 5361 et
805 5306 925 5362 salutem
1001 5307 1028 5363 3.
1051 5309 1140 5362 Vestra
1153 5310 1229 5362 enirn
1243 5309 1405 5364 obedientia.
1422 5310 1515 5364 Causa
1528 5325 1578 5363 cur
1595 5309 1675 5376 roget
1697 5319 1761 5370 eos3

117 5400 252 5470 genuum
267 5415 321 5472 ago
336 5399 412 5471 quod
429 5415 493 5470 ago.
968 5396 1130 5451 obedientes
1145 5396 1220 5451 enim
1235 5397 1352 5468 rogandi
1376 5403 1452 5464 sunt,
1467 5395 1658 5451 inobedientes
1673 5391 1764 5446 incre·

158 5487 203 5544 tt.
224 5489 288 5544 Non
299 5491 377 5544 enim
391 5489 488 5543 audeo.
510 5485 573 5542 Alia
591 5501 676 5541 causa
690 5483 926 5553 curhabeatglo·
966 5485 1062 5556 pandi.

120 5579 194 5633 rimu
204 5578 281 5650 apud
288 5577 399 5650 Deum;
415 5574 630 5648 quidquidenim
640 5573 776 5644 loquitur,
788 5571 924 5643 quidquid
