3986 6184
220 253 256 320 75
502 250 550 305 ΑΙ)
569 247 685 312 VITAM
702 249 734 310 Β,
754 245 962 310 mursano]
981 246 1272 312 ctNTUARIENsis
1290 245 1581 312 naeulsselsoorl.
1826 251 1859 310 lli

217 381 292 442 eima
324 375 442 438 arochiae
452 389 515 434 cum
529 372 706 450 pertinentiis
716 371 788 438 suis;
801 371 917 427 ecclesia
927 371 1111 435 etiamAnon
1135 370 1338 436 criminalibus,
1365 370 1423 424 sive
1445 369 1479 424 de
1502 369 1645 442 aliquibus
1670 371 1859 427 forisfacturis

217 453 252 508 de
265 396 359 508 Gabar
378 465 404 514 o,
420 453 448 506 et
467 445 584 520 antiqua
597 444 703 520 capella
719 443 754 501 de
774 443 1013 514 Bu1·golilvae,et
1053 443 1170 497 convicti
1189 443 1232 496 vel
1251 441 1369 496 confessi
1392 440 1507 506 luerint,
1524 441 1547 494 si
1572 443 1691 513 pecunia
1704 443 1770 498 inde
1796 443 1854 497 exi-

216 523 333 578 eeclesia
371 524 459 578 anctae
482 515 577 570 Mane
596 513 631 568 de
654 515 773 571 buisson
794 515 875 588 juxta
893 515 1013 568 Matrem
1052 515 1145 584 ganda
1158 514 1252 580 fuerit,
1269 512 1363 567 abbati
1375 513 1416 566 vel
1431 512 1576 568 monachis
1590 530 1647 590 prae
1658 515 1726 569 dicti
1739 513 1857 568 coenobii

215 595 328 649 Villam.
336 587 566 650 Pratereaetiam
576 585 666 640 eidem
677 583 803 642 coenobio
814 585 1013 639 confirmamus
1053 585 1236 666 persolvatur.
1254 585 1294 638 De
1307 600 1365 637 non
1377 579 1570 638 criminalibus
1581 601 1646 638 vero
1662 585 1858 656 poenitentiam

213 667 280 737 jura
290 660 458 742 episcopalia
470 659 500 716 in
510 657 627 712 ecclesia
638 657 673 710 de
684 656 794 721 Censio,
807 654 913 709 scilicet
928 671 1013 730 syno·
1053 657 1211 726 injungere,
1226 655 1256 709 in
1270 655 1387 708 arbitrio
1402 653 1607 709 monachorum
1622 657 1767 710 consistat.
1787 657 1856 710 Cum

215 737 293 802 dum,
313 743 342 796 et
361 733 501 793 circatam,
517 735 688 802 caeterasque
701 726 928 792 consuetudines,
943 743 1012 800 quas
1053 731 1149 781 autem
1158 726 1296 797 quispiam
1312 727 1347 779 de
1358 724 1497 779 criminali
1511 725 1606 796 aliquo
1617 727 1762 796 culpabilis
1776 743 1856 798 repu-

216 807 246 864 in
260 803 384 885 praefatis
400 801 523 860 ecclesiis
536 799 611 860 idem
626 797 786 854 coenobium
800 797 893 852 habet.
909 817 921 849 r
1058 796 1175 862 tabitur,
1188 813 1245 852 non
1260 797 1318 867 ipse
1332 795 1367 849 ab
1384 795 1579 850 archidiacono
1593 797 1739 866 Bajoccnsi
1754 798 1784 852 in
1796 799 1855 870 pla-

1059 868 1145 922 citum
1160 869 1289 922 trahetur
1302 868 1344 921 vel
1358 865 1499 930 citabitur,
1512 868 1559 920 sed
1571 868 1630 950 ipse
1643 869 1855 924 archidiaconus

214 951 366 1022 Confirmat
378 945 531 1016 bajocensis
546 943 683 1018 episeopus
696 943 856 1010 prioiteoie,
876 944 1014 1012 possessio-
1058 939 1153 994 abbati
1168 940 1210 992 vel
1225 939 1314 1012 priori
1334 937 1462 1006 ejusdem
1481 936 1599 992 coenobli
1617 939 1804 1006 denuntiabit,
1825 945 1857 994 et

286 1037 342 1075 nes.
359 1024 411 1074 etc.
428 1017 541 1078 canubii
557 1013 586 1069 S.
602 1012 738 1084 Stephani
753 1013 945 1068 Codoraensis.
1057 1009 1104 1065 ille
1118 1010 1162 1064 cui
1176 1010 1216 1064 ite
1230 1010 1337 1063 crimen
1353 1009 1524 1079 imponetur,
1541 1025 1575 1063 ex
1589 1015 1668 1080 perte
1682 1010 1790 1065 abbatis
1804 1011 1856 1064 ad-

1056 1083 1191 1146 monitus,
1203 1080 1238 1134 ad
1253 1080 1328 1134 diem
1340 1079 1537 1134 convenienter
1550 1087 1688 1136 statutum
1699 1097 1795 1136 coram
1809 1081 1855 1136 ab·

254 1163 426 1224 «Heracus,
439 1157 491 1212 Del
501 1153 595 1227 gratia
607 1152 768 1224 Bajocensis
783 1152 940 1226 episcopus,
956 1169 1014 1207 om·
1056 1150 1128 1218 bate,
1139 1153 1182 1205 vel
1194 1152 1231 1206 ali
1252 1168 1289 1205 ua
1298 1155 1419 1232 exparte
1432 1149 1551 1216 abbatis,
1568 1156 1597 1206 el
1611 1168 1705 1206 eorem
1718 1153 1855 1206 archidia-

214 1235 299 1294 nibus
308 1231 475 1292 Christianae
487 1225 632 1298 religionis
644 1223 798 1278 cultoribus
811 1224 846 1280 ad
861 1240 931 1294 quos
944 1241 1013 1294 pra·
1053 1239 1123 1278 cono
1138 1239 1242 1294 appare
1262 1222 1283 1275 it
1297 1223 1326 1276 in
1346 1237 1406 1292 ipsa
1421 1222 1553 1292 parochia
1564 1222 1593 1276 in
1609 1240 1664 1294 qua
1680 1223 1814 1288 manebit,
1826 1229 1854 1277 et

214 1323 279 1362 sens
288 1305 385 1360 charta
400 1297 566 1378 pervenerit,
581 1300 747 1370 perpetuam
761 1294 791 1348 in
804 1295 923 1354 Domino
936 1295 1011 1350 salu·
1053 1294 1121 1365 ipsis
1139 1293 1322 1364 praesentibus
1335 1292 1438 1346 veritas
1451 1293 1492 1346 rei
1507 1293 1695 1363 disquiratur3
1716 1301 1745 1350 et
1756 1295 1779 1348 si
1789 1295 1853 1348 inde

213 1383 273 1438 tem
1049 1365 1189 1436 judicium
1227 1363 1378 1418 ortandum
1392 1363 1538 1434 prodierit,
1553 1365 1596 1418 vel
1611 1366 1733 1435 cognitio
1744 1365 1851 1436 peccati

250 1448 259 1482 ¹
274 1449 316 1502 Ne
330 1447 360 1506 in
372 1443 538 1502 oblivionem
552 1435 668 1496 veniant
693 1453 754 1520 quae
772 1441 918 1506 geruntur,
943 1453 1011 1492 usus
1052 1437 1185 1506 patuerit,
1203 1382 1361 1504 gajocensis
1377 1435 1509 1500 Ecclesia,
1525 1440 1557 1489 ul
1569 1435 1658 1502 decet,
1679 1437 1851 1509 requiratur,

212 1518 299 1573 habet
317 1524 345 1574 et
365 1512 520 1578 communis
541 1509 729 1564 considerabo
743 1507 874 1564 utilitatis
889 1509 1013 1580 exposcit
1054 1507 1096 1560 vel
1117 1523 1202 1560 causa
1227 1506 1452 1572 examinationis,
1473 1505 1517 1559 vel
1560 1507 1632 1560 ralia
1649 1508 1852 1578 consequendae

213 1595 247 1644 ut
260 1590 404 1662 scriptura
418 1585 490 1640 serie
504 1582 625 1636 debcant
636 1579 775 1634 adnotari.
791 1579 859 1633 Inde
873 1579 1012 1652 siquidem
1054 1577 1298 1632 reconciliationis.
1309 1578 1427 1631 Easdem
1434 1577 1519 1631 etiam
1527 1523 1671 1632 lirenates
1681 1578 1717 1632 de
1725 1580 1790 1650 jure
1796 1579 1853 1650 epi-

214 1664 258 1715 est
290 1661 346 1716 uod
360 1659 390 1713 in
405 1655 541 1726 scriptum
552 1651 683 1706 duximus
693 1649 844 1720 redigenda
857 1650 1013 1706 munimine
1054 1649 1157 1720 scopeli
1172 1650 1371 1703 confirmamus
1385 1647 1518 1718 praedicto
1528 1648 1655 1703 eoenobio
1669 1649 1699 1702 in
1713 1650 1851 1710 universis

213 1679 300 1802 sigilii
315 1728 405 1784 nostri
415 1722 625 1786 corroboranda
640 1737 673 1775 ea
683 1738 743 1791 quse
758 1721 885 1774 novimus
900 1721 931 1774 in
945 1720 1012 1776 dioe-
1023 1719 1216 1789 sshominibus
1228 1720 1332 1784 deRos,
1343 1719 1408 1772 etin
1419 1719 1554 1773 universis
1564 1719 1724 1774 hominibus
1737 1721 1771 1774 de
1782 1721 1853 1775 Gen-

213 1802 270 1856 cesi
293 1807 391 1860 nostra
408 1797 550 1874 pertinere
573 1793 609 1852 ad
631 1792 847 1863 possessionem,
870 1797 899 1845 et
917 1792 963 1862 jus
984 1796 1013 1845 et
1055 1791 1097 1844 sio
1115 1796 1144 1845 el
1157 1792 1185 1844 iu
1201 1791 1338 1845 universis
1358 1789 1519 1844 hominibus
1534 1791 1569 1844 de
1588 1791 1757 1847 Alamannia
1781 1798 1809 1850 et
1822 1792 1852 1846 in

214 1873 421 1944 eleemosynam
441 1865 559 1926 coenobii
578 1862 657 1922 Beati
676 1863 811 1934 Stephani
827 1862 861 1917 dc
877 1862 1010 1927 Oadomo,
1053 1862 1187 1916 membris
1202 1863 1340 1932 ejusdem,
1356 1861 1462 1916 scilicet
1480 1861 1618 1927 Stavellis,
1635 1861 1765 1922 similiter
1780 1868 1808 1917 et
1821 1863 1852 1916 ia

212 1949 272 1998 tam
287 1944 318 1998 in
330 1941 455 1997 ecclesiis
471 1953 555 2010 quam
566 1935 596 1990 in
612 1932 737 1998 decimis,
748 1933 847 2004 pratis,
864 1933 952 2007 aquis,
966 1934 1012 1987 sil·
1052 1933 1190 1986 universis
1203 1931 1364 1987 hominibus
1377 1931 1412 1986 de
1421 1933 1487 1996 icio,
1497 1932 1567 1986 etde
1579 1932 1688 2000 Bracio,
1703 1933 1773 1986 etde
1785 1933 1852 1987 Ful-

212 2015 264 2078 vis,
281 2014 403 2090 pascuis,
418 2005 597 2070 molendinis,
608 2003 749 2068 domibus,
764 2004 857 2070 terris,
874 2009 902 2058 et
913 2021 1012 2060 earum
1052 2002 1178 2071 berlolia,
1188 2004 1222 2057 de
1232 2002 1559 2074 Burgesbaetuenogo,
1569 2002 1850 2076 etdetotoGaburgo,

212 2084 419 2144 habitatoribus
430 2101 436 2149 ;
446 2097 506 2157 quoe
518 2077 604 2136 etiam
613 2075 649 2130 ab
663 2075 854 2132 illustrissimo
868 2075 1010 2130 Willclmo
1052 2081 1081 2128 et
1095 2075 1130 2129 de
1150 2075 1238 2146 burgo
1257 2075 1341 2140 Diva,
1358 2075 1497 2144 usquead
1515 2075 1670 2146 pontellum
1689 2075 1737 2146 qui
1752 2074 1853 2131 dividit

212 2173 279 2230 rege
292 2156 457 2230 Anglorum,
473 2148 598 2228 principe
612 2147 852 2202 Nortmannorum
876 2152 905 2200 et
920 2147 1011 2200 Ceno·
1052 2146 1232 2216 Bajocensem
1242 2145 1852 2218 episcopatumaLuxoviensi,etlnomnibus

212 2244 371 2296 manorum,
396 2223 562 2278 conllrmate
585 2222 661 2284 sunt,
684 2224 713 2271 et
734 2215 769 2270 ab
788 2218 849 2271 aliis
871 2216 1011 2274 nobilibus
1051 2216 1107 2270 illis
1122 2217 1170 2295 qui
1184 2222 1251 2271 sunt
1264 2217 1299 2270 de
1313 2215 1445 2289 parochia
1455 2216 1490 2270 de
1501 2217 1668 2282 Tortavallc,
1684 2222 1712 2276 et
1724 2217 1760 2271 de
1773 2217 1853 2278 Folo-

211 2299 288 2358 uiris,
305 2305 334 2353 et
347 2295 485 2372 praecipue
500 2308 517 2345 a
531 2288 684 2345 venerabili
696 2279 792 2369 Odone
807 2288 1011 2362 praedecessore
1052 2288 1109 2355 nia,
1125 2294 1153 2342 et
1172 2288 1200 2342 in
1215 2287 1271 2342 illis
1286 2304 1355 2361 quos
1372 2286 1457 2341 habet
1470 2287 1633 2358 praedictum
1646 2287 1804 2347 cenobium
1820 2288 1853 2343 in

212 2375 309 2426 nostro
324 2363 471 2440 Bajoeensi
485 2361 621 2417 antistite.
638 2361 703 2414 llaec
727 2360 816 2430 igitur
838 2366 979 2432 suntque
995 2375 1012 2413 a
1053 2359 1182 2432 llovetot,
1198 2365 1227 2413 et
1240 2359 1269 2412 in
1282 2358 1413 2418 omnibus
1422 2357 1615 2413 habitantibus
1623 2359 1653 2418 in
1667 2358 1743 2414 silvis
1755 2375 1853 2418 mona-

212 2441 328 2513 praelato
345 2437 470 2500 coenobio
510 2449 619 2487 essessa
638 2431 841 2501 cognoscimus,
865 2435 894 2484 et
908 2430 937 2484 in
951 2446 1012 2502 pen
1052 2431 1179 2496 chorum,
1196 2430 1296 2484 sivein
1331 2429 1489 2483 attinentiis
1509 2445 1617 2496 earum,
1642 2429 1714 2484 etin
1734 2435 1795 2484 tota
1808 2437 1853 2484 te-

211 2518 330 2584 petuum
355 2451 523 2586 possidenia
548 2501 726 2584 concedimus
749 2507 778 2554 et
799 2503 1009 2568 confirmamus,
1052 2517 1142 2560 neura
1151 2501 1186 2555 dc
1196 2447 1364 2571 Tortavaile,
1375 2507 1404 2559 et
1413 2500 1498 2560 etiam
1511 2501 1540 2554 in
1551 2500 1712 2558 hominibus
1722 2517 1792 2576 quos
1802 2501 1854 2556 ha-

211 2584 343 2638 uidelicet
360 2577 477 2636 ecclesia
494 2576 524 2630 S.
548 2574 657 2632 Nicola1
677 2589 707 2628 in
727 2571 816 2644 burgo
839 2571 967 2638 coenobii,
984 2579 1013 2626 et
1053 2570 1101 2625 bet
1114 2572 1189 2626 idem
1203 2571 1361 2628 cenobium
1374 2572 1403 2626 in
1418 2571 1586 2636 Ruscavilla,
1602 2577 1630 2628 et
1644 2572 1674 2625 in
1686 2572 1807 2640 Curleio,
1823 2577 1854 2627 et

212 2655 330 2714 ecelesia
341 2649 462 2717 Villarii,
474 2651 503 2702 et
516 2645 578 2701 duae
593 2649 687 2718 partes
703 2642 828 2726 oropium
839 2644 1013 2700 deeimarum
1053 2641 1083 2696 in
1098 2643 1251 2708 Sicoavilla,
1270 2643 1341 2697 etin
1358 2643 1510 2707 Grauvilla,
1527 2647 1556 2696 et
1578 2643 1607 2696 in
1621 2643 1755 2710 Basante,
1779 2643 1853 2698 etin

210 2714 1014 2852 tttltltihdtttlhhtttlttttllttt:
1053 2712 1617 2843 thileitttflhitlllshttlt
1631 2713 1853 2846 sistite

209 2868 329 2934 valle‚et
337 2861 515 2928 totadecime
524 2827 673 2930 parochiis,
681 2873 745 2913 oum
756 2855 932 2927 pertinentiis
942 2856 1010 2922 suis,
1054 2871 1116 2909 cum
1131 2863 1211 2930 parte
1226 2856 1348 2912 ecclesie
1362 2872 1424 2928 qua
1439 2855 1474 2908 ad
1492 2824 1585 2938 ipsein
1620 2855 1769 2926 ertinebat,
1783 2857 1855 2910 etin

212 2945 241 2996 et
250 2937 407 2999 ecelesiade
421 2931 549 2997 Folonia,
562 2935 590 2984 et
604 2933 665 2982 tota
676 2927 784 2984 decima
797 2927 936 3000 parochiae
949 2943 1012 2988 cum
1053 2926 1119 2983 uilla
1137 2928 1171 2981 de
1196 2928 1325 2984 Buisson.
1341 2927 1460 2981 Easdem
1475 2933 1560 2984 etiam
1574 2873 1720 2980 lliiertates
1734 2925 1769 2982 de
1787 2929 1854 3001 jure

211 3008 389 3082 pertinentiis
400 3004 468 3070 suis,
478 3005 507 3056 et
516 3000 633 3055 ecelesia
642 2999 677 3052 de
686 2999 788 3052 Alneto
799 3004 827 3052 et
835 3003 895 3052 tote
904 2999 1014 3052 decima
1053 2999 1206 3068 pontificali
1231 2997 1357 3054 coenobio
1378 2998 1494 3075 praelato
1514 2998 1715 3052 confirmamus
1734 2998 1764 3051 in
1785 2998 1854 3054 unl-

211 3080 424 3153 parochiaecum
441 3071 617 3146 pertinentiis
632 3069 700 3130 suis.
714 3075 742 3122 et
757 3069 873 3123 ecclesia
891 3069 926 3122 de
942 3070 1013 3123 lire*
1054 3069 1141 3126 versis
1154 3069 1312 3124 hominibus
1326 3069 1360 3123 de
1371 3075 1432 3126 tota
1445 3074 1523 3126 terra
1556 3085 1621 3126 uam
1634 3069 1856 3123 tenueruntRa·

212 3152 307 3210 teritis
318 3149 476 3220 Orgolllose
489 3159 552 3202 eum
561 3141 668 3212 capella
682 3139 716 3196 de
729 3141 887 3196 Putotcum
898 3126 1043 3198 decimisfl
1055 3140 1149 3194 nulfus
1173 3141 1324 3194 vicecomes
1340 3144 1369 3194 et
1387 3138 1525 3195 Robertus
1568 3144 1719 3198 ottrannus
1733 3140 1763 3204 ip
1786 3141 1855 3194 Bre-

212 3221 379 3280 etomnibus
393 3215 572 3291 pertinentiis
581 3213 640 3270 suis
651 3217 679 3270 et
688 3211 750 3268 dea
762 3211 885 3266 ecclesia
895 3211 930 3266 de
941 3212 1014 3268 Alle-
1055 3210 1149 3264 tevilla
1165 3211 1321 3282 Orgolliosa
1336 3227 1399 3266 cum
1414 3210 1591 3284 pertinentiis
1611 3211 1679 3265 suis.
1699 3209 1855 3270 Praedictas

212 3284 538 3358 mania,etea1·umdem
564 3281 760 3362 parochiarum
776 3297 875 3362 omnes
898 3281 1013 3338 decima
1055 3281 1139 3336 etiarn
1150 3281 1294 3340 libertates
1304 3283 1339 3340 de
1350 3282 1715 3365 jurepontitlcalipraedlcto
1725 3281 1855 3336 canobio

213 3381 276 3428 epm
287 3358 465 3436 pertinentiis
478 3352 752 3432 suis,eteecles1ade
763 3352 818 3410 loro
830 3367 892 3406 cum
907 3353 1015 3424 capella
1055 3353 1254 3410 confirmamus
1268 3355 1298 3407 in
1325 3353 1490 3424 subscriptis
1515 3351 1747 3427 possessionibus,
1767 3353 1853 3420 uillis,

215 3431 387 3496 deBrachio,
404 3421 775 3498 et'totadecimaporochrae
789 3438 853 3475 cum
887 3423 1016 3477 ertinen-
1056 3422 1154 3493 pratis,
1170 3425 1259 3494 aquis,
1276 3419 1453 3490 molendinis,
1470 3424 1558 3488 silvis,
1595 3423 1801 3494 ascuis,terris,
1822 3429 1856 3479 et

214 3506 263 3568 tiis
278 3505 345 3572 suis,
362 3499 480 3558 ecclesia
504 3496 589 3552 etiam
609 3494 644 3552 de
668 3491 826 3574 Cadburgo,
850 3440 1016 3574 eiectique
1056 3492 1227 3575 quibuslibet
1253 3493 1423 3564 hominibus,
1450 3495 1473 3549 si
1498 3441 1677 3556 forislitotura
1701 3493 1858 3569 contigerit

214 3572 439 3652 capelladebur
460 3563 1014 3632 oDivae,etecclesiaSenctaeMarradu
1054 3565 1184 3619 udehcet
1201 3566 1496 3638 intotaterraquam
1512 3565 1578 3620 blilo
1606 3566 1684 3622 dedit
1702 3565 1766 3620 fllia
1791 3582 1856 3622 suae

213 3588 561 3718 Buissonjuxtailatrem
579 3636 681 3690 Villam
708 3635 765 3688 Has
780 3635 910 3716 equidem
926 3635 1014 3689 eccle·
1055 3635 1175 3692 Beatriei
1190 3636 1433 3708 inconjugiumin
1451 3637 1602 3706 Venuntio,
1616 3636 1688 3692 elin
1702 3635 1855 3693 duodecim

214 3720 271 3780 sias
286 3734 303 3772 a
317 3714 450 3788 synodico
466 3711 560 3766 debito
576 3712 603 3761 et
623 3707 738 3770 circata,
760 3712 923 3778 caterisque
946 3722 1014 3760 con·
1052 3705 1200 3776 jugeribus
1220 3713 1303 3761 terrae
1325 3725 1409 3780 quam
1431 3707 1500 3764 emit
1521 3706 1607 3764 abbas
1622 3708 1804 3774 lanfrancus,
1818 3707 1855 3764 in

216 3787 412 3845 suetudinibus
426 3783 462 3838 ad
472 3781 519 3852 jus
528 3778 685 3854 episcopale
696 3776 902 3852 pertinentibus
913 3777 1014 3833 liberas
1055 3776 1152 3830 eodem
1168 3777 1318 3844 Venuntio,
1335 3785 1363 3834 ct
1377 3778 1507 3852 inpiatis
1524 3793 1585 3852 quae
1603 3779 1728 3836 vendidit
1740 3777 1855 3834 Willel-

215 3865 244 3920 et
253 3859 396 3917 absolutas
409 3856 439 3918 in
450 3857 618 3928 perpetuum
633 3863 799 3920 permanere
814 3847 1015 3922 coenobioprae·
1054 3863 1118 3901 mus
1127 3848 1162 3901 de
1174 3849 1299 3904 Coreella
1309 3851 1425 3924 praefato
1437 3849 1540 3918 abbati,
1558 3850 1593 3904 de
1603 3849 1683 3904 seodo
1698 3855 1804 3920 nostro,
1820 3855 1855 3904 ct

212 3931 272 3994 fato
289 3928 467 3989 concedimus
492 3931 520 3982 et
542 3921 750 3976 confirmamus.
768 3919 908 3974 Praeterea
928 3920 1014 3974 etiam
1055 3919 1085 3972 in
1103 3923 1180 3972 terra
1203 3920 1237 3974 de
1250 3925 1308 3974 loto
1324 3920 1380 3978 Ros
1397 3926 1499 3991 preater
1517 3920 1671 3988 ecclesiam,
1688 3925 1717 3975 et
1729 3921 1758 3974 in
1772 3927 1855 3975 terra

216 4001 308 4063 eidem
337 3997 463 4058 coenobio
489 3994 688 4050 confirmamus
709 3991 775 4060 jura
795 3989 963 4064 episcopalia
985 3991 1014 4046 in
1055 3989 1090 4042 de
1104 3995 1163 4044 toto
1176 3991 1276 4046 Censio
1287 4006 1351 4046 eum
1363 3991 1488 4054 eeclesia,
1498 3992 1563 4046 etin
1576 3998 1652 4052 terra
1663 4008 1747 4074 qrram
1758 3993 1855 4048 tenuit

217 4073 335 4131 ccclesia
361 4071 396 4130 de
416 4067 528 4136 Censio,
543 4063 649 4118 scilicet
672 4062 810 4132 synodum
830 4067 858 4114 et
881 4062 1014 4116 circatam
1056 4060 1216 4116 Grimaldus
1225 4062 1253 4115 in
1263 4062 1431 4129 hllemania,
1444 4061 1508 4116 etin
1517 4063 1650 4118 membris
1660 4080 1730 4134 ojus,
1745 4063 1856 4120 scilicet

215 4152 386 4216 ceterasque
398 4135 624 4197 consuetudines,
637 4149 707 4204 quos
718 4133 747 4190 in
759 4131 881 4204 praelatis
891 4132 1015 4187 ecclesiis
1056 4132 1192 4198 Statellis,
1217 4133 1283 4200 icio,
1304 4133 1484 4200 Fulbertolia,
1502 4133 1658 4206 Burgesbu,
1678 4137 1707 4190 et
1724 4133 1753 4192 ln
1766 4133 1857 4192 domu

216 4217 291 4274 idem
306 4213 465 4270 coenobium
480 4205 662 4264 habet.llano
677 4202 761 4258 etiam
776 4203 942 4274 dignitatem
951 4221 1015 4258 cum
1057 4202 1180 4274 Rogerii,
1197 4209 1226 4258 ct
1251 4204 1281 4257 in
1302 4205 1419 4258 dimidia
1442 4210 1603 4259 acroteria
1617 4205 1652 4260 de
1669 4205 1758 4276 Hogo,
1773 4209 1801 4258 et
1818 4204 1857 4266 in

215 4273 1014 4417 tlt*t*⁵tulllhtttttltttlltthella
1057 4275 1857 4404 tlttllhltttllllt‘tltattitulat*

217 4373 574 4498 accirieeriipraedietarum
594 4417 779 4500 Ecclesiamm
796 4363 831 4541 pq
862 4488 868 4500 ,
1063 4385 1072 4397 ί
1417 4363 1460 4542 pig
1480 4387 1487 4412 ⁹
1632 4365 1651 4430 g
1795 4363 1858 4424 qe

216 4503 313 4558 sancto
333 4495 455 4556 Sabbato
479 4492 592 4548 Paschae
613 4487 772 4542 distribuat.
819 4487 896 4542 lorrcr
919 4495 1014 4542 autem
1055 4435 1361 4554 Pertuso,'sortaraiie,
1377 4485 1502 4554 Foonia,
1518 4489 1712 4549 Cainetocum
1723 4488 1806 4544 terris
1820 4496 1857 4545 et

215 4567 328 4643 praescri
351 4573 443 4626 tarum
457 4561 646 4622 Ecclesia-um
661 4559 700 4612 sic
714 4558 801 4612 libore
817 4565 845 4612 et
858 4559 952 4632 quiete
967 4576 1015 4613 ve·
1055 4558 1136 4630 aquis
1152 4559 1328 4630 quaeisdem
1343 4560 1418 4614 silvis
1432 4561 1564 4632 pertinet,
1581 4561 1651 4616 etin
1666 4559 1773 4616 duobus
1785 4575 1856 4615 mo-

216 4640 297 4701 njant
311 4585 349 4698 ai)
368 4635 518 4710 synodum,
533 4647 569 4685 ne
590 4628 642 4683 sub
656 4629 751 4710 aliqua
765 4630 909 4683 occasione
921 4629 956 4683 ab
973 4631 1013 4686 eis
1053 4627 1174 4684 lendinis
1188 4629 1217 4683 in
1232 4632 1332 4700 majori
1346 4629 1435 4702 burgo
1449 4631 1576 4698 cadomi,
1592 4633 1664 4686 etin
1683 4632 1763 4686 vinea
1781 4648 1855 4696 curn

821 4415 972 4500 resbpteris
986 4415 1091 4512 innati
1111 4417 1266 4488 pontellum
1280 4434 1311 4471 su
1334 4419 1419 4472 rasori
1441 4423 1512 4486 tum,
1531 4418 1604 4472 etin
1625 4419 1701 4473 silvis
1718 4419 1753 4472 de
1774 4419 1855 4474 Malo

214 4709 334 4787 pecunia
349 4707 520 4779 requiratur.
537 4703 607 4761 Item
626 4700 758 4772 predicto
774 4699 900 4754 coenobio
915 4702 1013 4756 conllr-
1054 4699 1137 4754 domo
1158 4701 1285 4756 vinitoris
1298 4701 1328 4755 in
1351 4703 1475 4757 Bavento
1498 4709 1527 4756 et
1551 4703 1655 4758 inlota
1672 4707 1748 4758 terra
1761 4719 1855 4778 quam

212 4797 324 4844 mamus
331 4777 523 4850 processiones
535 4773 564 4832 iu
575 4777 670 4826 sanctu
681 4771 845 4824 Pentecoste
855 4771 1005 4840 decensio,
1049 4770 1126 4824 dedit
1137 4772 1269 4843 praedicto
1283 4773 1408 4826 coenobio
1419 4774 1523 4828 Filines
1534 4775 1663 4828 llerlredi
1673 4775 1703 4830 in
1711 4775 1854 4846 baronte,

162 4867 168 4872 ·
211 4856 240 4914 et
254 4849 445 4926 processiones
468 4847 503 4906 de
520 4842 687 4910 huemania,
712 4845 740 4894 et
759 4842 950 4912 processiones
973 4843 1007 4897 de
1048 4847 1076 4896 et
1091 4841 1120 4895 in
1133 4849 1209 4897 terra
1221 4843 1429 4912 uniuscaruca,
1447 4861 1531 4918 quam
1545 4845 1672 4906 vendidit
1683 4845 1854 4916 Redolphus

210 4923 277 4992 1310¹
295 4938 358 4984 pum
373 4918 535 4980 earumdem
547 4915 676 4968 villarum
693 4912 827 4968 membris
842 4913 1008 4987 etadjacen·
1047 4913 1122 4966 lilius
1135 4913 1310 4968 Constantini
1321 4914 1350 4968 in
1364 4915 1473 4983 eodem,
1489 4920 1518 4970 et
1531 4917 1561 4970 in
1577 4916 1674 5000 viginti
1698 4915 1853 4990 jugeribus

209 4994 267 5056 tiis.
294 4993 500 5052 confirmanus
519 4985 605 5067 etiam
629 4983 761 5068 ppaedicto
787 4983 912 5065 coenobio
936 4986 1006 5040 duas
1047 4985 1665 5056 terraequaededitAscelinesdehbovumlla,
1679 4988 1748 5042 etin
1764 4987 1852 5063 quin-

228 5069 304 5126 artes
313 5057 580 5124 decimaruaseodn
594 5071 677 5110 surm
687 5055 889 5122 Ruscavrlla,et
898 5055 928 5110 in
938 5056 1006 5111 Cur·
1045 5071 1100 5127 que
1110 5057 1256 5128 jugeribus
1268 5061 1360 5123 terrae,
1377 5074 1462 5130 quam
1482 5058 1561 5114 dedit
1572 5059 1651 5114 Serio
1668 5057 1850 5122 Mariscalbrs

207 5083 273 5204 ieie,
290 5133 450 5200 etAmblia,
466 5130 537 5194 etin
550 5129 728 5210 Petraponte,
745 5126 958 5208 etinssauento,
973 5127 1004 5181 in
1044 5126 1074 5207 in
1096 5127 1203 5186 eodem.
1225 5127 1254 5181 in
1280 5134 1356 5182 terra
1374 5145 1459 5200 quam
1478 5129 1570 5184 tenuit
1594 5129 1751 5186 Richardus
1775 5129 1849 5196 Gela

205 5207 314 5272 Billaio,
331 5207 361 5266 in
371 5204 549 5265 laumereto.
566 5199 595 5257 iu
610 5197 755 5252 Geanvnle
769 5203 797 5252 et
811 5213 840 5251 1n
853 5203 914 5254 tota
927 5205 1004 5254 terra
1044 5213 1074 5250 in
1083 5197 1248 5265 Ruscavilla,
1260 5198 1327 5254 etin
1339 5205 1414 5260 terra
1424 5217 1506 5274 quam
1517 5201 1610 5256 tenuit
1622 5201 1780 5264 Willelmus
1790 5200 1849 5262 ca-

204 5277 317 5352 Rogerii
328 5276 415 5342 calvi,
426 5280 454 5332 et
464 5269 613 5334 Bretevilla
622 5285 707 5340 super
720 5268 840 5322 Leisam.
853 5269 1003 5324 Nihilomi-
1044 5269 1182 5323 merarius
1196 5269 1226 5323 in
1234 5271 1355 5338 Curleio,
1366 5273 1429 5326 etin
1440 5271 1586 5329 duodecim
1593 5271 1739 5344 jugeribus
1747 5277 1849 5342 terrae,

204 5365 258 5410 nus
268 5350 353 5413 etiam
363 5345 488 5406 coenobio
502 5342 616 5418 prealato
630 5339 808 5396 concedimus
819 5346 847 5397 et
856 5341 1002 5394 conflrma-
1044 5356 1129 5416 quam
1148 5341 1227 5396 Serio
1237 5343 1381 5400 monachis
1394 5342 1518 5400 vendidit
1530 5342 1560 5396 in
1574 5343 1672 5398 eodem
1685 5342 1796 5404 Curleio
1812 5350 1849 5401 et

203 5422 331 5480 mustias
345 5419 488 5480 libertates
502 5415 536 5472 de
551 5410 703 5492 pontillcali
718 5411 782 5492 jure
793 5411 874 5491 Juxta
894 5417 1000 5470 statuta
1039 5410 1070 5468 in
1087 5415 1145 5466 tota
1171 5419 1249 5468 terra
1262 5429 1346 5484 quam
1366 5418 1518 5470 tenuerunt
1532 5413 1669 5470 Ranulfus
1687 5414 1848 5470 vicecomes

201 5491 436 5560 praedecessorum
451 5491 621 5548 nostrorum,
636 5499 666 5536 rn
682 5497 819 5535 universis
837 5482 998 5542 homiuibus
1040 5487 1068 5535 et
1080 5482 1218 5540 liebertus
1231 5485 1393 5540 bertramus
1401 5484 1431 5538 in
1446 5485 1759 5560 BrelevillaOrgoillosa
1773 5501 1844 5540 cum

201 5559 330 5626 cseuobii,
340 5561 467 5632 iuburgo
482 5555 694 5618 monachorum,
709 5552 766 5606 sive
780 5552 810 5607 iu
820 5553 937 5607 Villario
954 5553 998 5610 vel
1038 5554 1216 5622 pertinentiis
1229 5556 1297 5622 suis,
1318 5555 1389 5610 etin
1412 5555 1496 5610 domo
1515 5562 1544 5612 et
1557 5557 1586 5611 in
1601 5563 1678 5612 terra
1691 5555 1848 5621 Auschitili

201 5630 269 5692 alibi
282 5631 312 5694 ia
331 5629 473 5692 territorio
492 5625 631 5706 Cadurci,
643 5630 673 5678 et
683 5623 722 5706 'in
743 5623 892 5688 Venuntio,
918 5629 946 5680 et
969 5625 998 5684 in
1039 5623 1227 5696 Waragnonis
1239 5627 1268 5682 in
1278 5627 1410 5692 Honetot,
1423 5632 1451 5684 et
1463 5627 1493 5682 in
1507 5627 1669 5692 molendino
1683 5645 1739 5688 uno
1754 5643 1848 5698 super

198 5701 376 5764 Frapeavina
388 5698 591 5766 habitantibus,
607 5695 735 5778 videlicet
748 5695 909 5778 complicui
924 5711 997 5767 prae-
1038 5694 1161 5764 Leisana
1177 5713 1240 5754 eum
1257 5697 1374 5760 dimidia
1388 5714 1454 5760 aera
1466 5697 1847 5770 terrae,etluasla1aodioa

196 5771 338 5858 mmcd
351 5769 545 5842 amoenus
555 5767 676 5848 peccatis
687 5765 891 5838 emeatus,
908 5773 937 5834 et
954 5767 998 5834 vel
1038 5783 1101 5848 qua
1113 5768 1205 5836 adea
1217 5769 1379 5838 molendae
1392 5770 1522 5854 papea
1536 5775 1589 5854 est,
1603 5771 1752 5860 apiae
1760 5774 1851 5854 terra
