3872 6162
93 276 156 338 toti
612 279 822 338 consultui.
845 278 1015 336 eluenda.
1035 307 1071 322 -
1089 280 1157 336 LlB.
1178 281 1202 337 l.
1653 275 1725 336 1018

93 413 141 463 stat
149 407 194 462 rel
208 407 305 478 sedet;
317 408 366 464 sed
379 425 465 481 super
471 423 566 480 genua
579 405 695 478 privatis
709 405 808 461 diebus
822 403 917 477 pro-A
928 409 995 461 tuuc
1011 405 1088 472 facit,
1104 421 1168 461 cum
1183 405 1261 473 dicit,
1277 403 1425 474 Corpus&
1448 409 1472 460 et
1497 405 1613 472 sanquis
1630 405 1672 472 »1«.
1687 403 1726 460 m

94 497 207 552 cambit.
222 499 359 554 Lecturus
374 499 554 570 Evangelium
570 513 588 551 a
614 497 718 551 domno
730 494 842 562 abbate,
861 493 885 549 si
926 510 990 548 cum
1001 492 1078 561 dicit,
1089 495 1314 563 Accepitpancm,
1326 494 1386 566 ipse
1406 493 1506 564 accipit
1529 493 1651 548 hostiam
1666 493 1725 566 pri-

93 587 178 656 edest,
194 586 418 643 benedictionem
439 587 548 660 accipit,
564 587 665 642 deinde
695 586 837 641 osculatur
857 588 885 638 et
925 581 979 636 mis
990 587 1112 654 quatuor
1122 582 1226 654 digitis,
1235 588 1263 637 ct
1277 582 1481 656 aliquantisper
1494 582 1576 648 levat,
1595 598 1647 637 nec
1660 585 1726 636 ante

92 677 218 743 altare,et
229 677 303 732 inter
313 677 462 733 dicendum
472 676 621 746 Sequentia
630 679 721 732 sancti
730 677 882 743 decerpunt,
926 671 1006 742 ponit
1021 687 1105 742 quarn
1121 671 1196 726 dicat
1206 673 1260 726 lloc
1269 677 1308 726 est
1318 688 1416 740 corpus
1429 671 1590 726 rrreusaSed
1603 687 1667 726 cum
1681 671 1726 726 di·

93 766 212 836 singulas
225 781 322 822 cruces
333 765 470 832 faciteam
483 765 619 838 pollicein
629 765 783 828 t'rontenre
798 769 826 818 et
836 779 885 835 pe·
926 759 973 825 cit,
993 761 1147 824 denedi'm't,
1164 759 1273 816 duobus
1285 760 1406 816 sinistra
1431 777 1531 816 manus
1546 759 1642 832 digitis
1653 761 1726 816 hanc

93 861 180 909 ctare:
194 859 271 921 tunc,
290 835 430 910 Conversa
443 855 630 927 respondente
648 854 743 910 Gloria
758 854 817 915 tibi,
834 854 886 907 Do·
927 849 1017 921 ipsam
1039 850 1161 906 hostiam
1190 855 1300 918 tenens,
1317 851 1540 907 destrucrucem
1562 863 1726 924 supeream

93 947 172 1007 nine,
184 947 253 998 etse
262 943 343 1015 signo
352 942 483 1000 Crucisin
492 943 563 998 facie
573 944 714 1014 signante,
730 943 790 1014 ipse
805 958 886 996 oscu-
926 937 1002 994 lacit.
1017 940 1087 994 ltem
1101 956 1163 994 cum
1177 940 1255 1008 dicit,
1271 941 1410 1010 decipiens
1425 946 1451 994 et
1464 941 1538 995 lianc
1554 943 1725 1008 praeturum

93 1032 364 1104 laturErangelium.
377 1033 598 1100 Similitersacit‚
624 1049 690 1114 cum
714 1031 784 1087 illud
798 1031 886 1102 perle-
927 1032 1050 1093 criticum,
1067 1029 1170 1100 accipit
1189 1035 1218 1084 et
1244 1030 1337 1102 ipsum
1349 1029 1487 1101 corporali
1505 1034 1681 1102 coopertum,
1696 1033 1726 1084 et

93 1120 169 1192 gerit,
180 1121 336 1193 statimque
348 1121 489 1177 Conversa
503 1127 532 1178 et
545 1122 609 1178 aliis
622 1120 831 1177 communicare
844 1135 886 1174 ro-
926 1114 1000 1170 levat
1012 1131 1122 1186 parurn.
1139 1115 1193 1172 Sed
1203 1116 1278 1172 dicto
1293 1118 1403 1172 Gratias
1412 1133 1494 1184 opens
1506 1117 1595 1189 ponit,
1611 1133 1674 1172 cum
1689 1115 1725 1172 si·

93 1209 209 1276 lentibus
224 1210 455 1266 adosculandum
473 1209 601 1282 porrigit.
927 1203 1017 1258 nistra
1029 1209 1124 1260 tamen
1139 1211 1248 1272 teneus,
1266 1211 1296 1260 et
1314 1205 1349 1260 ad
1362 1207 1504 1261 Denuiiuit
1518 1209 1559 1271 ᾧ,
1574 1203 1720 1260 benedicit.

121 1298 159 1354 Ut
172 1303 268 1353 autem
283 1298 540 1370 postEvangelium
559 1297 677 1353 dixerit:
694 1298 830 1352 Dominus
844 1313 887 1352 uo-
926 1293 967 1348 Ad
979 1295 1107 1363 Accipite,
1117 1295 1220 1350 iterum
1235 1295 1309 1350 levat
1320 1298 1349 1349 et
1367 1300 1445 1350 tenet
1457 1293 1624 1364 usquedum
1639 1293 1723 1359 dicat,

94 1387 203 1454 liscum,
215 1386 312 1442 stafim
322 1387 508 1459 acceptumde
518 1386 601 1442 altori
610 1386 738 1452 linteum,
759 1383 886 1456 quodibi
928 1385 978 1439 llic
987 1389 1024 1438 est
1034 1387 1108 1439 calin
1117 1386 1354 1453 sonpuinisltem
1365 1400 1428 1440 cum
1439 1383 1515 1448 dicit,
1536 1385 1660 1439 Hostiam
1672 1399 1724 1452 pn·

93 1475 314 1531 aasaotlerendi
321 1475 429 1546 jugiter
434 1477 520 1546 jacet,
531 1475 727 1547 complicatum
739 1473 828 1528 eidem
839 1474 887 1528 ad·
927 1489 988 1529 ram
1002 1478 1044 1542 ff«,
1057 1476 1173 1530 tertiam
1189 1484 1313 1530 sunctum
1325 1478 1366 1542 ete,
1380 1478 1498 1530 nostiam
1511 1476 1725 1530 innnacutatam

91 1565 172 1634 tutori
182 1580 235 1620 suo
249 1564 378 1636 porrigit,
394 1564 496 1619 deinde
510 1565 625 1620 calicem
638 1580 702 1619 eum
724 1569 828 1635 patena
847 1563 881 1618 ad
926 1566 969 1632 sie,
981 1563 1045 1618 lacit
1064 1568 1123 1619 tres
1140 1581 1237 1620 cruces
1250 1580 1415 1620 communes
1423 1580 1508 1635 super
1517 1569 1680 1634 utrumque,
1696 1565 1726 1618 et

93 1653 444 1725 atterendumaliusquam
453 1653 567 1724 adjutor
578 1654 638 1724 ejus
647 1657 738 1724 potest
753 1651 883 1706 ibiotler·
924 1669 1009 1708 unam
1021 1653 1224 1725 superCorpus
1237 1653 1358 1718 Domini,
1369 1669 1433 1709 cum
1449 1653 1526 1718 dicit,
1541 1655 1646 1708 Panem
1657 1668 1723 1708 san-

93 1757 127 1808 re,
143 1741 167 1796 si
181 1741 235 1796 iste
250 1757 308 1796 non
324 1742 386 1796 vult
398 1741 615 1796 communicare.
642 1739 722 1796 Inter
736 1722 915 1796 dicendumB
925 1746 1000 1796 etiem
1011 1745 1072 1796 vitre
1081 1749 1196 1808 uterne,
1213 1743 1330 1798 alteram
1339 1742 1554 1814 superculicem,
1566 1756 1630 1796 cum
1644 1741 1723 1809 dicit,
1743 1810 1747 1818 „

95 1831 259 1886 offerendam
286 1831 316 1886 in
342 1831 434 1886 medio
455 1831 553 1886 altaris
578 1830 722 1902 corporale
740 1829 881 1900 expandit,
927 1831 961 1884 Di
970 1833 1081 1885 calicem
1096 1834 1196 1898 satietis
1209 1837 1354 1900 perpetua.
1371 1830 1442 1886 Nam
1457 1829 1497 1884 sic
1506 1829 1599 1901 ipsum
1615 1829 1723 1900 Corpus

94 1921 227 1975 Conversa
235 1918 351 1975 iuterim
372 1920 480 1987 acclini,
498 1937 560 1976 cum
577 1919 663 1976 calice
677 1936 711 1974 ex
724 1924 826 1990 patena
837 1935 884 1974 su·
926 1919 1040 1974 Domini
1054 1919 1169 1975 interae
1182 1927 1211 1976 et
1235 1921 1349 1977 cudaem
1373 1936 1459 1990 super
1485 1918 1628 1992 corporale
1641 1916 1725 1974 debet

93 2009 452 2080 perpositaastante,douee
465 2010 526 2081 ipse
540 2010 575 2065 ad
586 2027 619 2064 ea
633 2009 883 2081 accipiendaexpe·
926 2008 1106 2079 posuissent
1119 2009 1149 2064 in
1162 2009 1297 2080 singulas,
1323 2026 1386 2064 cum
1408 2008 1476 2064 ordo
1492 2007 1588 2080 exigit,
1604 2013 1633 2062 et
1646 2023 1723 2062 com·

93 2097 129 2151 dit
139 2114 180 2152 se.
196 2097 264 2162 Qua
277 2097 327 2152 ubi
341 2097 506 2169 singillatim
518 2099 592 2154 idem
608 2098 731 2170 primum
751 2103 882 2168 patenam
924 2114 1024 2153 munes
1035 2115 1121 2170 super
1135 2099 1193 2153 hmc
1204 2099 1293 2170 possit
1306 2099 1399 2154 lacere
1409 2114 1514 2153 cruces.
1526 2097 1570 2152 nd
1582 2096 1723 2165 Supplices

93 2185 256 2252 cumhostia,
269 2187 371 2242 deinde
385 2189 500 2244 calicem
515 2195 636 2261 utraque
649 2205 749 2243 manus
765 2188 882 2244 deoseu-
924 2191 948 2240 te
964 2203 1105 2256 rogamus,
1122 2204 1152 2243 se
1180 2187 1307 2243 inclinat.
1320 2188 1355 2242 Et
1377 2203 1442 2243 cum
1469 2187 1547 2253 dicit,
1562 2187 1603 2240 Ea
1622 2186 1725 2240 attaris

90 2275 188 2330 latione
201 2275 298 2331 oblata
309 2275 473 2349 susceperit,
489 2283 518 2332 et
533 2277 648 2333 calicem
670 2277 882 2348 superpositum
920 2279 1147 2345 participatione,
1164 2277 1289 2332 osculato
1302 2277 1384 2332 alani
1397 2294 1427 2332 se
1441 2275 1533 2348 erigit,
1548 2280 1577 2330 et
1590 2275 1665 2330 inter
1679 2273 1722 2328 di·

92 2363 616 2436 corporaleetpatenamsubtustectam
626 2365 708 2434 locet,
718 2365 882 2436 priusquam
924 2364 1056 2422 cendum.
1073 2363 1287 2420 Sacrosanctum
1304 2381 1402 2434 corpus
1421 2371 1445 2420 ct
1472 2365 1649 2432 seriquincm,
1663 2359 1725 2418 nul·

91 2451 197 2506 calicem
207 2451 338 2523 accipiat,
358 2451 475 2508 linteum
490 2453 624 2526 plicatum
640 2469 657 2508 a
672 2454 881 2508 conversanae
923 2451 979 2506 lum
996 2453 1113 2508 omnino
1127 2470 1237 2509 crucem
1250 2453 1326 2509 facit.
1348 2453 1401 2508 Sed
1417 2453 1483 2508 dum
1498 2452 1575 2518 dicit,
1590 2452 1672 2507 Omni
1683 2452 1726 2506 be·

90 2538 250 2594 sinemanus
260 2539 470 2596 deosculatione
478 2541 585 2613 recipit.
595 2547 624 2596 et
633 2540 661 2595 in
672 2540 755 2596 altari
763 2540 884 2611 reponit.
927 2543 1079 2595 aulici-ione
1094 2545 1192 2596 carterii
1205 2547 1228 2595 et
1252 2545 1346 2608 pratia
1370 2543 1539 2609 repleamur,
1555 2539 1585 2594 in
1605 2538 1675 2594 secie
1694 2553 1725 2593 se

89 2624 189 2681 Deinde
201 2625 282 2682 binos
297 2635 327 2683 et
341 2629 445 2700 primos
471 2629 618 2700 utriusque
643 2645 745 2684 manus
771 2628 884 2698 digitos,
926 2628 1018 2700 ipsum
1034 2646 1117 2685 cruce
1131 2630 1231 2701 signat.
1253 2629 1324 2684 item
1341 2629 1375 2684 ad
1391 2627 1552 2698 Sanctificas
1573 2633 1616 2696 exe,
1634 2629 1725 2696 uiuip-

90 2714 186 2785 quibus
200 2733 302 2789 corpus
317 2717 494 2774 Dominicum
511 2725 553 2774 est
567 2719 757 2785 tractandum,
767 2719 843 2774 lavat
857 2721 886 2772 et
927 2734 971 2773 cas
986 2723 1017 2786 ψ
1033 2708 1166 2773 benedicis
1175 2723 1217 2788 ᾖ,
1231 2724 1288 2773 tres
1302 2733 1466 2774 communes
1480 2733 1576 2772 cruces
1601 2715 1668 2770 iacit
1679 2731 1724 2770 su-

91 2805 237 2873 combiuat,
254 2822 313 2861 non
327 2811 479 2878 autequam
495 2824 543 2862 eos
566 2815 631 2880 post
656 2807 884 2863 communionem
925 2823 976 2879 per
989 2813 1142 2880 utrumque
1154 2807 1249 2862 simul.
1263 2807 1306 2862 Ad
1320 2809 1435 2862 Prasias
1450 2807 1537 2871 erodis,
1550 2804 1664 2860 calicem
1679 2803 1724 2858 di-

90 2895 192 2960 lareu't,
211 2895 266 2950 nisi
280 2895 317 2950 ad
329 2913 425 2951 eruces
449 2897 600 2964 iaciendas,
617 2896 784 2953 abinvicem
801 2913 883 2970 sepa·
925 2911 972 2950 seo
985 2897 1148 2968 cooperiens
1164 2901 1472 2969 acceptetumcorpore
1482 2892 1720 2950 Dominicolntcr

91 2985 199 3051 medos,
208 2984 467 3056 sicquetandemad
482 2987 639 3042 orationem
651 2987 772 3056 Suscipe,
788 2991 884 3042 sancta
925 2985 1073 3040 dicendum
1089 2989 1140 3041 Per
1152 2989 1245 3056 ipsum
1257 2990 1288 3054 »Β
1304 2992 1329 3040 et
1343 3003 1406 3041 euin
1419 2988 1476 3054 ipso
1487 2987 1518 3050 ›l‹
1530 2987 1554 3037 et
1568 2985 1667 3051 inipso
1679 2983 1722 3050 exc,

92 3075 291 3140 Trinitas,etc.,
302 3075 667 3142 seseinelinat,eteamdem
682 3075 837 3131 orationem
848 3049 913 3129 edC
925 3076 1041 3132 calicem
1056 3083 1155 3130 tenens
1170 3075 1292 3142 sinistra,
1311 3081 1340 3132 et
1353 3091 1454 3147 corpus
1468 3074 1567 3128 dextra
1585 3088 1648 3127 cum
1662 3071 1724 3144 ipso

90 3162 199 3216 mimam
213 3162 340 3217 vitrorum
357 3169 385 3217 at
399 3163 593 3219 detunctorum
605 3181 717 3236 semper
731 3181 787 3220 uno
801 3163 884 3220 modo
924 3169 983 3218 tres
993 3180 1088 3219 cruces
1098 3181 1149 3236 per
1162 3165 1286 3219 medium
1300 3163 1394 3219 calicis
1409 3164 1530 3234 desuper
1540 3164 1615 3226 ante,
1628 3165 1724 3216 ettres

88 3251 227 3315 dicit.Qua
237 3250 323 3319 dicta,
334 3267 385 3322 per
396 3251 523 3306 dextram
544 3253 650 3308 Versus
666 3253 810 3308 adstantes
820 3269 884 3322 cum
925 3259 991 3308 ante
1008 3269 1038 3308 se
1053 3259 1132 3308 extra
1147 3252 1174 3308 in
1185 3253 1278 3308 calicis
1293 3255 1390 3320 latere,
1406 3258 1474 3307 tune
1496 3267 1560 3306 cum
1583 3249 1660 3316 dicit,
1676 3249 1725 3306 eu

89 3339 185 3395 humili
198 3340 300 3411 capitis
314 3340 495 3396 inclinatione
514 3340 595 3396 dicit:
610 3343 691 3398 Orate
703 3358 757 3412 pro
773 3359 814 3396 nie
825 3358 885 3412 pec-
927 3345 978 3398 tibi
990 3344 1043 3398 Deo
1062 3345 1143 3398 Patri
1152 3348 1183 3413 ἧς
1196 3346 1387 3412 omnipotenti,
1404 3344 1435 3395 in
1450 3343 1557 3394 unitate
1581 3343 1612 3408 »Β
1634 3340 1725 3393 sancti

88 3433 184 3482 satore.
192 3427 302 3484 Dehinc
316 3428 384 3483 item
398 3445 528 3484 reversus
542 3446 593 3501 per
602 3430 729 3485 dextram
755 3430 790 3486 ad
811 3415 884 3486 sini·
926 3431 1059 3501 Spiritus,
1075 3435 1167 3486 ornetis
1189 3433 1277 3486 honor
1300 3437 1325 3486 et
1347 3433 1452 3500 gloria.
1468 3429 1545 3484 Inter
1560 3425 1721 3492 dicendum,

88 3523 175 3570 strum
191 3533 279 3572 cornu
293 3517 392 3572 altaris
409 3519 538 3574 collectas
552 3525 723 3574 secretarum
738 3536 772 3574 oo
786 3519 885 3574 ordine
926 3523 978 3576 Per
1010 3524 1105 3576 ornrriu
1138 3525 1236 3576 sucida
1268 3525 1442 3586 emeritorum,
1479 3534 1580 3590 corpus
1612 3515 1724 3572 Domini

86 3603 213 3677 dicitque
224 3611 253 3660 et
262 3606 378 3678 primas3
391 3607 439 3661 sed
455 3607 490 3662 ad
505 3607 625 3679 primam
638 3613 749 3663 tantum
765 3609 886 3680 praemit·
926 3609 1002 3663 inter
1015 3625 1045 3664 se
1060 3614 1089 3664 et
1099 3609 1215 3664 calicem
1229 3609 1328 3680 primis
1336 3607 1563 3681 quatuordigitis
1577 3605 1726 3676 tenensip·

27 3717 38 3736 ·
86 3693 128 3758 tit,
143 3696 574 3762 meianaetcuml’erDiuistum
584 3699 735 3752 Dominum
746 3703 884 3765 nostrum,
927 3716 989 3774 suqr
1003 3699 1110 3770 pariter
1123 3715 1187 3753 cum
1201 3699 1286 3754 catice
1301 3699 1336 3753 de
1347 3695 1486 3769 corporali
1508 3693 1644 3750 ambabus
1667 3710 1725 3750 ma·

85 3783 211 3855 singulas
225 3784 403 3856 tinitpraeter
416 3785 568 3840 ultimam:
592 3786 629 3840 ad
657 3787 730 3841 hanc
744 3787 818 3842 enim
833 3789 886 3842 Per
928 3787 1010 3843 nibus
1024 3803 1177 3860 parumper
1190 3787 1445 3843 leratosustentat.

85 3869 235 3924 Dominum
252 3874 383 3924 nostrum
397 3869 466 3926 dicit
478 3876 595 3939 secreto,
607 3887 707 3943 usque,
724 3873 776 3926 Per
789 3875 885 3927 onznia
962 3877 1005 3932 Ad
1018 3879 1161 3946 Praecptis
1184 3879 1367 3940 salutaribus,
1391 3877 1483 3949 posito
1503 3875 1599 3941 calice,
1623 3889 1725 3945 corpus

83 3959 185 4012 semela
197 3961 375 4026 secutorum,
391 3958 466 4030 quod
481 3959 566 4014 altius
577 3966 621 4015 est
633 3961 885 4034 pronuntiandum.
926 3966 1038 4021 Domini
1052 3965 1130 4037 ponit
1143 3966 1258 4038 propius
1280 3981 1364 4038 quam
1385 3966 1472 4038 prius,
1482 3969 1514 4020 ut
1526 3964 1621 4019 statim
1629 3961 1725 4034 digitis

65 4037 162 4102 'luter
177 4047 327 4102 dicendum
343 4065 351 4104 ε
376 4047 496 4104 Sursum
518 4051 610 4118 corita,
625 4055 759 4122 utrasque
784 4066 885 4106 manus
926 4056 1002 4110 inter
1016 4055 1140 4122 calicem,
1153 4070 1189 4109 ne
1204 4055 1318 4126 quidde
1332 4070 1447 4126 corpore
1462 4053 1575 4108 Domini
1597 4051 1724 4106 adhaese·

84 4135 886 4208 quatuordigitistutdictumestteombinatis,rererenter
927 4145 974 4211 rit,
993 4144 1126 4210 excussis,
1143 4161 1207 4198 cum
1226 4143 1311 4198 calice
1326 4144 1411 4198 etiam
1425 4159 1526 4214 corpus
1545 4139 1657 4196 Domini
1676 4155 1725 4194 co·

82 4241 175 4297 usque
191 4227 226 4281 ad
241 4225 376 4281 humeros
390 4225 473 4281 levat.
491 4227 641 4282 Caiatiam
663 4229 716 4283 hoc
740 4229 885 4284 sciendum
927 4233 1230 4305 operiatDictaautem
1240 4227 1725 4301 orationeDominica,respondetur

82 4321 133 4380 0³1·
148 4315 227 4386 ttu⁰d
240 4314 361 4388 hincm,
373 4331 429 4386 (1¹10
452 4321 521 4371 tunc
544 4335 574 4372 te
600 4316 685 4373 habet
706 4317 814 4385 habitu,
829 4335 885 4374 non
928 4323 980 4381 Sed
993 4325 1080 4378 litera
1094 4339 1142 4376 nuos
1156 4339 1174 4377 a
1189 4325 1262 4377 niolo
1277 4321 1357 4394 ,ipse
1369 4327 1464 4376 autam
1474 4320 1560 4376 tacite
1576 4317 1726 4390 respondet

79 4411 147 4459 ante
163 4411 277 4460 mutare
290 4405 383 4472 debet,
396 4422 482 4478 quam
496 4407 625 4462 sacrificii
640 4407 879 4478 consecrationem
928 4411 1025 4470 Anien.
1040 4412 1085 4468 Sic
1095 4427 1207 4484 quoque
1222 4413 1317 4466 litera
1332 4427 1390 4476 nos,
1417 4425 1583 4480 quesumus,
1600 4409 1724 4475 Domine,

80 4493 222 4562 perficiat,
234 4493 362 4548 niaicum
383 4501 433 4550 aut
445 4495 606 4561 inclinatus,
629 4502 680 4552 aut
697 4498 726 4553 in
741 4499 831 4554 (truce
844 4498 887 4553 la·
927 4501 1023 4557 statim
1035 4501 1159 4567 inchoat,
1176 4505 1205 4555 et
1216 4500 1290 4554 dicto
1305 4501 1339 4554 ab
1349 4502 1427 4555 onrni
1433 4501 1643 4570 perturbatione
1653 4515 1726 4556 sccu÷
1798 4547 1807 4560 ,

77 4581 188 4636 cienda
200 4582 244 4638 rel
257 4582 396 4638 sacrificio
407 4585 554 4640 tractando
568 4595 729 4658 occupatur.
926 4594 965 4654 ri,
978 4595 1045 4645 tunc
1058 4589 1172 4645 calicem
1185 4589 1406 4660 disco'operiens
1420 4587 1639 4662 corpusDomini
1656 4587 1727 4643 acci-

114 4672 352 4739 Caeterumdicta
362 4673 536 4744 praefatione,
548 4675 583 4730 ad
595 4675 712 4732 Sanctus
721 4693 751 4732 ae
759 4676 885 4742 inclinat,
928 4680 1017 4752 pitEt
1027 4678 1268 4743 interdicendum,
1278 4694 1329 4748 per
1342 4679 1493 4734 Dominum
1505 4681 1641 4744 rtostrmn,
1658 4677 1727 4732 dex-

77 4759 184 4832 sicque
204 4759 314 4816 inclinis
328 4760 365 4815 od
388 4763 547 4818 Benedictus
567 4767 618 4834 qui
632 4768 717 4830 verrit,
732 4766 762 4821 in
776 4766 888 4822 iaciese
927 4773 1124 4841 trampartem
1147 4767 1285 4823 Dominici
1305 4767 1431 4840 corporis
1445 4767 1536 4839 digito
1551 4782 1659 4831 secans,
1669 4781 1727 4822 non

77 4849 193 4920 signat,
207 4850 279 4921 quod
295 4854 448 4922 utrumque
464 4856 492 4906 et
512 4853 668 4909 Conversus
683 4854 766 4910 debet
779 4855 883 4912 iacere.
927 4859 1042 4931 penitus
1053 4857 1374 4929 eamsepamt,sedcum
1395 4857 1473 4926 dicit,
1484 4859 1538 4926 Oui
1552 4861 1639 4910 tecum
1658 4856 1727 4908 uiuit

77 4938 135 4994 Sed
148 4939 302 4999 Sacerdos.
315 4939 448 4994 inchoato
466 4941 497 4996 Te
508 4944 607 5011 ipitur,
624 4959 654 4998 se
673 4943 765 5015 erigit,
781 4944 831 4999 sed
845 4961 889 5000 ac·
929 4953 954 5002 et
969 4953 1077 5016 repunt,
1089 4945 1234 5001 sinistram
1246 4947 1412 5018 particulam
1422 4963 1456 5001 cx
1468 4951 1527 5000 toto
1541 4943 1648 5009 dividit,
1666 4959 1727 5000 me·

76 5027 165 5082 clinis
185 5044 193 5078 :
212 5035 240 5082 et
252 5028 326 5083 dicto
340 5029 482 5098 Supplices
498 5035 521 5085 te
537 5046 678 5100 rogamus,
701 5050 735 5088 aa
757 5037 886 5104 patianus,
930 5037 1032 5109 dieque
1047 5037 1202 5107 conjungit.
1218 5036 1327 5090 Etcum
1343 5035 1432 5090 dicit:
1449 5035 1501 5088 Per
1520 5036 1615 5088 orantia
1628 5033 1726 5085 sucula

75 5124 147 5172 tunc
167 5115 295 5188 primum
309 5133 373 5172 cum
390 5119 562 5176 osculatione
570 5121 669 5176 altaris
683 5139 713 5176 se
722 5139 754 5178 ex
766 5129 825 5179 toto
836 5123 889 5179 eri·
929 5129 1102 5190 sumturum,
1119 5125 1244 5180 dextmm
1264 5119 1432 5196 particulam
1458 5121 1568 5194 accipit,
1587 5136 1649 5174 cum
1669 5133 1725 5190 qua

73 5205 127 5275 git.
145 5207 234 5261 Inter
246 5205 406 5273 dicendum,
426 5209 485 5262 liae
499 5213 531 5277 el<
545 5211 628 5277 dorca,
644 5211 699 5266 trec
714 5216 885 5281 ›xemuncra
930 5216 965 5276 ad
979 5218 1038 5271 Pan
1053 5217 1174 5276 Domini,
1190 5228 1241 5284 per
1266 5213 1389 5268 medium
1414 5212 1507 5268 calicis
1528 5210 1648 5279 desuper
1666 5212 1724 5262 tres

74 5295 132 5350 tac
157 5297 309 5362 sancta&
336 5297 475 5364 sacrificia
499 5300 619 5367 illibato,
642 5307 700 5356 tres
723 5317 887 5357 communes
929 5319 1026 5359 cruces
1040 5306 1119 5355 tanta
1145 5299 1211 5355 lecit
1237 5300 1409 5361 festinantia,
1426 5303 1459 5354 ut
1484 5297 1558 5368 ipsas
1582 5294 1657 5350 inter
1674 5294 1726 5350 has

73 5399 183 5438 cruces
190 5398 279 5454 super
292 5387 442 5456 utramque
449 5385 619 5443 oblationem
634 5389 709 5459 facit3
722 5390 888 5447 similitcret
930 5392 1054 5463 quinque
1069 5386 1257 5444 dictiunculas
1271 5387 1406 5458 perficiat,
1422 5391 1451 5440 et
1464 5385 1499 5438 ad
1517 5384 1601 5438 finem
1611 5384 1724 5447 harum,

75 5479 159 5539 tunc,
178 5487 248 5526 cum
262 5473 340 5540 dicit,
358 5475 530 5530 Denedr‘ctam
547 5480 578 5544 ᾖ
593 5479 773 5550 adscriptam,
791 5484 822 5548 ᾖ
839 5497 889 5535 ra·
929 5481 1019 5552 ipsam
1029 5476 1232 5550 particulemin
1242 5476 1406 5546 sanguinem
1415 5473 1517 5537 mittat,
1529 5477 1644 5529 caeteras
1655 5473 1726 5529 duas

75 5569 133 5618 tarn
144 5560 330 5628 ›1‹;sodduas
338 5560 502 5633 singillatim
522 5581 607 5637 super
620 5567 725 5627 hostias
735 5573 764 5626 et
773 5569 887 5626 calicem
929 5565 1205 5641 superindumenti
1220 5567 1291 5620 hanc
1301 5561 1523 5636 ipsamcorporis
1535 5562 1650 5620 Domini
1660 5563 1726 5620 iecit

1734 3762 1752 3798 s
