3986 6184
175 280 226 337 tet
664 281 695 336 u.
717 280 927 336 rauranum
947 271 1125 339 caninum
1148 264 1317 334 tuemur.
1759 263 1812 332 ut

888 433 961 488 cni>
969 431 1096 488 nuntii.

212 551 310 614 Omnis
319 555 414 614 anima
421 555 607 630 potestatibus
614 549 841 612 sublimioribusl
850 552 976 612 ,subdita
984 551 1035 623 sit;
1049 555 1186 626 (nocuisti
1199 553 1375 619 sentirent,
1384 552 1650 620 pudadtbeiutfflet
1658 555 1813 611 numeres

176 641 239 714 esset
251 662 307 703 non
317 649 361 702 est
371 645 445 700 enim
456 645 581 716 potestas
591 637 745 700 nisiatieo.
755 645 825 709 Quia
835 651 928 702 autem
940 637 1114 709 mutatico
1124 637 1260 698 ordinate
1269 639 1373 696 sustu.
1381 639 1540 712 imqueqtn
1548 640 1657 698 efflant
1665 643 1812 712 seman,

178 732 230 793 Dei
246 729 417 789 ordinationi
431 733 545 790 resistit.
558 727 614 798 Qui
630 737 725 788 autern
740 729 885 801 resistunt,
900 733 955 806 ip'si
970 728 1023 789 sibi
1038 729 1250 788 damnationem
1262 731 1430 802 acquimntt
1445 735 1514 784 nam
1525 729 1665 802 plinianis
1677 737 1815 788 nen'tunt

176 817 272 880 umori
284 819 352 877 boni
362 819 465 894 operis,
481 815 530 876 sed
544 821 621 876 mali.
634 817 684 876 Vis
697 827 793 878 autem
806 833 862 878 non
876 825 976 878 timere
988 817 1178 895 potestuttmt
1193 816 1301 876 Bonum
1314 819 1359 874 iac
1369 823 1398 874 et
1408 809 1437 874 8.
1449 818 1566 874 hebebis
1576 820 1688 876 laudun
1699 827 1733 876 ini
1741 823 1792 878 tna
1804 842 1811 877 ε

175 903 228 966 Dei
242 909 317 966 enirn
329 905 459 966 minister
468 916 512 965 est
525 907 576 965 tibi
592 911 621 966 iu
637 909 755 968 bonum.
763 911 795 966 Si
808 917 904 966 autam
919 906 1026 966 maium
1040 905 1150 976 iacens,
1159 905 1186 965 i.
1200 909 1284 978 time,
1294 917 1353 964 non
1362 908 1439 964 enim
1447 906 1514 974 Μ
1521 908 1814 981 anemsngrsttmm

175 1003 280 1074 portat
289 993 316 1068 5,
327 995 354 1054 6.
365 997 415 1055 Dei
431 997 506 1054 enim
517 998 646 1057 minister
655 995 737 1066 est‚'l
756 1000 857 1055 vindex
868 1000 898 1055 in
907 1001 979 1055 iram
991 1001 1018 1055 ei
1029 999 1077 1071 qui
1088 1000 1193 1054 malum
1202 997 1272 1068 egit.
1285 997 1407 1068 ideoque
1418 997 1586 1052 semmam
1594 997 1701 1054 subdiu
1708 1004 1813 1067 winus,

175 1083 203 1143 8.
213 1106 271 1146 nou
279 1083 371 1145 solum
380 1090 496 1162 propter
505 1089 588 1156 iram,
601 1092 703 1146 scincet
718 1091 875 1158 vitandam,
889 1089 938 1145 s'ed
953 1089 1038 1145 etium
1048 1095 1163 1162 propter
1173 1085 1382 1154 conscientiam,
1392 1089 1496 1142 seilicet
1509 1093 1629 1142 tenram
1639 1092 1671 1143 tit
1680 1091 1816 1144 barastr-

176 1175 309 1255 cnndatn,
320 1177 362 1234 sei
375 1163 393 1233 t
406 1179 480 1233 muto
496 1179 682 1235 liberandam.
697 1179 763 1235 ideo
775 1180 850 1234 enim
865 1185 894 1234 et
907 1179 1014 1234 tributa
1024 1173 1182 1252 praestatis:
1196 1173 1319 1232 ministri
1332 1178 1410 1232 etnim
1421 1176 1471 1232 uel
1485 1181 1561 1245 sunl,
1571 1175 1600 1233 a.
1613 1169 1705 1232 initae
1717 1178 1813 1249 nsum

177 1265 339 1324 servientes.
349 1265 468 1322 Reddite
485 1283 551 1339 crgo
568 1265 698 1322 omnibus
713 1267 821 1336 debila3
834 1269 878 1324 cui
893 1266 1042 1336 tributum,
1058 1267 1209 1340 (tributum
1225 1263 1367 1332 coaetant,
1383 1269 1452 1336 puin
1464 1266 1812 1336 sntdittdenrt-snlrebani,

177 1372 236 1426 pue
250 1358 305 1426 apsi
322 1351 428 1412 subditi
447 1355 483 1410 ad
496 1353 589 1411 densos
604 1360 747 1412 seruorum
761 1357 900 1422 tenebunt)
918 1353 1073 1426 tributum3
1089 1356 1135 1413 cui
1149 1351 1276 1428 vectigal,
1295 1355 1430 1427 uectigat3
1445 1349 1491 1410 cui
1505 1357 1648 1425 timorem,
1662 1359 1813 1427 timorem

177 1441 222 1502 tui
236 1445 382 1514 honorem,
394 1444 543 1502 honorem.
563 1441 607 1503 tu.
626 1439 738 1500 Nemini
753 1445 907 1520 quidquam
920 1443 1122 1512 detestamini
1140 1455 1173 1502 ut
1183 1445 1304 1502 invicem
1320 1439 1463 1518 diligati33
1477 1455 1669 1517 pmmeunpne
1682 1449 1814 1516 munitm,

77 1551 81 1559 ·
176 1533 325 1604 inlatione
335 1533 450 1604 vespius
459 1531 553 1590 debere
563 1533 689 1606 dilipere.
702 1531 755 1600 Qui
766 1534 840 1591 enim
852 1535 944 1608 diligit
952 1530 1222 1611 proximumlegem
1234 1533 1467 1607 impleuerant
1481 1533 1741 1592 Nonaduttembtst
1751 1538 1815 1591 Non

176 1618 300 1682 occides:
312 1619 374 1678 Non
385 1619 526 1678 furaberis
539 1643 545 1677 :
556 1619 620 1678 Non
633 1619 732 1679 laisum
746 1625 939 1679 testimonium
950 1619 1025 1679 dicos
1035 1643 1041 1679 :
1052 1617 1115 1680 Non
1124 1623 1305 1696 concupisces
1316 1643 1324 1681 :
1335 1629 1366 1678 et
1376 1624 1400 1678 si
1409 1623 1486 1695 quod
1495 1617 1627 1680 eststiud
1636 1627 1814 1690 mandatum,

176 1711 205 1766 in
214 1705 268 1766 hoc
280 1709 364 1767 verbo
374 1707 550 1768 instauratur
563 1731 568 1766 :
583 1709 689 1786 Diliges
704 1711 860 1786 proximum
871 1717 951 1769 tuum
963 1713 1035 1769 sieut
1046 1713 1178 1785 teipsum.
1190 1707 1308 1769 Dilectio
1320 1711 1448 1785 proximi,
1460 1715 1544 1779 idest,
1553 1707 1605 1783 peti
1612 1716 1710 1783 direnti
1721 1720 1817 1784 prust·-

175 1817 264 1866 ntum,
280 1795 389 1858 maium
405 1818 461 1858 non
476 1807 620 1874 operatur.
636 1796 790 1857 Plenitudo
814 1813 881 1871 ergo
902 1801 972 1872 legis
992 1807 1036 1857 est
1056 1801 1178 1857 ditectio.
1196 1801 1231 1856 m
1248 1803 1300 1856 hoc
1313 1801 1435 1856 amentes
1449 1806 1584 1872 tempus:
1601 1803 1673 1866 Quin
1687 1803 1758 1857 nem
1770 1811 1819 1858 est

170 1892 233 1961 jam
243 1906 296 1949 uos
305 1885 340 1948 de
353 1907 463 1945 sommo
478 1907 603 1964 surgere.
614 1889 696 1947 Nunc
706 1890 780 1946 anim
792 1887 907 1964 propior
916 1895 959 1944 est
971 1891 1071 1944 nostra
1080 1893 1166 1957 salus,
1176 1893 1213 1958 (et
1224 1897 1328 1960 poento
1340 1889 1454 1959 quisque
1462 1889 1620 1959 preparet
1630 1895 1725 1959 metti,
1735 1893 1817 1948 nuto

172 1982 289 2050 proptor
300 1979 395 2050 salutet
411 1995 496 2052 quam
511 1997 574 2035 curn
587 1973 768 2034 credidimus.
778 1979 822 2035 n.
835 1975 896 2035 Nox
908 1980 1059 2051 praecessit,
1073 1977 1134 2033 dies
1148 1988 1242 2034 autem
1252 1978 1497 2051 appropinquarit.
1509 1977 1554 2033 lb.
1564 1975 1738 2050 abjiciamus
1748 1990 1818 2052 ergo

176 2059 460 2138 opersleuebrarum,
475 2064 517 2125 13.
529 2075 557 2123 et
567 2065 719 2125 induamur
729 2087 809 2126 mma
822 2065 902 2124 lueis.
915 2068 995 2124 Sicut
1009 2065 1039 2122 in
1050 2062 1105 2134 die,
1117 2069 1233 2122 honeste
1250 2063 1439 2132 ambulemus,
1450 2075 1507 2121 non
1521 2067 1551 2122 iu
1566 2067 1819 2124 comessationibus

176 2162 205 2212 et
219 2153 412 2226 ebrietatibus,
424 2174 481 2214 non
496 2153 525 2216 in
538 2153 676 2214 cubilibus
695 2160 724 2214 ct
735 2151 929 2232 impudicitiis,
940 2167 997 2212 non
1010 2155 1041 2212 in
1055 2159 1234 2213 contentione
1246 2160 1275 2212 et
1285 2153 1479 2224 tumulatione,
1491 2157 1542 2212 sed
1553 2147 1703 2212 induimini
1719 2158 1819 2213 Dumi-

175 2261 244 2302 num
254 2245 351 2302 lesum
361 2243 515 2315 Christum,
527 2245 556 2303 et
568 2249 661 2304 carnis
671 2266 768 2304 curam
779 2265 814 2304 ne
824 2247 946 2304 feceritis
956 2249 986 2303 in
996 2239 1152 2303 desideriis.

893 2375 1011 2432 CAPUT
1029 2371 1102 2430 XIV.

214 2496 236 2564 l,
251 2496 279 2552 b.
295 2498 442 2553 infirmum
457 2499 534 2568 (quio
549 2505 631 2554 erent
644 2502 761 2568 quidem
779 2503 865 2555 suilla
881 2516 964 2555 cerne
977 2504 1105 2565 viventes,
1122 2500 1238 2568 quidum
1256 2514 1321 2564 non,
1343 2496 1483 2564 modificat
1503 2511 1545 2550 eos
1558 2496 1713 2564 Apostolus,
1733 2497 1818 2562 infir-

175 2603 254 2642 mum
277 2592 362 2653 cocat,
388 2590 438 2656 qui
456 2588 550 2644 debere
573 2604 642 2643 euro
665 2586 711 2661 [l.,
736 2587 861 2659 carnem]
881 2587 957 2643 edem
979 2601 1034 2642 non
1057 2585 1189 2654 armabat)
1211 2590 1271 2652 Μ
1294 2589 1390 2639 autem
1412 2583 1442 2637 in
1462 2583 1518 2638 fide
1541 2583 1685 2650 assumite,
1709 2583 1817 2638 nonin

174 2674 424 2748 disceptationibus
444 2676 659 2747 cogitationum.
678 2677 759 2734 Alius
780 2677 867 2743 enim,
883 2679 963 2731 idest
982 2680 1032 2731 isle
1053 2678 1203 2745 perfectam
1218 2678 1298 2744 fidem
1314 2675 1404 2742 natet,
1420 2672 1509 2728 credit
1523 2689 1553 2728 se
1568 2673 1738 2727 manducare
1752 2688 1816 2727 om-

174 2764 239 2834 uia;
264 2764 315 2838 qui
328 2769 424 2822 sutem
444 2763 583 2834 infirmus,
606 2763 709 2818 scillcet
724 2766 755 2818 tn
770 2765 821 2818 tice
835 2758 895 2832 nde,
914 2765 965 2828 est,
978 2765 1040 2820 olus
1058 2759 1219 2830 manducet,
1240 2761 1270 2818 id
1289 2765 1327 2817 est
1349 2765 1532 2831 penetrentur
1545 2753 1695 2816 autimi-s.
1720 2761 1817 2831 isqui

173 2851 335 2921 manducat,
361 2849 463 2910 ses'ls‘cet
491 2867 584 2907 omnes
613 2853 696 2926 ntor,
724 2864 781 2908 non
809 2845 1028 2909 manducantem
1054 2869 1110 2909 non
1135 2851 1251 2925 spernat
1277 2849 1305 2908 t.
1325 2855 1355 2904 et
1383 2847 1432 2920 qul
1460 2857 1519 2903 nost
1538 2848 1700 2915 manducet,
1721 2851 1752 2902 iu
1775 2855 1817 2902 est

844 2979 1143 3038 COMMENTARIUS.

210 3097 289 3160 cnr.
300 3097 380 3162 xiii.
399 3136 418 3147 -
434 3105 460 3162 t.
470 3097 579 3162 Larsa.
590 3101 707 3161 sttdttn
718 3105 763 3159 stt.
776 3104 863 3160 suuni
874 3101 1006 3173 denset
1048 3105 1093 3161 10.
1103 3105 1231 3160 nuausr.
1241 3105 1328 3174 (epist.
1338 3101 1573 3160 lustusamans
1581 3101 1673 3156 estet
1682 3105 1751 3156 tom
1764 3099 1818 3172 ll),

175 3192 313 3270 quianon
326 3190 407 3246 debet
420 3191 560 3246 resistere.
573 3192 645 3246 Nam
660 3191 685 3246 si
698 3191 820 3257 resistat,
833 3189 883 3245 net
896 3192 974 3246 crdi-
1014 3189 1480 3264 dnnlnipttldpnatn.0hsritattm
1486 3195 1565 3246 lauto
1572 3187 1815 3261 msgisdtbctuus,

174 3277 283 3338 nationi
302 3273 424 3344 resisum
448 3279 572 3351 potestas
593 3278 669 3335 enim
691 3280 741 3334 liei
762 3273 904 3334 ordinatio
919 3287 971 3347 est,
1014 3287 1120 3354 quanto
1141 3281 1410 3354 apprehenderimus
1426 3280 1491 3354 [ain
1503 3284 1609 3351 quanto
1621 3278 1744 3350 smpnss
1758 3278 1817 3334 im-

176 3365 243 3440 quis
265 3377 347 3422 omne
371 3365 446 3439 quod
472 3378 490 3422 o
514 3363 572 3423 lieo
600 3371 654 3436 est,
674 3367 724 3424 liei
751 3368 891 3423 ordinatio
918 3375 971 3436 eat,
1014 3367 1216 3444 penderinsust,
1224 3373 1304 3443 eujus
1314 3387 1365 3426 nos
1375 3373 1526 3443 perpetuos
1538 3367 1681 3424 debitores
1691 3367 1818 3424 ostendit

174 3462 299 3532 potestas
312 3462 408 3511 autem
430 3473 449 3510 a
467 3457 526 3512 Deo
546 3462 604 3524 est;
626 3468 683 3512 non
702 3459 746 3512 est
759 3456 834 3511 enisu
849 3459 974 3529 potestas
1013 3461 1165 3534 Apostolus
1183 3462 1279 3516 dicens
1295 3480 1301 3515 :
1318 3459 1431 3516 Nemini
1446 3459 1600 3531 quidquam
1619 3456 1745 3513 debsstis
1760 3457 1819 3512 uisi

174 3545 228 3601 nisi
243 3541 343 3602 alito.
1013 3557 1047 3606 ut
1055 3547 1174 3606 insicum
1183 3547 1316 3620 diligant.
1591 3583 1594 3592 ·

211 3633 237 3689 t.
268 3636 431 3706 lineaeque·
458 3633 561 3690 resistit
582 3635 721 3704 potestati.
747 3636 780 3690 ln
805 3634 851 3690 nis
868 3636 974 3691 scilicet
1054 3637 1095 3696 ll.
1110 3641 1237 3698 nunaut.
1256 3641 1316 3694 Nos
1326 3642 1472 3709 praessstt.
1486 3639 1604 3694 Noctem
1621 3641 1743 3692 vetem
1762 3634 1819 3690 lto·

176 3733 238 3796 qua
251 3719 287 3778 ad
299 3729 468 3798 potestatem
483 3724 632 3795 pertinent.
649 3717 678 3778 id
693 3729 746 3791 est,
759 3722 883 3791 tributis,
895 3725 977 3781 secu·
1016 3729 1122 3784 minem
1134 3771 1137 3776 .
1150 3729 1308 3800 significat;
1333 3728 1409 3783 hunc
1435 3725 1604 3800 praeteriisse
1622 3724 1691 3780 elisit
1706 3743 1713 3778 s
1738 3723 1819 3778 diam

175 3807 296 3882 gutibus,
312 3815 341 3868 et
354 3809 448 3869 ceteri
463 3807 635 3884 hujusmodl.
1015 3823 1111 3874 autam
1126 3819 1376 3890 appropinquem,
1396 3816 1426 3870 ld
1446 3821 1490 3871 ast
1508 3815 1662 3882 christum,
1677 3814 1756 3883 cinus
1774 3813 1818 3867 lu-

212 3899 239 3959 3.
254 3903 369 3957 Habetis
393 3905 514 3956 leudem.
538 3895 612 3956 Laus
632 3899 752 3957 habetur
772 3901 972 3974 estpotestate,
1016 3908 1093 3962 minc
1110 3908 1211 3962 ueritas
1225 3903 1306 3961 nobis
1320 3906 1463 3978 appsruit.

177 3985 379 4063 qualiscunque
402 3985 448 4046 slt.
471 3985 529 4046 Aut
550 3989 625 4046 enlm
646 3991 720 4045 bons
743 3997 794 4060 est,
819 3995 849 4046 et
871 3991 976 4047 bonurn
1051 3995 1096 4053 ts.
1122 3997 1292 4066 ntjtct'entus
1315 4007 1388 4064 erpo.
1414 3995 1446 4050 ld
1474 3999 1518 4049 est
1539 3993 1610 4048 sitia
1630 3990 1732 4058 camin
1752 4007 1819 4062 quse

176 4080 287 4148 laudat3
302 4086 353 4136 aut
364 4081 449 4146 mala,
463 4086 493 4135 et
506 4080 610 4136 bonum
621 4081 814 4152 persequitur;
831 4085 860 4135 et
874 4082 914 4135 sle
927 4093 978 4152 per
1017 4084 1215 4149 occultatum,
1232 4089 1260 4140 et
1269 4083 1354 4156 digna
1365 4091 1432 4139 tunt
1446 4082 1578 4139 tssstris.

176 4164 341 4244 patientiam
355 4159 440 4225 illata
451 4163 756 4236 tribulationis,servus
768 4169 818 4225 Del
831 4163 973 4225 laudatur.
1054 4170 1096 4230 ts.
1114 4175 1283 4230 induenter.
1300 4173 1569 4240 tinnimentum
1586 4171 1656 4228 lucis
1669 4173 1744 4236 sunt,
1760 4169 1820 4224 im-

211 4257 239 4313 4.
255 4255 329 4314 ltine
336 4274 345 4328 ,·
359 4271 427 4313 num
440 4269 496 4314 non
510 4261 570 4314 tine
588 4269 671 4313 sture
685 4257 812 4328 eludium
827 4257 929 4330 portat.
942 4259 976 4314 Et
1016 4269 1173 4335 pugnantes
1187 4279 1273 4334 opera
1286 4261 1477 4318 tenebrarum.

176 4348 228 4402 noc
242 4343 351 4424 probet,
373 4347 440 4420 quia
460 4359 523 4404 cum
539 4357 646 4403 caussa
667 4353 695 4402 et
717 4349 770 4404 noc
790 4347 899 4420 probat,
924 4348 976 4404 Dei
1052 4353 1130 4408 ΟΑΡ.
1145 4345 1223 4408 xlv.
1246 4373 1277 4394 u-
1299 4353 1327 4406 l.
1342 4353 1467 4408 nsanos.
1484 4353 1636 4420 lutrinum
1649 4354 1751 4405 annin.
1775 4347 1820 4404 Ex

155 4433 156 4436 ’
176 4437 252 4492 enim
265 4433 394 4492 minister
407 4437 458 4494 est.
984 4435 1119 4502 Binduls
1134 4446 1216 4497 erunt
1231 4441 1433 4513 quinctianus
1445 4441 1480 4496 ad
1494 4440 1580 4495 tidem
1594 4445 1819 4509 assumpserunt.

213 4523 239 4582 5.
253 4521 304 4581 liet
314 4525 398 4583 enlm.
417 4525 508 4581 causa
521 4538 571 4581 eur
584 4523 679 4581 timeri
693 4531 831 4598 oporteat.
1019 4533 1069 4588 ilis
1080 4532 1346 4587 videbaturcarnsm
1355 4531 1526 4603 prohibitam
1538 4530 1622 4585 edsrs
1632 4538 1688 4584 non
1698 4527 1818 4597 debere3

210 4604 238 4670 u.
254 4611 388 4670 ndentes
398 4614 528 4669 minister
547 4610 608 4670 ntia
618 4625 704 4670 causa
712 4616 819 4687 curqui
828 4617 974 4687 resistunt,
1017 4635 1087 4693 quos
1110 4622 1172 4676 tneo
1192 4620 1319 4675 infirmos
1341 4631 1431 4674 coest.
1447 4619 1516 4674 nnis
1536 4615 1820 4682 contundentem

175 4697 387 4758 damnationem
401 4699 454 4758 sin
469 4703 628 4775 acquirunt.
1017 4723 1088 4782 quos
1101 4711 1145 4765 ltin
1155 4710 1331 4782 disputantes
1340 4710 1494 4781 apostulus,
1505 4706 1823 4763 concarditscomulsns

213 4794 240 4847 i.
260 4793 360 4847 t⁷tndee
375 4795 407 4848 t'n
430 4796 515 4852 tram.
537 4787 676 4848 subaudis
692 4809 699 4849 t
718 4791 748 4849 lu
763 4807 827 4850 eum
841 4795 889 4868 qui
903 4798 976 4852 mule
1017 4803 1138 4857 resecat.
1602 4797 1604 4800 ’

176 4877 316 4952 sgitldeo
326 4875 496 4937 entnaneo
508 4877 630 4938 ordinati
640 4881 715 4950 sunt,
728 4883 770 4938 vel
780 4879 976 4957 propteriram
1052 4883 1080 4946 t.
1097 4889 1202 4943 nstra.
1218 4881 1367 4956 infirmum
1381 4893 1488 4941 eutem.
1501 4885 1634 4940 Pstisctss
1651 4882 1717 4940 ndei
1734 4883 1822 4938 otri-

175 4967 426 5026 etconscienuam.
1018 4979 1173 5032 manorum
1187 4983 1239 5043 est,
1260 4973 1369 5031 nullum
1391 4973 1485 5031 cltum
1508 4973 1685 5032 immundum
1705 4977 1819 5044 putare,

212 5055 239 5114 t.
255 5055 383 5117 tutans.
399 5055 461 5115 don
475 5061 565 5114 sotum
577 5063 691 5130 propter
702 5063 787 5116 irent.
800 5061 832 5117 id
847 5060 899 5130 est,
916 5080 978 5134 pro
1018 5067 1085 5138 qula
1099 5067 1194 5121 omnis
1208 5066 1315 5121 munda
1331 5065 1452 5121 mundis.
1471 5063 1593 5129 Quidam
1608 5065 1706 5118 hmsa
1721 5061 1750 5116 in
1764 5060 1821 5116 isac

175 5154 240 5220 pter
249 5153 417 5220 presentem
426 5141 572 5216 elnonem,
584 5145 633 5204 sed
645 5149 894 5222 pmpterluturum
902 5153 978 5224 judi·
1017 5156 1072 5210 ude
1086 5155 1202 5221 lnnrml,
1218 5165 1235 5210 a
1249 5155 1415 5227 quibusdam
1431 5152 1500 5210 olbis
1513 5152 1665 5209 mnsemnt
1675 5150 1821 5206 suniam·

177 5238 262 5306 cium,
273 5237 332 5303 ubi,
346 5244 496 5294 accusante
509 5239 689 5303 conscientia,
705 5241 867 5311 punientur.
1017 5244 1095 5300 dum.
1109 5245 1274 5316 Cujusmodi
1289 5244 1432 5299 hominem
1451 5243 1576 5315 precipit
1594 5241 1745 5313 Apostolus
1759 5253 1819 5296 non

210 5327 239 5384 u.
255 5328 363 5383 Laura.
380 5329 414 5383 ln
428 5329 476 5382 ltoo
487 5330 586 5396 ipsum.
602 5328 641 5383 Ut
656 5327 720 5384 boni
734 5328 894 5398 laudentur,
910 5332 976 5386 mali
1017 5333 1216 5404 spernendum,
1229 5333 1500 5388 ssdturncharltttte
1514 5329 1769 5388 metuendumne
1786 5336 1820 5384 ut

177 5415 450 5486 podentiniacum
463 5421 492 5470 et
504 5431 555 5487 per
569 5423 700 5487 parentes
716 5417 834 5490 intelligi
849 5423 976 5474 ruinistre'
1016 5437 1068 5475 nee
1082 5421 1110 5474 in
1125 5420 1342 5492 cogitationibus
1353 5419 1529 5492 judicaretur
1541 5435 1616 5472 reus.

177 5505 394 5572 enimlles'sunt,
405 5503 482 5559 utsit
495 5504 668 5560 continuatio
679 5512 975 5576 sensusprartali.t‚t'n
1052 5509 1081 5567 3.
1099 5511 1223 5564 Auousr.
1246 5511 1291 5578 llic
1309 5511 1400 5577 Apono
1418 5509 1586 5574 Christiano,
1603 5523 1626 5561 c.
1642 5504 1687 5572 27,
1708 5512 1729 5560 t.
1751 5506 1815 5575 ΙΙΙ).

176 5591 225 5645 lton
238 5595 329 5661 ipsunt
342 5596 496 5660 servientes,
512 5593 618 5648 scilicet
630 5593 687 5649 Deo
700 5595 851 5667 placentes.
1015 5599 1069 5665 Oui
1088 5614 1143 5652 non
1163 5599 1324 5654 ttmnduocl.
1343 5595 1452 5653 Dicitur
1467 5595 1606 5668 J‘udicium
1625 5611 1676 5668 pro
1695 5593 1816 5649 damna-
