3896 6170
102 295 169 356 1233
697 313 904 371 DISCIPLINA
922 317 1131 376 PARFENSIS.
1659 271 1733 384 Ι1234

102 429 157 478 acto
171 431 349 499 responsorio
364 433 478 489 &cmm
493 453 501 489 :
517 435 612 490 dicant
623 453 732 492 sacmm
745 438 820 494 bunc
829 457 891 494 ver·
900 443 925 502 A
934 445 1179 512 laomedoromus,
1189 445 1728 512 llomine.Psalmus,lliscrcatarnostri.

102 527 167 580 sum,
183 517 369 586 Portpurtum
394 523 482 592 Virpo.
499 522 605 590 Oratio,
627 526 890 594 Supplicalionibus.
933 529 1014 594 Quod
1030 549 1079 602 per
1094 549 1191 588 omnes
1214 551 1310 591 versus
1335 537 1518 608 antiphonam
1548 545 1687 610 repetant.
1704 547 1733 596 et

100 601 149 656 Per
162 604 318 665 claustrum
335 610 432 666 dicant
453 613 630 686 antiphonas
650 621 680 670 et
699 617 890 686 responsoria.
934 617 1117 676 interimaliae
1128 621 1434 696 dicanturantiphonas,
1446 627 1544 681 Ocruc
1560 630 1733 697 splendidior

384 736 503 793 CAPUT
521 738 606 794 XXX·
934 727 949 766 o
964 727 1035 766 crux
1047 713 1136 766 viride
1147 716 1265 780 liquam.
1283 715 1436 786 Postquam
1449 716 1732 774 adorataiueritorux

393 863 398 876 Ι
934 799 1082 872 levataque
1097 805 1163 856 ante
1178 817 1267 868 aram,
1285 804 1487 875 paraphonista
1504 805 1656 878 statimque
1668 822 1732 861 cum

353 862 448 917 Imm
462 861 635 933 Sssl’tmbm·
934 889 1128 944 clerointonat
1149 890 1222 945 hanc
1240 893 1433 963 antiphonam,
1448 892 1539 963 Super
1547 898 1642 950 omnia
1655 898 1733 964 liqna

130 959 163 1016 In
179 962 308 1021 omnibus
321 981 435 1040 semper
453 969 493 1025 sic
505 970 683 1043 incipiatura
698 971 785 1027 robis
800 975 894 1045 Agant
934 979 1088 1045 cedrorum,
1103 983 1132 1034 et
1141 985 1249 1051 ponant
1262 980 1395 1054 [ponunt]
1411 998 1523 1038 crucem
1536 983 1566 1038 in
1577 988 1643 1056 apto
1652 985 1730 1040 loco:

100 1050 215 1148 primam
224 1053 307 1108 sirmi
317 1056 406 1127 prius,
417 1058 538 1131 denique
549 1060 661 1131 lpsodie
671 1061 808 1131 incipiant
815 1065 892 1135 jeju·
932 1072 993 1121 tum
1008 1067 1111 1123 dentur
1125 1067 1161 1122 ad
1175 1085 1406 1142 unumquemque
1427 1071 1549 1126 fratrum
1578 1089 1681 1145 cappe,
1696 1074 1733 1130 ad

100 1153 171 1193 nrum
188 1141 262 1212 quod
276 1144 375 1215 regula
398 1146 478 1219 [Cap.
493 1146 539 1219 ll]
554 1148 681 1220 praecipit
705 1151 771 1203 Post
781 1153 891 1222 capitu·
932 1155 1212 1213 infantestuniraeIn
1228 1159 1316 1214 altare
1330 1161 1423 1230 majus
1436 1160 1553 1231 pallium
1565 1167 1697 1234 coaptent
1705 1167 1734 1218 et
1809 1153 1812 1158 ¹

101 1227 151 1282 lum
165 1235 282 1285 sonetur
295 1232 392 1287 tabula
413 1235 485 1289 sicut
508 1237 577 1291 solet
603 1237 718 1309 privatis
739 1236 846 1304 diebus,
864 1248 893 1297 et
932 1245 1037 1313 albam3
1053 1252 1161 1318 septem
1169 1247 1292 1302 candelas
1302 1264 1366 1302 cum
1377 1249 1426 1315 eis,
1438 1249 1652 1320 quasdeserunt
1665 1266 1733 1306 con·

99 1316 246 1387 loquantur
260 1337 349 1393 usque
363 1323 430 1378 dum
444 1329 560 1380 sonetur
573 1326 667 1383 tertiae.
691 1329 759 1383 Post
780 1330 890 1386 tertiam
931 1333 1014 1398 versi,
1026 1335 1074 1405 qui
1089 1335 1193 1390 adsunt
1206 1335 1241 1390 ad
1256 1336 1382 1391 missam.
1403 1337 1474 1392 Dein
1482 1338 1595 1409 pulsent
1608 1338 1688 1408 signa
1705 1342 1733 1394 et

101 1405 229 1463 iratribus
242 1426 305 1464 cum
317 1412 427 1468 silentio
441 1414 630 1471 residentibus
644 1417 672 1472 in
688 1420 822 1489 claustro,
846 1421 891 1476 in·
932 1420 1068 1494 incipiant
1079 1423 1211 1488 officium,
1222 1426 1255 1479 ln
1266 1428 1378 1480 concine
1387 1427 1501 1481 Domini
1511 1443 1668 1496 onancqcnu
1683 1429 1733 1496 sic·
1759 1495 1763 1502 Ι

100 1493 183 1550 lantes
197 1502 226 1552 et
240 1499 344 1555 infirmi
355 1503 467 1557 veniant
486 1503 516 1558 in
541 1505 730 1564 refectorium.
747 1511 814 1566 Post
828 1529 891 1567 sex·
932 1516 1034 1576 otetur,
1051 1516 1079 1565 et
1093 1528 1140 1566 sex
1154 1512 1255 1568 fratres
1265 1518 1382 1568 teneant
1390 1515 1517 1570 chorum.
1535 1515 1643 1578 Oratio,
1661 1517 1732 1570 Deus

100 1589 150 1638 tam
173 1592 241 1642 eant
266 1588 295 1641 in
319 1589 515 1647 dormitorium
529 1594 565 1648 ad
580 1597 765 1666 pausandum,
782 1606 811 1655 et
823 1600 891 1654 dum
932 1603 982 1668 qui
995 1604 1147 1668 unipcniti.
1156 1602 1289 1673 Epistola.
1306 1603 1431 1658 Christus
1449 1594 1540 1672 scetus
1556 1610 1595 1660 est
1615 1619 1667 1674 pro
1686 1621 1734 1660 no·

100 1673 238 1744 pulsatum
254 1675 340 1732 luerit
360 1680 470 1752 signum
486 1689 605 1754 surgant
619 1690 648 1739 et
660 1687 826 1757 provideant
839 1705 889 1743 ne·
933 1689 980 1742 bis.
998 1688 1033 1743 Et
1042 1690 1262 1760 responsorium.
1274 1689 1411 1748 'Gliristus
1430 1695 1520 1760 sactus
1537 1699 1584 1748 est.
1601 1694 1733 1760 Alleluia,

101 1764 271 1820 cessitatibus
284 1767 351 1830 suis.
365 1775 393 1823 et
407 1770 473 1825 dum
489 1787 590 1828 manus
601 1778 630 1828 et
639 1774 725 1830 facies
740 1777 890 1832 habuerint
901 1759 1014 1832 Bllclce
1029 1779 1199 1854 llpnuqut
1213 1780 1363 1834 decantent
1377 1781 1568 1852 Evangelium.
1584 1783 1667 1837 Nunc
1683 1787 1732 1853 ju-

100 1855 351 1924 ablutaS,'iniantes
362 1861 468 1934 absque
492 1865 549 1919 ullo
566 1866 661 1922 sonitu
686 1871 840 1940 procedant
862 1872 890 1926 ln
931 1867 1036 1920 dicium
1052 1872 1090 1922 est
1105 1870 1214 1930 mundi,
1232 1885 1331 1940 usque,
1349 1871 1381 1924 lit
1397 1872 1452 1938 filii
1467 1873 1618 1926 lacissilis.
1641 1872 1732 1928 Offer-

100 1945 239 2000 eeclesiam
255 1953 321 2003 ante
335 1950 433 2018 altare,
448 1957 477 2006 et
489 1958 776 2025 orentoommuniter,
789 1959 891 2014 deinde
931 1955 1045 2023 tarium,
1065 1958 1327 2024 arcessebamus.
1348 1958 1525 2025 communio.
1552 1962 1603 2015 Per
1618 1963 1732 2030 sianum

101 2039 210 2104 surgant
220 2040 250 2089 et
270 2036 345 2092 dicat
358 2055 432 2093 unus
450 2056 482 2093 ex
505 2040 572 2111 ipsis
592 2043 719 2098 litaniam
736 2059 743 2095 :
760 2049 890 2104 sacerdos
931 2045 1031 2098 ccccm
1048 2043 1080 2100 In
1095 2044 1173 2099 horis
1186 2044 1311 2117 capitula
1325 2051 1410 2117 atque
1424 2045 1562 2111 versiculi,
1573 2063 1692 2102 necnon
1703 2053 1733 2104 et

99 2138 156 2176 cnm
185 2125 325 2182 ministris
343 2134 442 2199 pergat
465 2129 494 2184 in
512 2131 703 2200 secretarium,
713 2139 740 2189 et
750 2134 850 2192 induat
861 2154 891 2193 se
931 2131 1073 2188 orationes
1086 2134 1157 2187 tales
1171 2133 1311 2196 dicantur,
1326 2151 1388 2205 quas
1407 2135 1575 2190 conveniant
1588 2136 1623 2191 ad
1638 2137 1732 2208 ipsum

99 2211 266 2270 vestimentis
281 2217 366 2271 sacris
389 2223 418 2272 et
432 2221 571 2291 persolvat
586 2223 694 2281 munia.
931 2220 1016 2276 diem.
1029 2222 1073 2277 Ad
1087 2238 1217 2294 resperas
1230 2222 1353 2294 quinque
1368 2223 1519 2279 luminaria
1540 2225 1598 2280 sint
1612 2230 1641 2280 et
1655 2226 1729 2280 hanc

129 2301 195 2358 Post
206 2304 323 2360 missam
333 2307 445 2379 pulsato
458 2309 538 2380 signo
554 2311 660 2382 pariter
672 2318 754 2368 orent
772 2319 801 2368 et
814 2313 889 2369 exin·
931 2310 1116 2380 antiPhonam
1144 2312 1304 2383 persolvant
1326 2327 1393 2366 cum
1409 2312 1540 2377 Psalmis,
1560 2315 1614 2369 Nos
1636 2320 1732 2370 aulem

98 2389 129 2442 de
142 2391 189 2462 qui
204 2393 337 2449 servituri
347 2396 558 2452 suntfratribus
579 2399 683 2455 vietum
699 2401 846 2474 accipiant,
863 2409 892 2458 et
932 2401 1065 2467 clamari.
1081 2400 1306 2467 Psulmuallixit
1317 2403 1461 2456 Dominus·
1480 2401 1608 2458 Salvator
1618 2405 1731 2458 mvndi·

97 2485 154 2549 post
167 2481 349 2537 intervallum
362 2485 441 2553 illud,
459 2485 535 2542 dicta
549 2505 633 2557 nona,
649 2491 763 2547 veniant
774 2493 810 2548 ad
824 2495 892 2549 rell·
931 2487 1070 2555 Psalmus,
1084 2490 1154 2544 dam
1164 2489 1604 2561 [aeriartutipbonanldorcmus
1614 2491 1733 2554 tedium·

97 2567 231 2624 ciendum.
244 2571 312 2626 Post
322 2589 451 2646 vesperas
468 2575 562 2632 dicant
576 2577 699 2634 officium
713 2587 889 2637 mortuorum
931 2582 978 2631 ste.
987 2577 1242 2649 Psalmnsllcotur.
1254 2578 1426 2650 Antiphone,
1438 2578 1522 2635 Salac
1538 2595 1597 2643 nos,
1613 2579 1728 2636 obsiste.

96 2662 120 2711 et
129 2658 232 2713 deinde
246 2661 356 2732 pulsato
368 2663 495 2736 cymbalo
503 2668 670 2723 conveniant
680 2669 716 2724 ad
725 2669 887 2726 bibendum.
929 2665 1067 2732 PsalmuS,
1081 2667 1199 2721 laudate
1211 2669 1303 2735 paeri.
1320 2666 1425 2732 Lectio,
1440 2667 1566 2722 Christus
1574 2668 1665 2735 socius
1680 2673 1729 2725 cst.

95 2745 170 2802 Faria
186 2754 289 2820 quarta
304 2757 332 2806 et
340 2753 530 2810 sextaiaciant
543 2757 759 2826 processionem.
775 2759 808 2813 In
818 2759 888 2813 duo·
929 2752 1166 2825 Responsorium:
1183 2755 1237 2808 lloc
1247 2757 1359 2823 aipnum
1368 2757 1468 2809 crucis.
1480 2754 1617 2827 Hymnus,
1627 2755 1729 2810 Vecillo

93 2833 181 2891 decim
195 2838 363 2896 lectionibus
377 2841 489 2911 laniant,
512 2844 585 2899 sicut
610 2846 685 2901 soliti
704 2852 780 2901 sunt.
810 2847 887 2902 Reli-
928 2842 1191 2915 Y0953·A¹¹fil)h011²2
1209 2844 1308 2898 OGWP
1323 2844 1470 2908 benificia·
1490 2848 1540 2898 aut
1551 2843 1627 2898 CWP
1638 2845 1728 2912 fidem

93 2941 175 2996 quum
186 2943 271 2982 usum
284 2936 370 3000 agant
388 2939 530 3003 utsupra.
928 2931 1119 2987 interamnae.
1149 2931 1333 2986 Postmodum
1357 2931 1454 2987 dicant
1481 2931 1667 3004 antiphonam
1690 2931 1727 2987 de

368 3016 485 3076 CAPUT
503 3021 599 3076 XXXI.
928 3019 1033 3076 sanctIs
1051 3019 1281 3092 precedentibus,
1306 3026 1335 3076 et
1352 3019 1598 3091 subsequentibus,
1615 3025 1644 3076 et
1658 3020 1682 3074 si
1697 3020 1729 3075 in

268 3109 303 3161 ln
318 3111 483 3163 multatione
498 3116 598 3165 sancta
607 3113 707 3166 crucis.
896 3077 981 3164 Gbac
995 3109 1145 3164 festivitate
1158 3109 1282 3164 evenerit
1294 3109 1355 3164 dies
1364 3108 1535 3177 Dominlcus,
1552 3109 1646 3164 omnia
1665 3110 1727 3166 etli-

125 3193 272 3250 Ornentur
282 3195 381 3251 altaria
396 3197 541 3253 sericisln
552 3200 666 3271 majoris
675 3201 825 3257 medietate
837 3219 886 3275 po·
928 3197 1004 3252 ciant
1017 3199 1100 3253 sicuti
1120 3200 1320 3270 presignatum
1334 3197 1477 3254 babetur:
1494 3198 1580 3254 etiam
1595 3198 1727 3254 similiter

72 3278 194 3338 'uantur
207 3283 273 3338 libri
287 3287 378 3356 parati
393 3292 421 3342 et
435 3287 559 3359 quinque
579 3289 652 3344 cerei
672 3291 862 3346 accendantur
878 3311 884 3347 :
927 3287 1061 3358 prostrati
1074 3287 1194 3343 adorent
1211 3304 1335 3346 crucem.

92 3369 117 3424 in
131 3372 262 3428 formulis
272 3375 378 3446 tapetia
386 3376 562 3433 ordinentur.
575 3379 617 3433 nd
631 3395 776 3451 vesperam
791 3380 884 3449 lectio,
1203 3377 1322 3433 CAPUT
1334 3374 1449 3432 XXXII.

90 3459 225 3517 llocenim
236 3467 332 3518 sentite
342 3468 373 3519 in
383 3468 466 3520 vobis.
479 3466 710 3538 Responsorium,
723 3469 812 3538 Super
826 3486 886 3524 om·
1085 3469 1119 3521 In
1128 3469 1239 3535 jejunit>
1254 3467 1379 3534 QMWW
1394 3466 1567 3535 TCmPW‘m·

91 3551 136 3602 aia
150 3553 885 3627 liparaflymnus,Vom'llarcpis.Versus,Hocsiquam
962 3554 1043 3609 Feria
1071 3559 1171 3626 quarta
1193 3554 1298 3609 saciant
1320 3553 1526 3627 processionem
1547 3553 1630 3609 sicuti
1650 3554 1725 3612 soliti

88 3642 187 3693 crucis.
212 3641 382 3713 Antiphone,
409 3629 436 3698 0Ι
458 3645 533 3700 Orac
555 3647 743 3700 admirabilis.
775 3647 882 3713 Oratio,
925 3647 1002 3698 sunt.
1016 3643 1162 3698 Lectiones
1177 3643 1266 3697 ambre
1279 3643 1453 3714 leganturin
1473 3647 1540 3697 tono
1555 3641 1637 3696 sicuti
1661 3643 1726 3715 epi-

88 3725 153 3780 lleus
164 3731 478 3798 quiuniqcniliPostea
488 3749 502 3786 e
513 3733 617 3787 sanctis
626 3733 797 3804 martyribus
808 3735 883 3790 dica·
925 3732 1006 3787 stola.
1025 3732 1243 3804 Responsorium
1258 3733 1293 3786 ad
1306 3747 1535 3804 unamquamque
1547 3731 1650 3786 dicant.
1659 3731 1726 3788 Adi·

87 3817 130 3868 tur
156 3816 325 3889 antiphona,
350 3836 414 3874 cum
438 3821 541 3876 Gloria.
567 3822 773 3891 Inritatorium,
789 3825 883 3893 llcqem
924 3837 987 3892 pem
1003 3819 1066 3875 istis
1082 3821 1172 3876 tribus
1185 3820 1284 3876 diebus
1298 3837 1349 3875 nec
1370 3820 1627 3879 comedentibus
1646 3825 1725 3876 sexta

86 3904 256 3974 Martyrum.
273 3907 333 3963 Duo
349 3910 406 3964 sint
423 3910 452 3964 in
467 3911 571 3982 cappis.
602 3911 741 3982 Hymnus,
770 3915 882 3968 AEterna
924 3907 1056 3962 similiter
1073 3912 1160 3979 agant
1172 3907 1389 3980 processionem.
1402 3907 1525 3962 Sabbato
1535 3911 1721 3979 poemenem,

87 3993 190 4050 (bristi
208 4013 339 4053 manera.
366 3999 461 4054 Primo
489 4003 516 4053 et
544 4001 666 4055 secundo
691 4004 829 4055 nocturno
848 4001 882 4057 de
924 4013 988 4050 mox
1001 4002 1032 4051 ut
1046 3996 1487 4066 audierintsigssum‚⁸ur88ntlet
1496 3995 1661 4066 provideant
1673 4011 1722 4050 ne·

84 4085 185 4138 sanctis
201 4083 306 4138 dicant.
316 4085 535 4158 Responsorium
544 4097 687 4160 quartum,
698 4095 837 4157 octavum,
853 4095 881 4144 et
924 4083 1719 4152 cessitatibussuis,laventmauusaciacies,eantineccle-

85 4168 283 4228 duodecimum
300 4175 356 4231 duo
369 4176 470 4232 iratres
484 4178 643 4232 decantent.
672 4177 714 4232 nd
740 4179 881 4233 canticum
923 4175 993 4228 siam
1009 4174 1089 4246 pueri
1103 4174 1208 4246 absque
1219 4173 1443 4239 sonitu,etorent
1457 4172 1555 4239 slmul;
1571 4177 1720 4243 surgentes

83 4261 247 4332 antiphona,
258 4263 348 4332 Super
359 4269 455 4320 omnia
467 4269 543 4334 liqna
551 4267 883 4336 cedri.Allelrria,Proptcr
923 4264 1062 4335 praecedat
1071 4261 1200 4318 sacerdos
1214 4263 1242 4316 in
1253 4263 1406 4318 sacrarium
1417 4267 1446 4316 et
1454 4260 1554 4316 induat
1567 4277 1597 4316 se
1611 4260 1717 4325 casula,

83 4347 192 4414 liquam
207 4354 278 4420 sacti
295 4369 392 4408 sumus
405 4359 485 4418 servi,
503 4356 546 4409 vel
560 4358 672 4411 ludici.
689 4356 837 4411 Dividetur
849 4355 879 4411 in
923 4351 1056 4407 diaeonus
1083 4351 1146 4406 alba
1165 4356 1194 4405 et
1207 4351 1288 4419 stola,
1306 4355 1428 4422 quatuor
1441 4350 1542 4403 tratres
1556 4348 1636 4414 albis,
1653 4363 1720 4420 quo-

80 4437 132 4490 tria
142 4439 252 4495 Gloria.
266 4441 446 4514 Evangelium
471 4445 554 4499 Nunc
571 4447 714 4514 judicium
727 4451 764 4500 est
779 4449 880 4501 mundi
923 4457 986 4495 rum
998 4440 1054 4494 duo
1068 4445 1183 4495 cantent
1205 4439 1438 4505 benedictionem,
1457 4437 1579 4504 alleluia,
1595 4454 1717 4506 versum,

79 4529 290 4599 pronuntietur,
309 4539 337 4586 et
357 4549 418 4604 quea
433 4539 592 4605 sequuntur
606 4534 701 4588 omnia
721 4534 755 4589 de
783 4541 880 4591 sancta
919 4535 1050 4596 tractum,
1068 4538 1097 4584 et
1115 4529 1251 4592 conversi,
1267 4527 1315 4599 qui
1336 4527 1465 4584 deserant
1477 4527 1618 4594 candelas,
1635 4532 1664 4581 et
1676 4527 1718 4582 in·

77 4631 158 4673 cruce
169 4619 270 4675 festive
280 4621 467 4677 celebrentur.
479 4621 511 4676 In
522 4622 651 4678 laudibus
659 4625 878 4695 responsorium,
921 4619 1013 4674 fantes
1025 4635 1123 4674 omnes
1134 4618 1310 4674 circumdant
1324 4633 1354 4671 se
1368 4615 1448 4670 albis.
1464 4616 1560 4671 Lectio
1574 4633 1631 4671 non
1645 4616 1719 4671 dIca·

77 4705 130 4758 llor
143 4712 263 4776 rs'pnum
272 4711 514 4784 crucuflymnus,
528 4713 604 4769 Orus
612 4715 758 4767 benedicta.
770 4713 812 4768 nel
824 4720 879 4768 sta-
921 4715 967 4766 tur
979 4711 1008 4765 in
1019 4711 1071 4764 hac
1085 4709 1180 4772 missa,
1197 4713 1226 4762 et
1235 4707 1308 4762 illico
1319 4714 1350 4762 ut
1360 4711 1519 4778 praeparata
1530 4710 1597 4760 sunt
1611 4706 1718 4774 omnia,

73 4795 183 4852 tionem
196 4798 362 4870 antiphona,
379 4799 467 4870 Super
482 4805 587 4856 omnio.
604 4801 690 4858 Missa
703 4803 878 4858 matutinalis
919 4799 1014 4854 reniet
1028 4803 1126 4854 cantor
1141 4798 1170 4852 tn
1185 4797 1281 4864 choro,
1298 4803 1326 4850 et
1341 4795 1459 4866 incipiat
1471 4793 1604 4850 officium.
1622 4795 1720 4851 Sacer-

73 4883 189 4941 dieatur
203 4888 239 4943 de
253 4889 366 4945 sanctis,
378 4889 421 4944 Ad
432 4891 545 4944 tertiam
555 4907 653 4945 omnes
681 4891 782 4946 iratres
807 4890 877 4947 albis
919 4889 970 4944 dos
979 4887 1113 4960 procedat
1127 4887 1162 4940 ad
1177 4886 1276 4952 altare,
1292 4890 1355 4940 oret
1375 4889 1404 4939 et
1422 4887 1489 4956 agat
1512 4884 1718 4940 contessionem

71 4975 167 5031 vestiti
179 4977 358 5046 conveniant,
373 4983 402 5033 et
415 4979 490 5034 dicta
500 4980 584 5034 tertia
598 4981 757 5051 expandant
771 4981 877 5053 tapetia
918 4995 981 5033 cum
996 4977 1080 5036 levita
1094 4981 1122 5030 et
1136 4980 1203 5030 tunc
1218 4973 1293 5030 dicat
1311 4973 1425 5028 &emas
1438 4977 1467 5026 et
1478 4972 1633 5039 collectam,
1645 4972 1720 5027 sicut

71 5073 136 5120 ante
152 5067 258 5132 altare,
274 5072 304 5122 et
317 5068 541 5139 precedantduo
556 5069 645 5124 tevitae
659 5069 707 5128 ubi
718 5070 810 5142 posita
818 5071 877 5124 fue-
917 5067 947 5120 ln
960 5068 1201 5120 sacramentorum
1226 5062 1387 5117 continetur
1403 5059 1485 5115 libro.
1505 5061 1650 5115 Lectiones
1677 5059 1716 5113 le-

69 5160 112 5209 rat
128 5159 235 5210 sancta
249 5172 327 5222 crux,
344 5163 373 5212 et
386 5157 491 5212 ducant
502 5173 564 5212 eam
579 5164 645 5214 ante
663 5159 753 5213 altare
772 5159 874 5230 majus,
916 5160 987 5227 gant
996 5155 1123 5227 juniores
1144 5158 1173 5207 et
1192 5151 1372 5224 postmodum
1388 5153 1515 5222 priores:
1531 5147 1661 5202 slmiliter
1674 5162 1716 5200 re·

69 5243 315 5316 discooperientes
329 5250 358 5300 et
369 5246 577 5301 conclamantes
592 5247 664 5302 hanc
680 5247 874 5319 antiphonam,
917 5243 1063 5316 sponsoris
1086 5243 1272 5298 decantentur
1296 5239 1331 5295 ab
1357 5255 1414 5295 uno
1428 5237 1580 5307 incipiente
1593 5239 1622 5289 et
1635 5239 1714 5306 post-

68 5333 134 5388 Ecce
156 5336 272 5402 liparam
286 5337 387 5389 crucis.
402 5335 480 5390 Illico
493 5336 609 5391 flectant
619 5353 712 5408 genua
726 5353 833 5401 omnes,
848 5342 877 5391 et
918 5333 1032 5387 modum
1047 5335 1176 5386 cantores
1190 5331 1220 5383 in
1232 5329 1363 5383 chora...
1383 5326 1418 5380 de
1436 5323 1545 5396 capite:
1562 5327 1657 5376 tamen
1679 5320 1715 5378 ab

68 5425 168 5478 veniat
183 5439 244 5478 una
256 5439 322 5495 pars
333 5423 463 5491 fratrum,
479 5431 690 5496 prosternatse,
708 5431 769 5481 oret
784 5425 813 5480 in
821 5425 877 5497 pri·
917 5423 978 5494 ipso
1000 5420 1059 5476 solo
1083 5419 1200 5475 finiatur
1222 5434 1320 5472 versus
1334 5431 1350 5470 a
1365 5430 1420 5485 quo
1443 5415 1552 5482 emptus
1576 5413 1628 5464 est·
1645 5409 1715 5464 ΒΜ

67 5513 133 5580 mis,
151 5523 184 5568 et
196 5517 264 5567 tunc
276 5511 419 5568 osculetur
432 5531 553 5582 crucem,
572 5520 600 5570 et
617 5515 779 5586 philacteria
806 5515 877 5570 Gan·
918 5509 1040 5566 candelae
1054 5514 1119 5564 ante
1134 5509 1232 5574 altare,
1248 5511 1281 5562 ut
1293 5503 1390 5560 diebus
1404 5499 1531 5574 privatis,
1561 5497 1716 5554 accendan-

66 5607 113 5657 tor
125 5603 248 5660 inchoet
254 5602 450 5676 antiphonam,
461 5608 490 5659 et
499 5609 629 5678 repetant
635 5605 749 5660 iuterim
762 5607 877 5662 dracena
918 5606 974 5658 tur.
987 5599 1142 5666 Lectiones,
1158 5598 1275 5653 Locutus
1284 5599 1322 5650 cst
1332 5593 1474 5648 [lominus
1485 5587 1714 5660 Responsorium,
