<?xml version="1.0" encoding="UTF-8"?>
<!DOCTYPE html PUBLIC "-//W3C//DTD XHTML 1.0 Transitional//EN"
    "http://www.w3.org/TR/xhtml1/DTD/xhtml1-transitional.dtd">
<html xmlns="http://www.w3.org/1999/xhtml" xml:lang="en" lang="en">
 <head>
  <title>
</title>
<meta http-equiv="Content-Type" content="text/html;charset=utf-8" />
  <meta name='ocr-system' content='tesseract 3.04.00' />
  <meta name='ocr-capabilities' content='ocr_page ocr_carea ocr_par ocr_line ocrx_word'/>
</head>
<body>
  <div class='ocr_page' id='page_1' title='image "./patrologiaecurs92unkngoog_0424.png"; bbox 0 0 3900 6168; ppageno 0'>
   <div class='ocr_carea' id='block_1_1' title="bbox 77 208 1772 1778">
    <p class='ocr_par' dir='ltr' id='par_1_1' title="bbox 77 208 1772 1421">
     <span class='ocr_line' id='line_1_1' title="bbox 86 213 1698 246; baseline 0 -10"><span class='ocrx_word' id='word_1_1' title='bbox 86 215 123 242; x_wconf 69' lang='grc' dir='ltr'><strong>’,ι</strong></span> <span class='ocrx_word' id='word_1_2' title='bbox 630 215 702 243; x_wconf 65' lang='lat' dir='ltr'><strong>ti,‘</strong></span> <span class='ocrx_word' id='word_1_3' title='bbox 737 220 767 244; x_wconf 59' lang='grc' dir='ltr'><strong>ἰ,</strong></span> <span class='ocrx_word' id='word_1_4' title='bbox 850 213 927 242; x_wconf 57' lang='grc' dir='ltr'><strong>ΛΜ,</strong></span> <span class='ocrx_word' id='word_1_5' title='bbox 1050 213 1079 242; x_wconf 56' lang='lat'><strong>,2</strong></span> <span class='ocrx_word' id='word_1_6' title='bbox 1118 214 1149 242; x_wconf 70' lang='lat'><strong>⁸„</strong></span> <span class='ocrx_word' id='word_1_7' title='bbox 1680 217 1698 246; x_wconf 80' lang='grc' dir='ltr'><strong>ἰΙ</strong></span> 
     </span>
     <span class='ocr_line' id='line_1_2' title="bbox 79 208 1704 314; baseline 0 -8"><span class='ocrx_word' id='word_1_8' title='bbox 79 251 122 306; x_wconf 82' lang='lat' dir='ltr'><strong>sa</strong></span> <span class='ocrx_word' id='word_1_9' title='bbox 598 208 706 304; x_wconf 74' lang='lat' dir='ltr'><strong>lasa</strong></span> <span class='ocrx_word' id='word_1_10' title='bbox 725 251 773 303; x_wconf 78' lang='lat' dir='ltr'><strong>aa</strong></span> <span class='ocrx_word' id='word_1_11' title='bbox 792 215 946 304; x_wconf 73' lang='lat' dir='ltr'><strong>amous.</strong></span> <span class='ocrx_word' id='word_1_12' title='bbox 967 277 1000 286; x_wconf 95' lang='lat'>-</span> <span class='ocrx_word' id='word_1_13' title='bbox 1019 248 1088 303; x_wconf 83' lang='lat' dir='ltr'><strong>ns.</strong></span> <span class='ocrx_word' id='word_1_14' title='bbox 1109 249 1171 306; x_wconf 82' lang='lat' dir='ltr'><strong>ro.</strong></span> <span class='ocrx_word' id='word_1_15' title='bbox 1652 215 1704 314; x_wconf 69' lang='lat' dir='ltr'><strong>sis</strong></span> 
     </span>
     <span class='ocr_line' id='line_1_3' title="bbox 80 355 1705 442; baseline 0.004 -13"><span class='ocrx_word' id='word_1_16' title='bbox 80 377 128 430; x_wconf 91' lang='lat' dir='ltr'><strong>lum</strong></span> <span class='ocrx_word' id='word_1_17' title='bbox 141 361 254 430; x_wconf 86' lang='lat' dir='ltr'><strong>omnino</strong></span> <span class='ocrx_word' id='word_1_18' title='bbox 271 355 421 428; x_wconf 80' lang='lat' dir='ltr'><strong>concilium</strong></span> <span class='ocrx_word' id='word_1_19' title='bbox 438 371 466 426; x_wconf 93' lang='lat' dir='ltr'><strong>in</strong></span> <span class='ocrx_word' id='word_1_20' title='bbox 478 389 529 428; x_wconf 88' lang='lat' dir='ltr'><strong>suo</strong></span> <span class='ocrx_word' id='word_1_21' title='bbox 542 388 628 442; x_wconf 84' lang='lat' dir='ltr'><strong>regno</strong></span> <span class='ocrx_word' id='word_1_22' title='bbox 643 356 1044 442; x_wconf 68' lang='lat' dir='ltr'><strong>celebrariquodh&#39;taturum.</strong></span> <span class='ocrx_word' id='word_1_23' title='bbox 1066 369 1115 426; x_wconf 88' lang='lat' dir='ltr'><strong>llis</strong></span> <span class='ocrx_word' id='word_1_24' title='bbox 1129 378 1158 428; x_wconf 89' lang='lat' dir='ltr'><strong>et</strong></span> <span class='ocrx_word' id='word_1_25' title='bbox 1176 371 1277 428; x_wconf 87' lang='lat' dir='ltr'><strong>talibus</strong></span> <span class='ocrx_word' id='word_1_26' title='bbox 1300 373 1425 428; x_wconf 87' lang='lat' dir='ltr'><strong>subdolis</strong></span> <span class='ocrx_word' id='word_1_27' title='bbox 1450 361 1705 435; x_wconf 84' lang='lat' dir='ltr'><strong>machinationibus</strong></span> 
     </span>
     <span class='ocr_line' id='line_1_4' title="bbox 80 449 1703 536; baseline 0.002 -18"><span class='ocrx_word' id='word_1_28' title='bbox 80 467 113 520; x_wconf 90' lang='lat' dir='ltr'><strong>rei</strong></span> <span class='ocrx_word' id='word_1_29' title='bbox 127 465 299 534; x_wconf 83' lang='lat' dir='ltr'><strong>subsequens</strong></span> <span class='ocrx_word' id='word_1_30' title='bbox 314 461 507 532; x_wconf 77' lang='lat' dir='ltr'>comprobavit</span> <span class='ocrx_word' id='word_1_31' title='bbox 521 469 646 514; x_wconf 79' lang='lat' dir='ltr'><strong>creatus.</strong></span> <span class='ocrx_word' id='word_1_32' title='bbox 663 463 733 514; x_wconf 80' lang='lat' dir='ltr'><strong>Nam</strong></span> <span class='ocrx_word' id='word_1_33' title='bbox 751 479 800 532; x_wconf 88' lang='lat' dir='ltr'><strong>per</strong></span> <span class='ocrx_word' id='word_1_34' title='bbox 816 463 868 515; x_wconf 80' lang='lat' dir='ltr'><strong>Le·</strong></span> <span class='ocrx_word' id='word_1_35' title='bbox 909 459 1035 512; x_wconf 89' lang='lat' dir='ltr'><strong>animum</strong></span> <span class='ocrx_word' id='word_1_36' title='bbox 1065 477 1142 531; x_wconf 76' lang='lat' dir='ltr'><strong>papae</strong></span> <span class='ocrx_word' id='word_1_37' title='bbox 1162 462 1231 516; x_wconf 86' lang='lat' dir='ltr'>nihil</span> <span class='ocrx_word' id='word_1_38' title='bbox 1247 463 1311 516; x_wconf 75' lang='lat' dir='ltr'><strong>nicili</strong></span> <span class='ocrx_word' id='word_1_39' title='bbox 1333 463 1521 534; x_wconf 88' lang='lat' dir='ltr'><strong>suspicantem</strong></span> <span class='ocrx_word' id='word_1_40' title='bbox 1537 449 1703 536; x_wconf 82' lang='lat' dir='ltr'><strong>decipiebat.</strong></span> 
     </span>
     <span class='ocr_line' id='line_1_5' title="bbox 80 547 1703 627; baseline 0.002 -20"><span class='ocrx_word' id='word_1_41' title='bbox 80 571 177 608; x_wconf 89' lang='lat' dir='ltr'><strong>marum</strong></span> <span class='ocrx_word' id='word_1_42' title='bbox 194 554 373 606; x_wconf 87' lang='lat' dir='ltr'><strong>Bremensem</strong></span> <span class='ocrx_word' id='word_1_43' title='bbox 390 552 560 627; x_wconf 85' lang='lat' dir='ltr'><strong>episcepum,</strong></span> <span class='ocrx_word' id='word_1_44' title='bbox 572 551 660 604; x_wconf 78' lang='lat' dir='ltr'><strong>sirum</strong></span> <span class='ocrx_word' id='word_1_45' title='bbox 676 549 869 622; x_wconf 80' lang='lat' dir='ltr'><strong>eloquentissi·</strong></span> <span class='ocrx_word' id='word_1_46' title='bbox 908 547 1027 600; x_wconf 77' lang='lat' dir='ltr'><strong>helinus</strong></span> <span class='ocrx_word' id='word_1_47' title='bbox 1044 565 1108 602; x_wconf 83' lang='lat' dir='ltr'><strong>vero</strong></span> <span class='ocrx_word' id='word_1_48' title='bbox 1123 551 1182 618; x_wconf 89' lang='lat' dir='ltr'><strong>ejus</strong></span> <span class='ocrx_word' id='word_1_49' title='bbox 1203 551 1277 606; x_wconf 81' lang='lat' dir='ltr'><strong>velut</strong></span> <span class='ocrx_word' id='word_1_50' title='bbox 1300 553 1363 606; x_wconf 86' lang='lat' dir='ltr'><strong>lerae</strong></span> <span class='ocrx_word' id='word_1_51' title='bbox 1386 553 1482 607; x_wconf 75' lang='lat' dir='ltr'><strong>liclluae</strong></span> <span class='ocrx_word' id='word_1_52' title='bbox 1507 553 1576 607; x_wconf 88' lang='lat' dir='ltr'><strong>iram</strong></span> <span class='ocrx_word' id='word_1_53' title='bbox 1591 573 1703 626; x_wconf 86' lang='lat' dir='ltr'><strong>gerens,</strong></span> 
     </span>
     <span class='ocr_line' id='line_1_6' title="bbox 79 635 1704 718; baseline 0.001 -22"><span class='ocrx_word' id='word_1_54' title='bbox 79 660 145 698; x_wconf 87' lang='lat' dir='ltr'><strong>mum</strong></span> <span class='ocrx_word' id='word_1_55' title='bbox 161 649 186 696; x_wconf 89' lang='lat' dir='ltr'><strong>et</strong></span> <span class='ocrx_word' id='word_1_56' title='bbox 202 641 366 695; x_wconf 86' lang='lat' dir='ltr'><strong>liberalibus</strong></span> <span class='ocrx_word' id='word_1_57' title='bbox 374 639 475 694; x_wconf 89' lang='lat' dir='ltr'><strong>studiis</strong></span> <span class='ocrx_word' id='word_1_58' title='bbox 488 639 613 710; x_wconf 87' lang='lat' dir='ltr'><strong>adprime</strong></span> <span class='ocrx_word' id='word_1_59' title='bbox 632 640 783 718; x_wconf 78' lang='lat' dir='ltr'><strong>eruditum.</strong></span> <span class='ocrx_word' id='word_1_60' title='bbox 800 657 867 692; x_wconf 89' lang='lat' dir='ltr'><strong>con·</strong></span> <span class='ocrx_word' id='word_1_61' title='bbox 910 635 979 689; x_wconf 87' lang='lat' dir='ltr'><strong>nihil</strong></span> <span class='ocrx_word' id='word_1_62' title='bbox 994 635 1067 690; x_wconf 89' lang='lat' dir='ltr'><strong>aliud</strong></span> <span class='ocrx_word' id='word_1_63' title='bbox 1080 639 1243 710; x_wconf 89' lang='lat' dir='ltr'><strong>quamquod</strong></span> <span class='ocrx_word' id='word_1_64' title='bbox 1257 649 1319 712; x_wconf 87' lang='lat' dir='ltr'><strong>pest</strong></span> <span class='ocrx_word' id='word_1_65' title='bbox 1329 640 1367 694; x_wconf 89' lang='lat' dir='ltr'><strong>rei</strong></span> <span class='ocrx_word' id='word_1_66' title='bbox 1379 641 1704 698; x_wconf 80' lang='lat' dir='ltr'><strong>demonstraviterentus</strong></span> 
     </span>
     <span class='ocr_line' id='line_1_7' title="bbox 79 725 1705 802; baseline 0.001 -18"><span class='ocrx_word' id='word_1_67' title='bbox 79 732 159 786; x_wconf 88' lang='lat' dir='ltr'><strong>cilium</strong></span> <span class='ocrx_word' id='word_1_68' title='bbox 176 731 364 800; x_wconf 89' lang='lat' dir='ltr'><strong>interruptam</strong></span> <span class='ocrx_word' id='word_1_69' title='bbox 381 735 433 782; x_wconf 90' lang='lat' dir='ltr'><strong>cst.</strong></span> <span class='ocrx_word' id='word_1_70' title='bbox 447 730 472 783; x_wconf 90' lang='lat' dir='ltr'><strong>ls</strong></span> <span class='ocrx_word' id='word_1_71' title='bbox 488 729 563 782; x_wconf 91' lang='lat' dir='ltr'><strong>enim</strong></span> <span class='ocrx_word' id='word_1_72' title='bbox 577 727 729 782; x_wconf 81' lang='lat' dir='ltr'><strong>dicebatex</strong></span> <span class='ocrx_word' id='word_1_73' title='bbox 745 729 868 798; x_wconf 89' lang='lat' dir='ltr'><strong>antiquis</strong></span> <span class='ocrx_word' id='word_1_74' title='bbox 909 725 1059 794; x_wconf 80' lang='lat' dir='ltr'>cogitabat.</span> <span class='ocrx_word' id='word_1_75' title='bbox 1092 727 1162 780; x_wconf 84' lang='lat' dir='ltr'><strong>Nam</strong></span> <span class='ocrx_word' id='word_1_76' title='bbox 1183 745 1345 798; x_wconf 86' lang='lat' dir='ltr'><strong>peromaes</strong></span> <span class='ocrx_word' id='word_1_77' title='bbox 1371 731 1429 783; x_wconf 86' lang='lat' dir='ltr'><strong>sere</strong></span> <span class='ocrx_word' id='word_1_78' title='bbox 1448 730 1705 802; x_wconf 75' lang='lat' dir='ltr'>quadragesimales</span> 
     </span>
     <span class='ocr_line' id='line_1_8' title="bbox 77 799 1704 891; baseline 0.002 -17"><span class='ocrx_word' id='word_1_79' title='bbox 77 819 215 891; x_wconf 79' lang='lat' dir='ltr'><strong>privilegiis</strong></span> <span class='ocrx_word' id='word_1_80' title='bbox 230 799 394 888; x_wconf 80' lang='lat' dir='ltr'><strong>llagontiao</strong></span> <span class='ocrx_word' id='word_1_81' title='bbox 413 834 576 870; x_wconf 74' lang='lat' dir='ltr'><strong>concessam</strong></span> <span class='ocrx_word' id='word_1_82' title='bbox 598 835 657 870; x_wconf 81' lang='lat' dir='ltr'><strong>esse</strong></span> <span class='ocrx_word' id='word_1_83' title='bbox 682 817 812 886; x_wconf 70' lang='lat' dir='ltr'><strong>epis-:ope</strong></span> <span class='ocrx_word' id='word_1_84' title='bbox 838 817 867 872; x_wconf 89' lang='lat' dir='ltr'><strong>ia</strong></span> <span class='ocrx_word' id='word_1_85' title='bbox 908 814 977 877; x_wconf 84' lang='lat' dir='ltr'><strong>dies,</strong></span> <span class='ocrx_word' id='word_1_86' title='bbox 1000 815 1101 886; x_wconf 87' lang='lat' dir='ltr'><strong>quibus</strong></span> <span class='ocrx_word' id='word_1_87' title='bbox 1124 815 1192 870; x_wconf 89' lang='lat' dir='ltr'><strong>inibi</strong></span> <span class='ocrx_word' id='word_1_88' title='bbox 1220 826 1346 872; x_wconf 88' lang='lat' dir='ltr'><strong>meratus</strong></span> <span class='ocrx_word' id='word_1_89' title='bbox 1365 826 1417 878; x_wconf 80' lang='lat' dir='ltr'><strong>est.</strong></span> <span class='ocrx_word' id='word_1_90' title='bbox 1434 820 1550 874; x_wconf 85' lang='lat' dir='ltr'><strong>llornam</strong></span> <span class='ocrx_word' id='word_1_91' title='bbox 1569 821 1704 877; x_wconf 88' lang='lat' dir='ltr'><strong>orationis</strong></span> 
     </span>
     <span class='ocr_line' id='line_1_9' title="bbox 80 905 1704 984; baseline 0.002 -22"><span class='ocrx_word' id='word_1_92' title='bbox 80 908 224 962; x_wconf 79' lang='lat' dir='ltr'><strong>Germanice</strong></span> <span class='ocrx_word' id='word_1_93' title='bbox 249 905 377 977; x_wconf 86' lang='lat' dir='ltr'><strong>partibus</strong></span> <span class='ocrx_word' id='word_1_94' title='bbox 391 907 480 958; x_wconf 82' lang='lat' dir='ltr'><strong>vicere</strong></span> <span class='ocrx_word' id='word_1_95' title='bbox 495 905 597 959; x_wconf 87' lang='lat' dir='ltr'><strong>habere</strong></span> <span class='ocrx_word' id='word_1_96' title='bbox 620 905 737 960; x_wconf 88' lang='lat' dir='ltr'><strong>llomani</strong></span> <span class='ocrx_word' id='word_1_97' title='bbox 754 907 866 976; x_wconf 83' lang='lat' dir='ltr'><strong>pontili-</strong></span> <span class='ocrx_word' id='word_1_98' title='bbox 907 905 1051 958; x_wconf 73' lang='lat' dir='ltr'><strong>occasione</strong></span> <span class='ocrx_word' id='word_1_99' title='bbox 1063 905 1199 960; x_wconf 82' lang='lat' dir='ltr'><strong>circuiens</strong></span> <span class='ocrx_word' id='word_1_100' title='bbox 1214 923 1339 978; x_wconf 87' lang='lat' dir='ltr'><strong>quosque</strong></span> <span class='ocrx_word' id='word_1_101' title='bbox 1357 909 1502 978; x_wconf 81' lang='lat' dir='ltr'><strong>pestiferos</strong></span> <span class='ocrx_word' id='word_1_102' title='bbox 1516 909 1639 965; x_wconf 80' lang='lat' dir='ltr'><strong>invenire</strong></span> <span class='ocrx_word' id='word_1_103' title='bbox 1655 931 1704 984; x_wconf 91' lang='lat' dir='ltr'><strong>po·</strong></span> 
     </span>
     <span class='ocr_line' id='line_1_10' title="bbox 79 991 1704 1066; baseline 0.002 -16"><span class='ocrx_word' id='word_1_104' title='bbox 79 997 119 1062; x_wconf 68' lang='lat' dir='ltr'><strong>cis,</strong></span> <span class='ocrx_word' id='word_1_105' title='bbox 129 997 242 1066; x_wconf 90' lang='lat' dir='ltr'><strong>ideoque</strong></span> <span class='ocrx_word' id='word_1_106' title='bbox 254 1012 309 1050; x_wconf 93' lang='lat' dir='ltr'><strong>nen</strong></span> <span class='ocrx_word' id='word_1_107' title='bbox 324 995 407 1048; x_wconf 86' lang='lat' dir='ltr'><strong>licere</strong></span> <span class='ocrx_word' id='word_1_108' title='bbox 422 994 556 1048; x_wconf 87' lang='lat' dir='ltr'><strong>Romanis</strong></span> <span class='ocrx_word' id='word_1_109' title='bbox 570 994 669 1063; x_wconf 87' lang='lat' dir='ltr'><strong>legatis</strong></span> <span class='ocrx_word' id='word_1_110' title='bbox 682 995 820 1064; x_wconf 76' lang='lat' dir='ltr'>synodum</span> <span class='ocrx_word' id='word_1_111' title='bbox 836 994 865 1050; x_wconf 90' lang='lat' dir='ltr'><strong>in</strong></span> <span class='ocrx_word' id='word_1_112' title='bbox 906 998 989 1058; x_wconf 81' lang='lat' dir='ltr'><strong>terat,</strong></span> <span class='ocrx_word' id='word_1_113' title='bbox 1003 996 1042 1048; x_wconf 86' lang='lat' dir='ltr'><strong>vel</strong></span> <span class='ocrx_word' id='word_1_114' title='bbox 1059 1011 1158 1066; x_wconf 83' lang='lat' dir='ltr'><strong>papam</strong></span> <span class='ocrx_word' id='word_1_115' title='bbox 1173 1003 1287 1066; x_wconf 90' lang='lat' dir='ltr'><strong>propter</strong></span> <span class='ocrx_word' id='word_1_116' title='bbox 1293 996 1433 1065; x_wconf 85' lang='lat' dir='ltr'><strong>justitiam</strong></span> <span class='ocrx_word' id='word_1_117' title='bbox 1445 991 1571 1054; x_wconf 85' lang='lat' dir='ltr'><strong>odientes</strong></span> <span class='ocrx_word' id='word_1_118' title='bbox 1585 1000 1704 1056; x_wconf 82' lang='lat' dir='ltr'><strong>faciebat</strong></span> 
     </span>
     <span class='ocr_line' id='line_1_11' title="bbox 80 1081 1706 1156; baseline 0.003 -18"><span class='ocrx_word' id='word_1_119' title='bbox 80 1087 130 1155; x_wconf 85' lang='lat' dir='ltr'><strong>ejus</strong></span> <span class='ocrx_word' id='word_1_120' title='bbox 144 1085 281 1156; x_wconf 86' lang='lat' dir='ltr'><strong>legatione</strong></span> <span class='ocrx_word' id='word_1_121' title='bbox 294 1083 444 1144; x_wconf 84' lang='lat' dir='ltr'><strong>celebrare,</strong></span> <span class='ocrx_word' id='word_1_122' title='bbox 462 1099 518 1136; x_wconf 92' lang='lat' dir='ltr'><strong>non</strong></span> <span class='ocrx_word' id='word_1_123' title='bbox 534 1081 603 1138; x_wconf 86' lang='lat' dir='ltr'><strong>bene</strong></span> <span class='ocrx_word' id='word_1_124' title='bbox 619 1083 785 1154; x_wconf 78' lang='lat' dir='ltr'><strong>recogitans,</strong></span> <span class='ocrx_word' id='word_1_125' title='bbox 796 1083 865 1138; x_wconf 92' lang='lat' dir='ltr'><strong>illud</strong></span> <span class='ocrx_word' id='word_1_126' title='bbox 907 1081 1150 1154; x_wconf 88' lang='lat' dir='ltr'><strong>amicos,dataque</strong></span> <span class='ocrx_word' id='word_1_127' title='bbox 1165 1082 1465 1155; x_wconf 87' lang='lat' dir='ltr'><strong>pecuniasacramento</strong></span> <span class='ocrx_word' id='word_1_128' title='bbox 1480 1086 1706 1154; x_wconf 85' lang='lat' dir='ltr'><strong>vinciebat,inter</strong></span> 
     </span>
     <span class='ocr_line' id='line_1_12' title="bbox 80 1171 1704 1250; baseline 0.004 -24"><span class='ocrx_word' id='word_1_129' title='bbox 80 1175 150 1244; x_wconf 89' lang='lat' dir='ltr'><strong>primi</strong></span> <span class='ocrx_word' id='word_1_130' title='bbox 165 1173 264 1228; x_wconf 78' lang='lat' dir='ltr'><strong>Leonis</strong></span> <span class='ocrx_word' id='word_1_131' title='bbox 279 1173 432 1243; x_wconf 91' lang='lat' dir='ltr'><strong>capitulum</strong></span> <span class='ocrx_word' id='word_1_132' title='bbox 441 1171 637 1226; x_wconf 83' lang='lat' dir='ltr'><strong>Thessalonice</strong></span> <span class='ocrx_word' id='word_1_133' title='bbox 654 1173 783 1243; x_wconf 85' lang='lat' dir='ltr'><strong>episcopo</strong></span> <span class='ocrx_word' id='word_1_134' title='bbox 800 1172 867 1225; x_wconf 80' lang='lat' dir='ltr'><strong>nris·</strong></span> <span class='ocrx_word' id='word_1_135' title='bbox 909 1186 979 1239; x_wconf 91' lang='lat' dir='ltr'><strong>quos</strong></span> <span class='ocrx_word' id='word_1_136' title='bbox 994 1179 1023 1224; x_wconf 92' lang='lat' dir='ltr'><strong>et</strong></span> <span class='ocrx_word' id='word_1_137' title='bbox 1047 1173 1182 1226; x_wconf 87' lang='lat' dir='ltr'><strong>Cenciam</strong></span> <span class='ocrx_word' id='word_1_138' title='bbox 1204 1173 1327 1244; x_wconf 73' lang='lat' dir='ltr'><strong>praefecti</strong></span> <span class='ocrx_word' id='word_1_139' title='bbox 1352 1173 1487 1244; x_wconf 80' lang='lat' dir='ltr'><strong>Stephani</strong></span> <span class='ocrx_word' id='word_1_140' title='bbox 1507 1175 1605 1242; x_wconf 92' lang='lat' dir='ltr'><strong>lilium,</strong></span> <span class='ocrx_word' id='word_1_141' title='bbox 1619 1195 1704 1250; x_wconf 90' lang='lat' dir='ltr'><strong>quem</strong></span> 
     </span>
     <span class='ocr_line' id='line_1_13' title="bbox 80 1261 1772 1334; baseline 0 -18"><span class='ocrx_word' id='word_1_142' title='bbox 80 1281 140 1326; x_wconf 79' lang='lat' dir='ltr'><strong>surii,</strong></span> <span class='ocrx_word' id='word_1_143' title='bbox 154 1264 181 1316; x_wconf 92' lang='lat' dir='ltr'><strong>in</strong></span> <span class='ocrx_word' id='word_1_144' title='bbox 195 1280 250 1334; x_wconf 90' lang='lat' dir='ltr'><strong>quo</strong></span> <span class='ocrx_word' id='word_1_145' title='bbox 265 1262 305 1316; x_wconf 91' lang='lat' dir='ltr'><strong>ita</strong></span> <span class='ocrx_word' id='word_1_146' title='bbox 318 1261 446 1332; x_wconf 87' lang='lat' dir='ltr'><strong>legitur:</strong></span> <span class='ocrx_word' id='word_1_147' title='bbox 468 1262 507 1316; x_wconf 91' lang='lat' dir='ltr'><strong>sic</strong></span> <span class='ocrx_word' id='word_1_148' title='bbox 527 1262 601 1315; x_wconf 92' lang='lat' dir='ltr'><strong>enim</strong></span> <span class='ocrx_word' id='word_1_149' title='bbox 618 1261 769 1315; x_wconf 89' lang='lat' dir='ltr'><strong>committit</strong></span> <span class='ocrx_word' id='word_1_150' title='bbox 795 1278 866 1332; x_wconf 91' lang='lat' dir='ltr'><strong>papa</strong></span> <span class='ocrx_word' id='word_1_151' title='bbox 908 1275 992 1324; x_wconf 82' lang='lat' dir='ltr'><strong>supra</strong></span> <span class='ocrx_word' id='word_1_152' title='bbox 1021 1261 1193 1330; x_wconf 76' lang='lat' dir='ltr'><strong>temporibus</strong></span> <span class='ocrx_word' id='word_1_153' title='bbox 1221 1279 1299 1334; x_wconf 72' lang='lat' dir='ltr'><strong>papae</strong></span> <span class='ocrx_word' id='word_1_154' title='bbox 1323 1263 1472 1317; x_wconf 80' lang='lat' dir='ltr'><strong>alexandri</strong></span> <span class='ocrx_word' id='word_1_155' title='bbox 1506 1281 1568 1318; x_wconf 89' lang='lat' dir='ltr'><strong>cum</strong></span> <span class='ocrx_word' id='word_1_156' title='bbox 1601 1263 1704 1320; x_wconf 89' lang='lat' dir='ltr'><strong>Cadelo</strong></span> <span class='ocrx_word' id='word_1_157' title='bbox 1764 1299 1772 1316; x_wconf 84' lang='lat'>.</span> 
     </span>
     <span class='ocr_line' id='line_1_14' title="bbox 79 1339 1237 1421; baseline 0 -19"><span class='ocrx_word' id='word_1_158' title='bbox 79 1352 193 1406; x_wconf 86' lang='lat' dir='ltr'><strong>omnibus</strong></span> <span class='ocrx_word' id='word_1_159' title='bbox 220 1350 438 1420; x_wconf 73' lang='lat' dir='ltr'><strong>archiepiscopis</strong></span> <span class='ocrx_word' id='word_1_160' title='bbox 462 1351 536 1404; x_wconf 74' lang='lat' dir='ltr'><strong>sices</strong></span> <span class='ocrx_word' id='word_1_161' title='bbox 554 1366 629 1410; x_wconf 82' lang='lat' dir='ltr'><strong>suas,</strong></span> <span class='ocrx_word' id='word_1_162' title='bbox 648 1356 678 1404; x_wconf 92' lang='lat' dir='ltr'><strong>ut</strong></span> <span class='ocrx_word' id='word_1_163' title='bbox 704 1349 731 1403; x_wconf 91' lang='lat' dir='ltr'><strong>in</strong></span> <span class='ocrx_word' id='word_1_164' title='bbox 758 1357 866 1421; x_wconf 90' lang='lat' dir='ltr'><strong>partem</strong></span> <span class='ocrx_word' id='word_1_165' title='bbox 908 1339 993 1401; x_wconf 84' lang='lat' dir='ltr'><strong>luisse</strong></span> <span class='ocrx_word' id='word_1_166' title='bbox 1011 1349 1237 1403; x_wconf 79' lang='lat' dir='ltr'><strong>memoravimus.</strong></span> 
     </span>
    </p>

    <p class='ocr_par' dir='ltr' id='par_1_2' title="bbox 79 1437 1706 1778">
     <span class='ocr_line' id='line_1_15' title="bbox 80 1437 1706 1516; baseline 0.004 -24"><span class='ocrx_word' id='word_1_167' title='bbox 80 1439 125 1494; x_wconf 84' lang='lat' dir='ltr'><strong>sint</strong></span> <span class='ocrx_word' id='word_1_168' title='bbox 140 1441 223 1494; x_wconf 77' lang='lat' dir='ltr'><strong>vocati</strong></span> <span class='ocrx_word' id='word_1_169' title='bbox 239 1440 437 1494; x_wconf 86' lang='lat' dir='ltr'><strong>sollicitudinis</strong></span> <span class='ocrx_word' id='word_1_170' title='bbox 453 1455 508 1492; x_wconf 87' lang='lat' dir='ltr'><strong>non</strong></span> <span class='ocrx_word' id='word_1_171' title='bbox 521 1439 549 1492; x_wconf 93' lang='lat' dir='ltr'><strong>in</strong></span> <span class='ocrx_word' id='word_1_172' title='bbox 565 1439 770 1510; x_wconf 83' lang='lat' dir='ltr'><strong>plenitudinem</strong></span> <span class='ocrx_word' id='word_1_173' title='bbox 787 1447 866 1510; x_wconf 91' lang='lat' dir='ltr'><strong>pote·</strong></span> <span class='ocrx_word' id='word_1_174' title='bbox 945 1437 971 1490; x_wconf 91' lang='lat' dir='ltr'><strong>ls</strong></span> <span class='ocrx_word' id='word_1_175' title='bbox 985 1437 1115 1492; x_wconf 80' lang='lat' dir='ltr'><strong>defuncto</strong></span> <span class='ocrx_word' id='word_1_176' title='bbox 1126 1449 1205 1508; x_wconf 84' lang='lat' dir='ltr'><strong>patre</strong></span> <span class='ocrx_word' id='word_1_177' title='bbox 1216 1439 1542 1510; x_wconf 79' lang='lat' dir='ltr'><strong>temporibushlexandri</strong></span> <span class='ocrx_word' id='word_1_178' title='bbox 1555 1460 1617 1496; x_wconf 91' lang='lat' dir='ltr'><strong>cum</strong></span> <span class='ocrx_word' id='word_1_179' title='bbox 1634 1461 1706 1516; x_wconf 80' lang='lat' dir='ltr'><strong>prce-</strong></span> 
     </span>
     <span class='ocr_line' id='line_1_16' title="bbox 80 1525 1705 1602; baseline 0.002 -20"><span class='ocrx_word' id='word_1_180' title='bbox 80 1531 156 1584; x_wconf 85' lang='lat' dir='ltr'><strong>statis.</strong></span> <span class='ocrx_word' id='word_1_181' title='bbox 173 1529 245 1593; x_wconf 87' lang='lat' dir='ltr'><strong>Quid</strong></span> <span class='ocrx_word' id='word_1_182' title='bbox 260 1529 363 1600; x_wconf 84' lang='lat' dir='ltr'><strong>plural</strong></span> <span class='ocrx_word' id='word_1_183' title='bbox 376 1529 466 1596; x_wconf 91' lang='lat' dir='ltr'><strong>llujus</strong></span> <span class='ocrx_word' id='word_1_184' title='bbox 492 1527 532 1582; x_wconf 88' lang='lat' dir='ltr'><strong>rei</strong></span> <span class='ocrx_word' id='word_1_185' title='bbox 547 1529 639 1598; x_wconf 87' lang='lat' dir='ltr'><strong>gratia</strong></span> <span class='ocrx_word' id='word_1_186' title='bbox 663 1529 798 1582; x_wconf 86' lang='lat' dir='ltr'><strong>Lemarus</strong></span> <span class='ocrx_word' id='word_1_187' title='bbox 822 1547 869 1582; x_wconf 87' lang='lat' dir='ltr'><strong>ar·</strong></span> <span class='ocrx_word' id='word_1_188' title='bbox 911 1525 1046 1578; x_wconf 83' lang='lat' dir='ltr'><strong>lecturam</strong></span> <span class='ocrx_word' id='word_1_189' title='bbox 1063 1527 1144 1580; x_wconf 75' lang='lat' dir='ltr'><strong>vellet</strong></span> <span class='ocrx_word' id='word_1_190' title='bbox 1158 1527 1284 1596; x_wconf 76' lang='lat' dir='ltr'><strong>adipisci,</strong></span> <span class='ocrx_word' id='word_1_191' title='bbox 1304 1527 1339 1580; x_wconf 90' lang='lat' dir='ltr'><strong>ab</strong></span> <span class='ocrx_word' id='word_1_192' title='bbox 1354 1529 1484 1583; x_wconf 87' lang='lat' dir='ltr'><strong>omnibus</strong></span> <span class='ocrx_word' id='word_1_193' title='bbox 1497 1531 1705 1602; x_wconf 83' lang='lat' dir='ltr'><strong>Romanispre-</strong></span> 
     </span>
     <span class='ocr_line' id='line_1_17' title="bbox 79 1615 1705 1692; baseline 0.003 -21"><span class='ocrx_word' id='word_1_194' title='bbox 79 1617 258 1688; x_wconf 87' lang='lat' dir='ltr'><strong>chlepiscopus</strong></span> <span class='ocrx_word' id='word_1_195' title='bbox 279 1634 295 1672; x_wconf 86' lang='lat' dir='ltr'><strong>a</strong></span> <span class='ocrx_word' id='word_1_196' title='bbox 323 1617 424 1688; x_wconf 82' lang='lat' dir='ltr'><strong>legaris</strong></span> <span class='ocrx_word' id='word_1_197' title='bbox 440 1617 573 1670; x_wconf 84' lang='lat' dir='ltr'><strong>Romanis</strong></span> <span class='ocrx_word' id='word_1_198' title='bbox 593 1617 757 1672; x_wconf 87' lang='lat' dir='ltr'><strong>sacerdotali</strong></span> <span class='ocrx_word' id='word_1_199' title='bbox 774 1618 865 1672; x_wconf 86' lang='lat' dir='ltr'><strong>elficie</strong></span> <span class='ocrx_word' id='word_1_200' title='bbox 911 1621 974 1684; x_wconf 91' lang='lat' dir='ltr'><strong>pter</strong></span> <span class='ocrx_word' id='word_1_201' title='bbox 988 1615 1160 1668; x_wconf 82' lang='lat' dir='ltr'><strong>ferocitatem</strong></span> <span class='ocrx_word' id='word_1_202' title='bbox 1173 1615 1258 1668; x_wconf 88' lang='lat' dir='ltr'><strong>animi</strong></span> <span class='ocrx_word' id='word_1_203' title='bbox 1270 1616 1433 1688; x_wconf 87' lang='lat' dir='ltr'><strong>repudiatus</strong></span> <span class='ocrx_word' id='word_1_204' title='bbox 1446 1623 1497 1680; x_wconf 89' lang='lat' dir='ltr'><strong>est,</strong></span> <span class='ocrx_word' id='word_1_205' title='bbox 1507 1620 1705 1692; x_wconf 88' lang='lat' dir='ltr'><strong>communique</strong></span> 
     </span>
     <span class='ocr_line' id='line_1_18' title="bbox 79 1683 1704 1778; baseline 0.001 -18"><span class='ocrx_word' id='word_1_206' title='bbox 79 1725 219 1778; x_wconf 85' lang='lat' dir='ltr'><strong>suspensus</strong></span> <span class='ocrx_word' id='word_1_207' title='bbox 234 1712 286 1760; x_wconf 88' lang='lat' dir='ltr'><strong>cst.</strong></span> <span class='ocrx_word' id='word_1_208' title='bbox 304 1707 409 1760; x_wconf 87' lang='lat' dir='ltr'><strong>Dehinc</strong></span> <span class='ocrx_word' id='word_1_209' title='bbox 421 1707 537 1760; x_wconf 88' lang='lat' dir='ltr'><strong>concilio</strong></span> <span class='ocrx_word' id='word_1_210' title='bbox 552 1707 602 1760; x_wconf 90' lang='lat' dir='ltr'><strong>hac</strong></span> <span class='ocrx_word' id='word_1_211' title='bbox 618 1707 770 1776; x_wconf 86' lang='lat' dir='ltr'><strong>sagacitate</strong></span> <span class='ocrx_word' id='word_1_212' title='bbox 780 1707 865 1760; x_wconf 87' lang='lat' dir='ltr'><strong>inter·</strong></span> <span class='ocrx_word' id='word_1_213' title='bbox 876 1683 1021 1754; x_wconf 74' lang='lat' dir='ltr'><strong>Bconsilio</strong></span> <span class='ocrx_word' id='word_1_214' title='bbox 1037 1702 1158 1757; x_wconf 89' lang='lat' dir='ltr'><strong>traditur</strong></span> <span class='ocrx_word' id='word_1_215' title='bbox 1169 1707 1332 1773; x_wconf 70' lang='lat' dir='ltr'><strong>praeelectum</strong></span> <span class='ocrx_word' id='word_1_216' title='bbox 1345 1705 1426 1760; x_wconf 89' lang='lat' dir='ltr'><strong>alteri</strong></span> <span class='ocrx_word' id='word_1_217' title='bbox 1441 1707 1541 1760; x_wconf 86' lang='lat' dir='ltr'><strong>Cencio</strong></span> <span class='ocrx_word' id='word_1_218' title='bbox 1557 1707 1704 1777; x_wconf 82' lang='lat' dir='ltr'><strong>cujusdam</strong></span> 
     </span>
    </p>
   </div>
   <div class='ocr_carea' id='block_1_2' title="bbox 79 1795 867 2751">
    <p class='ocr_par' dir='ltr' id='par_1_3' title="bbox 79 1795 867 2751">
     <span class='ocr_line' id='line_1_19' title="bbox 81 1795 865 1866; baseline 0.003 -19"><span class='ocrx_word' id='word_1_219' title='bbox 81 1805 158 1866; x_wconf 84' lang='lat' dir='ltr'><strong>rupto,</strong></span> <span class='ocrx_word' id='word_1_220' title='bbox 171 1813 233 1850; x_wconf 85' lang='lat' dir='ltr'><strong>curn</strong></span> <span class='ocrx_word' id='word_1_221' title='bbox 251 1812 297 1850; x_wconf 86' lang='lat' dir='ltr'><strong>rex</strong></span> <span class='ocrx_word' id='word_1_222' title='bbox 311 1795 416 1856; x_wconf 86' lang='lat' dir='ltr'><strong>omnia,</strong></span> <span class='ocrx_word' id='word_1_223' title='bbox 433 1810 494 1866; x_wconf 69' lang='lat' dir='ltr'><strong>quea</strong></span> <span class='ocrx_word' id='word_1_224' title='bbox 507 1795 625 1848; x_wconf 82' lang='lat' dir='ltr'><strong>Romani</strong></span> <span class='ocrx_word' id='word_1_225' title='bbox 642 1795 724 1866; x_wconf 83' lang='lat' dir='ltr'><strong>legati</strong></span> <span class='ocrx_word' id='word_1_226' title='bbox 741 1796 865 1866; x_wconf 88' lang='lat' dir='ltr'><strong>postula-</strong></span> 
     </span>
     <span class='ocr_line' id='line_1_20' title="bbox 80 1883 866 1953; baseline 0.004 -17"><span class='ocrx_word' id='word_1_227' title='bbox 80 1891 144 1942; x_wconf 85' lang='lat' dir='ltr'><strong>runt,</strong></span> <span class='ocrx_word' id='word_1_228' title='bbox 156 1902 184 1937; x_wconf 90' lang='lat' dir='ltr'><strong>se</strong></span> <span class='ocrx_word' id='word_1_229' title='bbox 205 1883 324 1938; x_wconf 89' lang='lat' dir='ltr'><strong>libenter</strong></span> <span class='ocrx_word' id='word_1_230' title='bbox 340 1883 430 1937; x_wconf 76' lang='lat' dir='ltr'><strong>acere</strong></span> <span class='ocrx_word' id='word_1_231' title='bbox 446 1883 628 1953; x_wconf 86' lang='lat' dir='ltr'><strong>promisisset,</strong></span> <span class='ocrx_word' id='word_1_232' title='bbox 644 1883 751 1952; x_wconf 83' lang='lat' dir='ltr'><strong>magnis</strong></span> <span class='ocrx_word' id='word_1_233' title='bbox 767 1901 866 1938; x_wconf 92' lang='lat' dir='ltr'><strong>mune·</strong></span> 
     </span>
     <span class='ocr_line' id='line_1_21' title="bbox 82 1971 862 2042; baseline -0.003 -16"><span class='ocrx_word' id='word_1_234' title='bbox 82 1973 146 2026; x_wconf 86' lang='lat' dir='ltr'><strong>ribus</strong></span> <span class='ocrx_word' id='word_1_235' title='bbox 157 1973 252 2028; x_wconf 90' lang='lat' dir='ltr'><strong>donati</strong></span> <span class='ocrx_word' id='word_1_236' title='bbox 278 1973 396 2026; x_wconf 87' lang='lat' dir='ltr'><strong>Romam</strong></span> <span class='ocrx_word' id='word_1_237' title='bbox 418 1989 480 2026; x_wconf 93' lang='lat' dir='ltr'><strong>cum</strong></span> <span class='ocrx_word' id='word_1_238' title='bbox 497 1971 601 2026; x_wconf 89' lang='lat' dir='ltr'><strong>honere</strong></span> <span class='ocrx_word' id='word_1_239' title='bbox 616 1979 788 2036; x_wconf 88' lang='lat' dir='ltr'><strong>remearunt,</strong></span> <span class='ocrx_word' id='word_1_240' title='bbox 800 1990 862 2042; x_wconf 91' lang='lat' dir='ltr'><strong>per·</strong></span> 
     </span>
     <span class='ocr_line' id='line_1_22' title="bbox 81 2059 865 2132; baseline 0.003 -19"><span class='ocrx_word' id='word_1_241' title='bbox 81 2068 158 2115; x_wconf 72' lang='lat' dir='ltr'><strong>lanas</strong></span> <span class='ocrx_word' id='word_1_242' title='bbox 172 2078 265 2114; x_wconf 90' lang='lat' dir='ltr'><strong>secum</strong></span> <span class='ocrx_word' id='word_1_243' title='bbox 279 2059 468 2132; x_wconf 84' lang='lat' dir='ltr'><strong>pi·aelatircgis</strong></span> <span class='ocrx_word' id='word_1_244' title='bbox 479 2059 701 2132; x_wconf 79' lang='lat' dir='ltr'><strong>litteraS,quibus</strong></span> <span class='ocrx_word' id='word_1_245' title='bbox 717 2061 865 2115; x_wconf 83' lang='lat' dir='ltr'><strong>venerabili</strong></span> 
     </span>
     <span class='ocr_line' id='line_1_23' title="bbox 79 2149 865 2220; baseline 0.003 -18"><span class='ocrx_word' id='word_1_246' title='bbox 79 2166 144 2220; x_wconf 79' lang='lat' dir='ltr'><strong>papae</strong></span> <span class='ocrx_word' id='word_1_247' title='bbox 153 2149 287 2220; x_wconf 81' lang='lat' dir='ltr'><strong>Gregorio</strong></span> <span class='ocrx_word' id='word_1_248' title='bbox 298 2149 525 2203; x_wconf 86' lang='lat' dir='ltr'><strong>omnihusmodis</strong></span> <span class='ocrx_word' id='word_1_249' title='bbox 534 2149 655 2204; x_wconf 88' lang='lat' dir='ltr'><strong>debitam</strong></span> <span class='ocrx_word' id='word_1_250' title='bbox 665 2149 865 2220; x_wconf 70' lang='lat' dir='ltr'><strong>subiectionem</strong></span> 
     </span>
     <span class='ocr_line' id='line_1_24' title="bbox 83 2237 865 2310; baseline 0.003 -20"><span class='ocrx_word' id='word_1_251' title='bbox 83 2239 224 2310; x_wconf 85' lang='lat' dir='ltr'><strong>spondebat</strong></span> <span class='ocrx_word' id='word_1_252' title='bbox 237 2240 413 2308; x_wconf 90' lang='lat' dir='ltr'><strong>Postpaucos</strong></span> <span class='ocrx_word' id='word_1_253' title='bbox 425 2255 488 2294; x_wconf 85' lang='lat' dir='ltr'><strong>raro</strong></span> <span class='ocrx_word' id='word_1_254' title='bbox 497 2237 677 2307; x_wconf 83' lang='lat' dir='ltr'><strong>diesquidam</strong></span> <span class='ocrx_word' id='word_1_255' title='bbox 689 2239 865 2292; x_wconf 89' lang='lat' dir='ltr'><strong>llermanuus</strong></span> 
     </span>
     <span class='ocr_line' id='line_1_25' title="bbox 82 2327 865 2398; baseline 0.001 -18"><span class='ocrx_word' id='word_1_256' title='bbox 82 2327 307 2398; x_wconf 80' lang='lat' dir='ltr'><strong>Ralieabergensis</strong></span> <span class='ocrx_word' id='word_1_257' title='bbox 317 2327 686 2398; x_wconf 73' lang='lat' dir='ltr'><strong>episcopasllonmmcausa</strong></span> <span class='ocrx_word' id='word_1_258' title='bbox 696 2327 865 2398; x_wconf 87' lang='lat' dir='ltr'><strong>suscipiendi</strong></span> 
     </span>
     <span class='ocr_line' id='line_1_26' title="bbox 80 2415 866 2486; baseline 0 -16"><span class='ocrx_word' id='word_1_259' title='bbox 80 2417 145 2486; x_wconf 87' lang='lat' dir='ltr'><strong>pallii</strong></span> <span class='ocrx_word' id='word_1_260' title='bbox 156 2417 293 2478; x_wconf 81' lang='lat' dir='ltr'><strong>veniebat,</strong></span> <span class='ocrx_word' id='word_1_261' title='bbox 306 2432 388 2486; x_wconf 76' lang='lat' dir='ltr'><strong>quen]</strong></span> <span class='ocrx_word' id='word_1_262' title='bbox 399 2416 499 2470; x_wconf 71' lang='lat' dir='ltr'><strong>litterae</strong></span> <span class='ocrx_word' id='word_1_263' title='bbox 509 2416 581 2486; x_wconf 80' lang='lat' dir='ltr'><strong>regis</strong></span> <span class='ocrx_word' id='word_1_264' title='bbox 593 2415 790 2486; x_wconf 79' lang='lat' dir='ltr'><strong>anticipavere,</strong></span> <span class='ocrx_word' id='word_1_265' title='bbox 799 2417 866 2486; x_wconf 91' lang='lat' dir='ltr'><strong>qui-</strong></span> 
     </span>
     <span class='ocr_line' id='line_1_27' title="bbox 82 2503 866 2576; baseline 0.004 -21"><span class='ocrx_word' id='word_1_266' title='bbox 82 2503 124 2558; x_wconf 91' lang='lat' dir='ltr'><strong>bus</strong></span> <span class='ocrx_word' id='word_1_267' title='bbox 145 2522 222 2576; x_wconf 74' lang='lat' dir='ltr'><strong>papa·</strong></span> <span class='ocrx_word' id='word_1_268' title='bbox 248 2503 437 2574; x_wconf 82' lang='lat' dir='ltr'><strong>significatum</strong></span> <span class='ocrx_word' id='word_1_269' title='bbox 462 2511 505 2556; x_wconf 87' lang='lat' dir='ltr'><strong>est</strong></span> <span class='ocrx_word' id='word_1_270' title='bbox 526 2519 566 2570; x_wconf 89' lang='lat' dir='ltr'><strong>se,</strong></span> <span class='ocrx_word' id='word_1_271' title='bbox 584 2504 769 2573; x_wconf 87' lang='lat' dir='ltr'><strong>quorumdam</strong></span> <span class='ocrx_word' id='word_1_272' title='bbox 785 2505 866 2558; x_wconf 89' lang='lat' dir='ltr'><strong>mali·</strong></span> 
     </span>
     <span class='ocr_line' id='line_1_28' title="bbox 81 2591 865 2664; baseline 0.003 -18"><span class='ocrx_word' id='word_1_273' title='bbox 81 2593 214 2660; x_wconf 76' lang='lat' dir='ltr'><strong>gnaotium</strong></span> <span class='ocrx_word' id='word_1_274' title='bbox 230 2593 329 2646; x_wconf 82' lang='lat' dir='ltr'><strong>fraude</strong></span> <span class='ocrx_word' id='word_1_275' title='bbox 343 2592 500 2661; x_wconf 89' lang='lat' dir='ltr'><strong>deceptum,</strong></span> <span class='ocrx_word' id='word_1_276' title='bbox 514 2591 551 2644; x_wconf 94' lang='lat' dir='ltr'><strong>illi</strong></span> <span class='ocrx_word' id='word_1_277' title='bbox 564 2609 613 2664; x_wconf 87' lang='lat' dir='ltr'><strong>pro</strong></span> <span class='ocrx_word' id='word_1_278' title='bbox 628 2593 744 2663; x_wconf 91' lang='lat' dir='ltr'><strong>pecunia</strong></span> <span class='ocrx_word' id='word_1_279' title='bbox 758 2593 865 2664; x_wconf 81' lang='lat' dir='ltr'><strong>episco-</strong></span> 
     </span>
     <span class='ocr_line' id='line_1_29' title="bbox 81 2681 867 2751; baseline 0.008 -20"><span class='ocrx_word' id='word_1_280' title='bbox 81 2691 162 2751; x_wconf 85' lang='lat' dir='ltr'><strong>patum</strong></span> <span class='ocrx_word' id='word_1_281' title='bbox 175 2682 334 2736; x_wconf 77' lang='lat' dir='ltr'><strong>tradidisse.</strong></span> <span class='ocrx_word' id='word_1_282' title='bbox 348 2681 427 2745; x_wconf 90' lang='lat' dir='ltr'><strong>Quod</strong></span> <span class='ocrx_word' id='word_1_283' title='bbox 440 2687 468 2734; x_wconf 92' lang='lat' dir='ltr'><strong>ut</strong></span> <span class='ocrx_word' id='word_1_284' title='bbox 477 2681 623 2750; x_wconf 72' lang='lat' dir='ltr'><strong>quaesitum</strong></span> <span class='ocrx_word' id='word_1_285' title='bbox 636 2687 678 2735; x_wconf 89' lang='lat' dir='ltr'><strong>est</strong></span> <span class='ocrx_word' id='word_1_286' title='bbox 687 2688 716 2736; x_wconf 91' lang='lat' dir='ltr'><strong>et</strong></span> <span class='ocrx_word' id='word_1_287' title='bbox 726 2683 763 2736; x_wconf 92' lang='lat' dir='ltr'><strong>ita</strong></span> <span class='ocrx_word' id='word_1_288' title='bbox 774 2683 867 2737; x_wconf 89' lang='lat' dir='ltr'><strong>inven-</strong></span> 
     </span>
    </p>
   </div>
   <div class='ocr_carea' id='block_1_3' title="bbox 906 1791 1719 2751">
    <p class='ocr_par' dir='ltr' id='par_1_4' title="bbox 906 1791 1719 2751">
     <span class='ocr_line' id='line_1_30' title="bbox 906 1791 1705 1868; baseline 0.01 -24"><span class='ocrx_word' id='word_1_289' title='bbox 906 1791 1022 1844; x_wconf 82' lang='lat' dir='ltr'><strong>ioaonis</strong></span> <span class='ocrx_word' id='word_1_290' title='bbox 1037 1791 1158 1862; x_wconf 62' lang='lat' dir='ltr'><strong>prefecti</strong></span> <span class='ocrx_word' id='word_1_291' title='bbox 1184 1793 1249 1853; x_wconf 81' lang='lat' dir='ltr'><strong>silio,</strong></span> <span class='ocrx_word' id='word_1_292' title='bbox 1272 1794 1320 1864; x_wconf 91' lang='lat' dir='ltr'><strong>qui</strong></span> <span class='ocrx_word' id='word_1_293' title='bbox 1340 1795 1467 1864; x_wconf 75' lang='lat' dir='ltr'><strong>quamvis</strong></span> <span class='ocrx_word' id='word_1_294' title='bbox 1482 1795 1596 1850; x_wconf 91' lang='lat' dir='ltr'><strong>nemine</strong></span> <span class='ocrx_word' id='word_1_295' title='bbox 1620 1798 1705 1868; x_wconf 76' lang='lat' dir='ltr'><strong>requi-</strong></span> 
     </span>
     <span class='ocr_line' id='line_1_31' title="bbox 907 1879 1704 1952; baseline 0.014 -21"><span class='ocrx_word' id='word_1_296' title='bbox 907 1879 975 1939; x_wconf 83' lang='lat' dir='ltr'><strong>reci.</strong></span> <span class='ocrx_word' id='word_1_297' title='bbox 1001 1889 1094 1933; x_wconf 90' lang='lat' dir='ltr'><strong>tamen</strong></span> <span class='ocrx_word' id='word_1_298' title='bbox 1118 1881 1200 1952; x_wconf 85' lang='lat' dir='ltr'><strong>longe</strong></span> <span class='ocrx_word' id='word_1_299' title='bbox 1224 1888 1306 1936; x_wconf 84' lang='lat' dir='ltr'><strong>ciant</strong></span> <span class='ocrx_word' id='word_1_300' title='bbox 1321 1882 1421 1936; x_wconf 82' lang='lat' dir='ltr'><strong>diversi</strong></span> <span class='ocrx_word' id='word_1_301' title='bbox 1443 1883 1581 1948; x_wconf 71' lang='lat' dir='ltr'><strong>moribus:</strong></span> <span class='ocrx_word' id='word_1_302' title='bbox 1608 1886 1635 1940; x_wconf 92' lang='lat' dir='ltr'><strong>in</strong></span> <span class='ocrx_word' id='word_1_303' title='bbox 1653 1888 1704 1941; x_wconf 89' lang='lat' dir='ltr'><strong>hoc</strong></span> 
     </span>
     <span class='ocr_line' id='line_1_32' title="bbox 908 1967 1704 2041; baseline 0.013 -21"><span class='ocrx_word' id='word_1_304' title='bbox 908 1967 1033 2022; x_wconf 82' lang='lat' dir='ltr'><strong>oirinium</strong></span> <span class='ocrx_word' id='word_1_305' title='bbox 1048 1969 1187 2023; x_wconf 89' lang='lat' dir='ltr'><strong>malorum</strong></span> <span class='ocrx_word' id='word_1_306' title='bbox 1209 1970 1315 2041; x_wconf 88' lang='lat' dir='ltr'><strong>speeies</strong></span> <span class='ocrx_word' id='word_1_307' title='bbox 1330 1969 1357 2024; x_wconf 92' lang='lat' dir='ltr'><strong>in</strong></span> <span class='ocrx_word' id='word_1_308' title='bbox 1375 1977 1465 2026; x_wconf 83' lang='lat' dir='ltr'><strong>attero</strong></span> <span class='ocrx_word' id='word_1_309' title='bbox 1485 1973 1632 2028; x_wconf 88' lang='lat' dir='ltr'><strong>bonorum.</strong></span> <span class='ocrx_word' id='word_1_310' title='bbox 1650 1973 1704 2032; x_wconf 84' lang='lat' dir='ltr'><strong>Hic</strong></span> 
     </span>
     <span class='ocr_line' id='line_1_33' title="bbox 907 2059 1704 2130; baseline 0.009 -20"><span class='ocrx_word' id='word_1_311' title='bbox 907 2065 1079 2128; x_wconf 90' lang='lat' dir='ltr'><strong>compatrem</strong></span> <span class='ocrx_word' id='word_1_312' title='bbox 1096 2074 1177 2112; x_wconf 79' lang='lat' dir='ltr'><strong>strum</strong></span> <span class='ocrx_word' id='word_1_313' title='bbox 1197 2060 1302 2130; x_wconf 88' lang='lat' dir='ltr'><strong>absque</strong></span> <span class='ocrx_word' id='word_1_314' title='bbox 1317 2059 1394 2113; x_wconf 91' lang='lat' dir='ltr'><strong>emni</strong></span> <span class='ocrx_word' id='word_1_315' title='bbox 1412 2077 1497 2114; x_wconf 90' lang='lat' dir='ltr'><strong>causa</strong></span> <span class='ocrx_word' id='word_1_316' title='bbox 1510 2061 1657 2128; x_wconf 77' lang='lat' dir='ltr'><strong>interfecit,</strong></span> <span class='ocrx_word' id='word_1_317' title='bbox 1676 2069 1704 2117; x_wconf 86' lang='lat' dir='ltr'><strong>et</strong></span> 
     </span>
     <span class='ocr_line' id='line_1_34' title="bbox 907 2133 1702 2217; baseline 0.009 -18"><span class='ocrx_word' id='word_1_318' title='bbox 907 2133 1022 2200; x_wconf 90' lang='lat' dir='ltr'><strong>domum</strong></span> <span class='ocrx_word' id='word_1_319' title='bbox 1039 2147 1100 2217; x_wconf 83' lang='lat' dir='ltr'><strong>ejus</strong></span> <span class='ocrx_word' id='word_1_320' title='bbox 1113 2147 1239 2202; x_wconf 82' lang='lat' dir='ltr'><strong>funditus</strong></span> <span class='ocrx_word' id='word_1_321' title='bbox 1253 2148 1407 2214; x_wconf 76' lang='lat' dir='ltr'><strong>destruxit,</strong></span> <span class='ocrx_word' id='word_1_322' title='bbox 1424 2149 1502 2203; x_wconf 91' lang='lat' dir='ltr'><strong>idem·</strong></span> <span class='ocrx_word' id='word_1_323' title='bbox 1517 2158 1546 2204; x_wconf 90' lang='lat' dir='ltr'><strong>et</strong></span> <span class='ocrx_word' id='word_1_324' title='bbox 1562 2149 1702 2206; x_wconf 90' lang='lat' dir='ltr'><strong>latronum</strong></span> 
     </span>
     <span class='ocr_line' id='line_1_35' title="bbox 908 2223 1704 2310; baseline 0.011 -23"><span class='ocrx_word' id='word_1_325' title='bbox 908 2236 1047 2307; x_wconf 88' lang='lat' dir='ltr'><strong>particeps</strong></span> <span class='ocrx_word' id='word_1_326' title='bbox 1063 2241 1091 2290; x_wconf 87' lang='lat' dir='ltr'><strong>et</strong></span> <span class='ocrx_word' id='word_1_327' title='bbox 1106 2237 1267 2308; x_wconf 73' lang='lat' dir='ltr'><strong>praedonum</strong></span> <span class='ocrx_word' id='word_1_328' title='bbox 1283 2239 1403 2308; x_wconf 85' lang='lat' dir='ltr'><strong>adjutor.</strong></span> <span class='ocrx_word' id='word_1_329' title='bbox 1420 2239 1571 2310; x_wconf 89' lang='lat' dir='ltr'><strong>permulta</strong></span> <span class='ocrx_word' id='word_1_330' title='bbox 1585 2248 1614 2294; x_wconf 89' lang='lat' dir='ltr'><strong>et</strong></span> <span class='ocrx_word' id='word_1_331' title='bbox 1629 2223 1704 2296; x_wconf 77' lang='lat' dir='ltr'><strong>racia</strong></span> 
     </span>
     <span class='ocr_line' id='line_1_36' title="bbox 907 2325 1703 2398; baseline 0.01 -22"><span class='ocrx_word' id='word_1_332' title='bbox 907 2325 1125 2395; x_wconf 70' lang='lat' dir='ltr'><strong>adulteriaque</strong></span> <span class='ocrx_word' id='word_1_333' title='bbox 1139 2327 1319 2398; x_wconf 82' lang='lat' dir='ltr'><strong>perpetrarit,</strong></span> <span class='ocrx_word' id='word_1_334' title='bbox 1336 2329 1376 2380; x_wconf 84' lang='lat' dir='ltr'><strong>rel</strong></span> <span class='ocrx_word' id='word_1_335' title='bbox 1387 2333 1580 2398; x_wconf 80' lang='lat' dir='ltr'><strong>perpetrantes</strong></span> <span class='ocrx_word' id='word_1_336' title='bbox 1596 2335 1703 2386; x_wconf 88' lang='lat' dir='ltr'><strong>tutatus</strong></span> 
     </span>
     <span class='ocr_line' id='line_1_37' title="bbox 907 2413 1719 2474; baseline 0.009 -10"><span class='ocrx_word' id='word_1_337' title='bbox 907 2420 958 2474; x_wconf 84' lang='lat' dir='ltr'><strong>est,</strong></span> <span class='ocrx_word' id='word_1_338' title='bbox 975 2413 1092 2466; x_wconf 82' lang='lat' dir='ltr'><strong>Roaiam</strong></span> <span class='ocrx_word' id='word_1_339' title='bbox 1107 2429 1138 2466; x_wconf 85' lang='lat' dir='ltr'><strong>ex</strong></span> <span class='ocrx_word' id='word_1_340' title='bbox 1156 2413 1313 2468; x_wconf 84' lang='lat' dir='ltr'><strong>liberalccit</strong></span> <span class='ocrx_word' id='word_1_341' title='bbox 1326 2415 1455 2468; x_wconf 88' lang='lat' dir='ltr'><strong>ancillam</strong></span> <span class='ocrx_word' id='word_1_342' title='bbox 1481 2417 1553 2470; x_wconf 79' lang='lat' dir='ltr'><strong>Nam</strong></span> <span class='ocrx_word' id='word_1_343' title='bbox 1568 2417 1596 2470; x_wconf 89' lang='lat' dir='ltr'><strong>in</strong></span> <span class='ocrx_word' id='word_1_344' title='bbox 1609 2419 1719 2473; x_wconf 78' lang='lat' dir='ltr'><strong>Sancti</strong></span> 
     </span>
     <span class='ocr_line' id='line_1_38' title="bbox 908 2501 1703 2576; baseline 0.009 -21"><span class='ocrx_word' id='word_1_345' title='bbox 908 2501 983 2555; x_wconf 88' lang='lat' dir='ltr'><strong>Petri</strong></span> <span class='ocrx_word' id='word_1_346' title='bbox 1005 2507 1088 2571; x_wconf 91' lang='lat' dir='ltr'><strong>ponte</strong></span> <span class='ocrx_word' id='word_1_347' title='bbox 1115 2503 1217 2555; x_wconf 90' lang='lat' dir='ltr'><strong>turrim</strong></span> <span class='ocrx_word' id='word_1_348' title='bbox 1249 2503 1326 2556; x_wconf 77' lang='lat' dir='ltr'><strong>inira</strong></span> <span class='ocrx_word' id='word_1_349' title='bbox 1347 2503 1703 2576; x_wconf 79' lang='lat' dir='ltr'><strong>riragnitudiniscedilicans</strong></span> 
     </span>
     <span class='ocr_line' id='line_1_39' title="bbox 907 2589 1704 2650; baseline 0.009 -7"><span class='ocrx_word' id='word_1_350' title='bbox 907 2597 1190 2644; x_wconf 85' lang='lat' dir='ltr'><strong>ornnestranseuntes</strong></span> <span class='ocrx_word' id='word_1_351' title='bbox 1205 2589 1327 2645; x_wconf 87' lang='lat' dir='ltr'><strong>reddidit</strong></span> <span class='ocrx_word' id='word_1_352' title='bbox 1336 2589 1508 2646; x_wconf 68' lang='lat' dir='ltr'><strong>tributarios,</strong></span> <span class='ocrx_word' id='word_1_353' title='bbox 1523 2591 1604 2648; x_wconf 89' lang='lat' dir='ltr'><strong>Hunc</strong></span> <span class='ocrx_word' id='word_1_354' title='bbox 1618 2597 1704 2650; x_wconf 88' lang='lat' dir='ltr'><strong>talem</strong></span> 
     </span>
     <span class='ocr_line' id='line_1_40' title="bbox 908 2675 1703 2751; baseline 0.01 -21"><span class='ocrx_word' id='word_1_355' title='bbox 908 2685 936 2732; x_wconf 88' lang='lat' dir='ltr'><strong>ct</strong></span> <span class='ocrx_word' id='word_1_356' title='bbox 946 2686 1001 2732; x_wconf 84' lang='lat' dir='ltr'><strong>tara</strong></span> <span class='ocrx_word' id='word_1_357' title='bbox 1016 2675 1177 2749; x_wconf 74' lang='lat' dir='ltr'><strong>pcstihoum</strong></span> <span class='ocrx_word' id='word_1_358' title='bbox 1186 2680 1330 2749; x_wconf 88' lang='lat' dir='ltr'><strong>conjunxit</strong></span> <span class='ocrx_word' id='word_1_359' title='bbox 1339 2679 1390 2734; x_wconf 88' lang='lat' dir='ltr'><strong>sibi</strong></span> <span class='ocrx_word' id='word_1_360' title='bbox 1401 2683 1532 2750; x_wconf 75' lang='lat' dir='ltr'><strong>praelatus</strong></span> <span class='ocrx_word' id='word_1_361' title='bbox 1541 2682 1703 2751; x_wconf 76' lang='lat' dir='ltr'><strong>GuibertuS,</strong></span> 
     </span>
    </p>
   </div>
   <div class='ocr_carea' id='block_1_4' title="bbox 81 2767 1704 3108">
    <p class='ocr_par' dir='ltr' id='par_1_5' title="bbox 81 2767 1704 3108">
     <span class='ocr_line' id='line_1_41' title="bbox 83 2767 1704 2842; baseline -0.001 -16"><span class='ocrx_word' id='word_1_362' title='bbox 83 2779 131 2826; x_wconf 76' lang='lat' dir='ltr'><strong>wm</strong></span> <span class='ocrx_word' id='word_1_363' title='bbox 146 2771 278 2842; x_wconf 64' lang='lat' dir='ltr'><strong>praelatus</strong></span> <span class='ocrx_word' id='word_1_364' title='bbox 304 2771 481 2824; x_wconf 85' lang='lat' dir='ltr'><strong>llecinanuus</strong></span> <span class='ocrx_word' id='word_1_365' title='bbox 496 2767 530 2822; x_wconf 89' lang='lat' dir='ltr'><strong>ab</strong></span> <span class='ocrx_word' id='word_1_366' title='bbox 544 2769 705 2840; x_wconf 88' lang='lat' dir='ltr'><strong>episcopatu</strong></span> <span class='ocrx_word' id='word_1_367' title='bbox 724 2771 867 2842; x_wconf 89' lang='lat' dir='ltr'><strong>depositus</strong></span> <span class='ocrx_word' id='word_1_368' title='bbox 909 2773 937 2820; x_wconf 81' lang='lat' dir='ltr'><strong>el</strong></span> <span class='ocrx_word' id='word_1_369' title='bbox 952 2784 1001 2836; x_wconf 89' lang='lat' dir='ltr'><strong>per</strong></span> <span class='ocrx_word' id='word_1_370' title='bbox 1013 2785 1076 2821; x_wconf 89' lang='lat' dir='ltr'><strong>eum</strong></span> <span class='ocrx_word' id='word_1_371' title='bbox 1088 2785 1117 2822; x_wconf 89' lang='lat' dir='ltr'><strong>se</strong></span> <span class='ocrx_word' id='word_1_372' title='bbox 1132 2769 1252 2821; x_wconf 84' lang='lat' dir='ltr'><strong>armarit</strong></span> <span class='ocrx_word' id='word_1_373' title='bbox 1266 2774 1363 2822; x_wconf 90' lang='lat' dir='ltr'><strong>contra</strong></span> <span class='ocrx_word' id='word_1_374' title='bbox 1378 2776 1516 2823; x_wconf 88' lang='lat' dir='ltr'><strong>sanctam.</strong></span> <span class='ocrx_word' id='word_1_375' title='bbox 1535 2769 1622 2824; x_wconf 83' lang='lat' dir='ltr'><strong>Erant</strong></span> <span class='ocrx_word' id='word_1_376' title='bbox 1636 2790 1704 2842; x_wconf 84' lang='lat' dir='ltr'><strong>prae-</strong></span> 
     </span>
     <span class='ocr_line' id='line_1_42' title="bbox 82 2855 1704 2932; baseline 0.002 -20"><span class='ocrx_word' id='word_1_377' title='bbox 82 2867 124 2924; x_wconf 83' lang='lat' dir='ltr'><strong>est,</strong></span> <span class='ocrx_word' id='word_1_378' title='bbox 139 2861 250 2916; x_wconf 83' lang='lat' dir='ltr'><strong>elalius</strong></span> <span class='ocrx_word' id='word_1_379' title='bbox 264 2861 292 2914; x_wconf 91' lang='lat' dir='ltr'><strong>in</strong></span> <span class='ocrx_word' id='word_1_380' title='bbox 307 2860 367 2912; x_wconf 93' lang='lat' dir='ltr'><strong>loce</strong></span> <span class='ocrx_word' id='word_1_381' title='bbox 381 2859 441 2928; x_wconf 83' lang='lat' dir='ltr'><strong>ejus</strong></span> <span class='ocrx_word' id='word_1_382' title='bbox 456 2865 592 2930; x_wconf 66' lang='lat' dir='ltr'><strong>praecepto</strong></span> <span class='ocrx_word' id='word_1_383' title='bbox 611 2857 716 2913; x_wconf 89' lang='lat' dir='ltr'><strong>damini</strong></span> <span class='ocrx_word' id='word_1_384' title='bbox 732 2877 809 2932; x_wconf 73' lang='lat' dir='ltr'><strong>papae</strong></span> <span class='ocrx_word' id='word_1_385' title='bbox 824 2861 867 2915; x_wconf 90' lang='lat' dir='ltr'><strong>in·</strong></span> <span class='ocrx_word' id='word_1_386' title='bbox 908 2861 987 2910; x_wconf 83' lang='lat' dir='ltr'><strong>terea</strong></span> <span class='ocrx_word' id='word_1_387' title='bbox 998 2855 1094 2910; x_wconf 75' lang='lat' dir='ltr'><strong>aona</strong></span> <span class='ocrx_word' id='word_1_388' title='bbox 1109 2855 1189 2910; x_wconf 84' lang='lat' dir='ltr'><strong>inulti</strong></span> <span class='ocrx_word' id='word_1_389' title='bbox 1201 2855 1513 2928; x_wconf 84' lang='lat' dir='ltr'><strong>pestilentesjustitiam</strong></span> <span class='ocrx_word' id='word_1_390' title='bbox 1523 2859 1659 2920; x_wconf 88' lang='lat' dir='ltr'><strong>odientes,</strong></span> <span class='ocrx_word' id='word_1_391' title='bbox 1672 2867 1704 2915; x_wconf 89' lang='lat' dir='ltr'><strong>ut</strong></span> 
     </span>
     <span class='ocr_line' id='line_1_43' title="bbox 82 2932 1703 3020; baseline 0.002 -19"><span class='ocrx_word' id='word_1_392' title='bbox 82 2949 242 3004; x_wconf 83' lang='lat' dir='ltr'><strong>thronizatus</strong></span> <span class='ocrx_word' id='word_1_393' title='bbox 264 2955 317 3012; x_wconf 83' lang='lat' dir='ltr'><strong>est,</strong></span> <span class='ocrx_word' id='word_1_394' title='bbox 344 2947 391 3018; x_wconf 91' lang='lat' dir='ltr'><strong>qui</strong></span> <span class='ocrx_word' id='word_1_395' title='bbox 409 2932 506 3018; x_wconf 84' lang='lat' dir='ltr'><strong>postea</strong></span> <span class='ocrx_word' id='word_1_396' title='bbox 528 2945 562 3000; x_wconf 92' lang='lat' dir='ltr'><strong>ab</strong></span> <span class='ocrx_word' id='word_1_397' title='bbox 583 2948 680 3002; x_wconf 89' lang='lat' dir='ltr'><strong>eodem</strong></span> <span class='ocrx_word' id='word_1_398' title='bbox 703 2965 772 3020; x_wconf 89' lang='lat' dir='ltr'><strong>papa</strong></span> <span class='ocrx_word' id='word_1_399' title='bbox 789 2951 866 3020; x_wconf 87' lang='lat' dir='ltr'><strong>pallii</strong></span> <span class='ocrx_word' id='word_1_400' title='bbox 908 2943 1157 2999; x_wconf 86' lang='lat' dir='ltr'><strong>concubinatorum</strong></span> <span class='ocrx_word' id='word_1_401' title='bbox 1169 2945 1346 3012; x_wconf 85' lang='lat' dir='ltr'><strong>sacerdotum</strong></span> <span class='ocrx_word' id='word_1_402' title='bbox 1367 2946 1414 2999; x_wconf 81' lang='lat' dir='ltr'><strong>filii</strong></span> <span class='ocrx_word' id='word_1_403' title='bbox 1431 2955 1460 3000; x_wconf 90' lang='lat' dir='ltr'><strong>et</strong></span> <span class='ocrx_word' id='word_1_404' title='bbox 1473 2947 1620 3018; x_wconf 88' lang='lat' dir='ltr'><strong>propinqui</strong></span> <span class='ocrx_word' id='word_1_405' title='bbox 1633 2964 1639 3008; x_wconf 85' lang='grc'>;</span> <span class='ocrx_word' id='word_1_406' title='bbox 1654 2949 1703 3004; x_wconf 89' lang='lat' dir='ltr'><strong>sed</strong></span> 
     </span>
     <span class='ocr_line' id='line_1_44' title="bbox 81 3023 1704 3108; baseline 0.001 -16"><span class='ocrx_word' id='word_1_407' title='bbox 81 3040 204 3108; x_wconf 79' lang='lat' dir='ltr'><strong>dignitate</strong></span> <span class='ocrx_word' id='word_1_408' title='bbox 217 3039 339 3094; x_wconf 87' lang='lat' dir='ltr'><strong>donatus</strong></span> <span class='ocrx_word' id='word_1_409' title='bbox 355 3043 406 3102; x_wconf 89' lang='lat' dir='ltr'><strong>est,</strong></span> <span class='ocrx_word' id='word_1_410' title='bbox 426 3036 500 3106; x_wconf 89' lang='lat' dir='ltr'><strong>quad</strong></span> <span class='ocrx_word' id='word_1_411' title='bbox 515 3042 543 3090; x_wconf 92' lang='lat' dir='ltr'><strong>et</strong></span> <span class='ocrx_word' id='word_1_412' title='bbox 565 3037 661 3092; x_wconf 86' lang='lat' dir='ltr'><strong>itidem</strong></span> <span class='ocrx_word' id='word_1_413' title='bbox 679 3039 713 3092; x_wconf 90' lang='lat' dir='ltr'><strong>dc</strong></span> <span class='ocrx_word' id='word_1_414' title='bbox 728 3041 866 3094; x_wconf 84' lang='lat' dir='ltr'><strong>Constan-</strong></span> <span class='ocrx_word' id='word_1_415' title='bbox 909 3039 937 3088; x_wconf 89' lang='lat' dir='ltr'><strong>et</strong></span> <span class='ocrx_word' id='word_1_416' title='bbox 952 3023 1245 3104; x_wconf 79' lang='lat' dir='ltr'><strong>verierahilispootisex</strong></span> <span class='ocrx_word' id='word_1_417' title='bbox 1261 3035 1289 3088; x_wconf 91' lang='lat' dir='ltr'><strong>in</strong></span> <span class='ocrx_word' id='word_1_418' title='bbox 1300 3029 1436 3106; x_wconf 82' lang='lat' dir='ltr'><strong>principie</strong></span> <span class='ocrx_word' id='word_1_419' title='bbox 1447 3035 1632 3091; x_wconf 89' lang='lat' dir='ltr'><strong>ordinationis</strong></span> <span class='ocrx_word' id='word_1_420' title='bbox 1646 3056 1704 3093; x_wconf 77' lang='lat' dir='ltr'><strong>suae</strong></span> 
     </span>
    </p>
   </div>
   <div class='ocr_carea' id='block_1_5' title="bbox 9 3121 1708 5596">
    <p class='ocr_par' dir='ltr' id='par_1_6' title="bbox 9 3121 1708 5596">
     <span class='ocr_line' id='line_1_45' title="bbox 81 3121 1705 3199; baseline 0.002 -19"><span class='ocrx_word' id='word_1_421' title='bbox 81 3127 152 3180; x_wconf 75' lang='lat' dir='ltr'><strong>densi</strong></span> <span class='ocrx_word' id='word_1_422' title='bbox 164 3127 296 3199; x_wconf 90' lang='lat' dir='ltr'><strong>episcopo</strong></span> <span class='ocrx_word' id='word_1_423' title='bbox 310 3129 412 3180; x_wconf 89' lang='lat' dir='ltr'><strong>lactum</strong></span> <span class='ocrx_word' id='word_1_424' title='bbox 427 3131 478 3180; x_wconf 88' lang='lat' dir='ltr'><strong>est.</strong></span> <span class='ocrx_word' id='word_1_425' title='bbox 908 3121 1039 3177; x_wconf 91' lang='lat' dir='ltr'><strong>omnibus</strong></span> <span class='ocrx_word' id='word_1_426' title='bbox 1055 3123 1186 3176; x_wconf 84' lang='lat' dir='ltr'><strong>ltomanis</strong></span> <span class='ocrx_word' id='word_1_427' title='bbox 1205 3123 1316 3177; x_wconf 86' lang='lat' dir='ltr'><strong>clericis</strong></span> <span class='ocrx_word' id='word_1_428' title='bbox 1341 3123 1418 3178; x_wconf 77' lang='lat' dir='ltr'><strong>dedit</strong></span> <span class='ocrx_word' id='word_1_429' title='bbox 1441 3125 1592 3196; x_wconf 87' lang='lat' dir='ltr'><strong>optionem,</strong></span> <span class='ocrx_word' id='word_1_430' title='bbox 1610 3135 1642 3182; x_wconf 89' lang='lat' dir='ltr'><strong>ut</strong></span> <span class='ocrx_word' id='word_1_431' title='bbox 1656 3135 1705 3182; x_wconf 86' lang='lat' dir='ltr'><strong>aut</strong></span> 
     </span>
     <span class='ocr_line' id='line_1_46' title="bbox 90 3211 1705 3290; baseline 0.001 -20"><span class='ocrx_word' id='word_1_432' title='bbox 90 3215 174 3290; x_wconf 40' lang='lat' dir='ltr'><strong>‚Dum</strong></span> <span class='ocrx_word' id='word_1_433' title='bbox 191 3217 250 3270; x_wconf 81' lang='lat' dir='ltr'><strong>haec</strong></span> <span class='ocrx_word' id='word_1_434' title='bbox 260 3215 299 3269; x_wconf 89' lang='lat' dir='ltr'><strong>ita</strong></span> <span class='ocrx_word' id='word_1_435' title='bbox 311 3221 477 3285; x_wconf 83' lang='lat' dir='ltr'><strong>gererentur</strong></span> <span class='ocrx_word' id='word_1_436' title='bbox 492 3214 716 3270; x_wconf 83' lang='lat' dir='ltr'><strong>Mediolanenses</strong></span> <span class='ocrx_word' id='word_1_437' title='bbox 728 3217 867 3289; x_wconf 86' lang='lat' dir='ltr'><strong>capitanei</strong></span> <span class='ocrx_word' id='word_1_438' title='bbox 908 3212 1040 3271; x_wconf 88' lang='lat' dir='ltr'><strong>canonice</strong></span> <span class='ocrx_word' id='word_1_439' title='bbox 1055 3211 1124 3265; x_wconf 92' lang='lat' dir='ltr'><strong>nihil</strong></span> <span class='ocrx_word' id='word_1_440' title='bbox 1140 3211 1282 3283; x_wconf 90' lang='lat' dir='ltr'><strong>proprium</strong></span> <span class='ocrx_word' id='word_1_441' title='bbox 1301 3211 1473 3284; x_wconf 88' lang='lat' dir='ltr'><strong>possidentes</strong></span> <span class='ocrx_word' id='word_1_442' title='bbox 1490 3215 1642 3270; x_wconf 88' lang='lat' dir='ltr'><strong>secundum</strong></span> <span class='ocrx_word' id='word_1_443' title='bbox 1663 3235 1705 3272; x_wconf 88' lang='lat' dir='ltr'><strong>re·</strong></span> 
     </span>
     <span class='ocr_line' id='line_1_47' title="bbox 81 3290 1704 3378; baseline 0.007 -30"><span class='ocrx_word' id='word_1_444' title='bbox 81 3299 257 3378; x_wconf 51' lang='lat' dir='ltr'><strong>fantasiarum</strong></span> <span class='ocrx_word' id='word_1_445' title='bbox 274 3290 440 3362; x_wconf 71' lang='lat' dir='ltr'><strong>venditores,</strong></span> <span class='ocrx_word' id='word_1_446' title='bbox 453 3302 487 3356; x_wconf 73' lang='lat' dir='ltr'><strong>de</strong></span> <span class='ocrx_word' id='word_1_447' title='bbox 502 3304 601 3374; x_wconf 58' lang='lat' dir='ltr'><strong>quilius</strong></span> <span class='ocrx_word' id='word_1_448' title='bbox 611 3321 697 3376; x_wconf 67' lang='lat' dir='ltr'><strong>supra</strong></span> <span class='ocrx_word' id='word_1_449' title='bbox 708 3306 865 3373; x_wconf 42' lang='lat' dir='ltr'><strong>,eripimus</strong></span> <span class='ocrx_word' id='word_1_450' title='bbox 907 3303 1002 3370; x_wconf 88' lang='lat' dir='ltr'><strong>gulam</strong></span> <span class='ocrx_word' id='word_1_451' title='bbox 1019 3308 1179 3355; x_wconf 87' lang='lat' dir='ltr'><strong>sanctorum</strong></span> <span class='ocrx_word' id='word_1_452' title='bbox 1196 3301 1329 3364; x_wconf 81' lang='lat' dir='ltr'><strong>virerent,</strong></span> <span class='ocrx_word' id='word_1_453' title='bbox 1346 3309 1395 3356; x_wconf 87' lang='lat' dir='ltr'><strong>aut</strong></span> <span class='ocrx_word' id='word_1_454' title='bbox 1410 3302 1516 3356; x_wconf 89' lang='lat' dir='ltr'><strong>relictis</strong></span> <span class='ocrx_word' id='word_1_455' title='bbox 1526 3303 1606 3359; x_wconf 90' lang='lat' dir='ltr'><strong>bonis</strong></span> <span class='ocrx_word' id='word_1_456' title='bbox 1620 3307 1704 3361; x_wconf 90' lang='lat' dir='ltr'><strong>eccle-</strong></span> 
     </span>
     <span class='ocr_line' id='line_1_48' title="bbox 80 3383 1705 3464; baseline 0.006 -22"><span class='ocrx_word' id='word_1_457' title='bbox 80 3393 239 3464; x_wconf 88' lang='lat' dir='ltr'><strong>celloquium</strong></span> <span class='ocrx_word' id='word_1_458' title='bbox 255 3383 317 3446; x_wconf 91' lang='lat' dir='ltr'><strong>cuin</strong></span> <span class='ocrx_word' id='word_1_459' title='bbox 334 3409 399 3464; x_wconf 82' lang='lat' dir='ltr'><strong>rege</strong></span> <span class='ocrx_word' id='word_1_460' title='bbox 418 3392 531 3446; x_wconf 81' lang='lat' dir='ltr'><strong>lhciunt.</strong></span> <span class='ocrx_word' id='word_1_461' title='bbox 553 3393 736 3464; x_wconf 83' lang='lat' dir='ltr'><strong>aularumque</strong></span> <span class='ocrx_word' id='word_1_462' title='bbox 756 3397 817 3464; x_wconf 69' lang='lat' dir='ltr'><strong>eius</strong></span> <span class='ocrx_word' id='word_1_463' title='bbox 830 3396 864 3448; x_wconf 89' lang='lat' dir='ltr'><strong>ad</strong></span> <span class='ocrx_word' id='word_1_464' title='bbox 908 3391 954 3444; x_wconf 66' lang='lat' dir='ltr'><strong>site</strong></span> <span class='ocrx_word' id='word_1_465' title='bbox 978 3389 1094 3444; x_wconf 72' lang='lat' dir='ltr'><strong>seorsim</strong></span> <span class='ocrx_word' id='word_1_466' title='bbox 1118 3389 1194 3445; x_wconf 81' lang='lat' dir='ltr'><strong>domi</strong></span> <span class='ocrx_word' id='word_1_467' title='bbox 1217 3398 1380 3452; x_wconf 63' lang='lat' dir='ltr'><strong>timuerent:</strong></span> <span class='ocrx_word' id='word_1_468' title='bbox 1400 3409 1519 3462; x_wconf 70' lang='lat' dir='ltr'><strong>quorum</strong></span> <span class='ocrx_word' id='word_1_469' title='bbox 1535 3395 1615 3448; x_wconf 81' lang='lat' dir='ltr'><strong>multi</strong></span> <span class='ocrx_word' id='word_1_470' title='bbox 1639 3403 1705 3451; x_wconf 87' lang='lat' dir='ltr'><strong>ante</strong></span> 
     </span>
     <span class='ocr_line' id='line_1_49' title="bbox 81 3475 1704 3553; baseline 0.005 -21"><span class='ocrx_word' id='word_1_471' title='bbox 81 3475 237 3536; x_wconf 82' lang='lat' dir='ltr'><strong>deteriorem</strong></span> <span class='ocrx_word' id='word_1_472' title='bbox 258 3488 367 3552; x_wconf 87' lang='lat' dir='ltr'><strong>partem</strong></span> <span class='ocrx_word' id='word_1_473' title='bbox 383 3482 517 3546; x_wconf 81' lang='lat' dir='ltr'><strong>llectunt3</strong></span> <span class='ocrx_word' id='word_1_474' title='bbox 532 3497 596 3534; x_wconf 90' lang='lat' dir='ltr'><strong>nam</strong></span> <span class='ocrx_word' id='word_1_475' title='bbox 613 3483 637 3534; x_wconf 87' lang='lat' dir='ltr'><strong>ei</strong></span> <span class='ocrx_word' id='word_1_476' title='bbox 656 3484 867 3553; x_wconf 76' lang='lat' dir='ltr'><strong>promittentet</strong></span> <span class='ocrx_word' id='word_1_477' title='bbox 907 3479 1017 3548; x_wconf 82' lang='lat' dir='ltr'><strong>elegere</strong></span> <span class='ocrx_word' id='word_1_478' title='bbox 1033 3477 1132 3548; x_wconf 82' lang='lat' dir='ltr'><strong>privati</strong></span> <span class='ocrx_word' id='word_1_479' title='bbox 1149 3480 1237 3532; x_wconf 79' lang='lat' dir='ltr'><strong>virere</strong></span> <span class='ocrx_word' id='word_1_480' title='bbox 1259 3495 1342 3552; x_wconf 92' lang='lat' dir='ltr'><strong>quam</strong></span> <span class='ocrx_word' id='word_1_481' title='bbox 1363 3497 1447 3534; x_wconf 80' lang='lat' dir='ltr'><strong>suase</strong></span> <span class='ocrx_word' id='word_1_482' title='bbox 1468 3481 1569 3552; x_wconf 87' lang='lat' dir='ltr'><strong>jugum</strong></span> <span class='ocrx_word' id='word_1_483' title='bbox 1593 3483 1704 3540; x_wconf 89' lang='lat' dir='ltr'><strong>Domini</strong></span> 
     </span>
     <span class='ocr_line' id='line_1_50' title="bbox 82 3566 1703 3646; baseline 0.003 -24"><span class='ocrx_word' id='word_1_484' title='bbox 82 3566 217 3646; x_wconf 59' lang='lat' dir='ltr'><strong>Pataream</strong></span> <span class='ocrx_word' id='word_1_485' title='bbox 234 3571 426 3624; x_wconf 87' lang='lat' dir='ltr'><strong>destructuros</strong></span> <span class='ocrx_word' id='word_1_486' title='bbox 441 3577 469 3622; x_wconf 84' lang='lat' dir='ltr'><strong>et</strong></span> <span class='ocrx_word' id='word_1_487' title='bbox 482 3569 694 3624; x_wconf 89' lang='lat' dir='ltr'><strong>llerlinbaldum</strong></span> <span class='ocrx_word' id='word_1_488' title='bbox 715 3573 864 3627; x_wconf 85' lang='lat' dir='ltr'><strong>occisuros.</strong></span> <span class='ocrx_word' id='word_1_489' title='bbox 907 3568 981 3620; x_wconf 64' lang='lat' dir='ltr'><strong>serre</strong></span> <span class='ocrx_word' id='word_1_490' title='bbox 995 3587 1000 3633; x_wconf 82' lang='lat'>3</span> <span class='ocrx_word' id='word_1_491' title='bbox 1018 3567 1064 3638; x_wconf 77' lang='lat' dir='ltr'><strong>qui</strong></span> <span class='ocrx_word' id='word_1_492' title='bbox 1079 3567 1245 3622; x_wconf 69' lang='lat' dir='ltr'><strong>mirabiliter</strong></span> <span class='ocrx_word' id='word_1_493' title='bbox 1260 3585 1337 3640; x_wconf 67' lang='lat' dir='ltr'><strong>papo</strong></span> <span class='ocrx_word' id='word_1_494' title='bbox 1352 3576 1433 3623; x_wconf 73' lang='lat' dir='ltr'><strong>erant</strong></span> <span class='ocrx_word' id='word_1_495' title='bbox 1446 3570 1547 3625; x_wconf 81' lang='lat' dir='ltr'><strong>infensi</strong></span> <span class='ocrx_word' id='word_1_496' title='bbox 1558 3577 1647 3628; x_wconf 83' lang='lat' dir='ltr'><strong>elnon</strong></span> <span class='ocrx_word' id='word_1_497' title='bbox 1658 3591 1703 3628; x_wconf 92' lang='lat' dir='ltr'><strong>so·</strong></span> 
     </span>
     <span class='ocr_line' id='line_1_51' title="bbox 83 3656 1405 3736; baseline -0.001 -25"><span class='ocrx_word' id='word_1_498' title='bbox 83 3659 150 3721; x_wconf 85' lang='lat' dir='ltr'><strong>Quod</strong></span> <span class='ocrx_word' id='word_1_499' title='bbox 166 3677 212 3714; x_wconf 81' lang='lat' dir='ltr'><strong>rex</strong></span> <span class='ocrx_word' id='word_1_500' title='bbox 240 3659 361 3736; x_wconf 84' lang='lat' dir='ltr'><strong>libenter</strong></span> <span class='ocrx_word' id='word_1_501' title='bbox 375 3658 491 3724; x_wconf 79' lang='lat' dir='ltr'><strong>audivit,</strong></span> <span class='ocrx_word' id='word_1_502' title='bbox 507 3665 535 3712; x_wconf 86' lang='lat' dir='ltr'><strong>et</strong></span> <span class='ocrx_word' id='word_1_503' title='bbox 560 3659 715 3714; x_wconf 64' lang='lat' dir='ltr'><strong>voluntarie</strong></span> <span class='ocrx_word' id='word_1_504' title='bbox 731 3661 866 3732; x_wconf 82' lang='lat' dir='ltr'><strong>quidquid</strong></span> <span class='ocrx_word' id='word_1_505' title='bbox 907 3656 965 3712; x_wconf 92' lang='lat' dir='ltr'><strong>lum</strong></span> <span class='ocrx_word' id='word_1_506' title='bbox 982 3656 1010 3714; x_wconf 81' lang='lat' dir='ltr'><strong>ii.</strong></span> <span class='ocrx_word' id='word_1_507' title='bbox 1028 3657 1075 3710; x_wconf 89' lang='lat' dir='ltr'><strong>sed</strong></span> <span class='ocrx_word' id='word_1_508' title='bbox 1092 3663 1231 3712; x_wconf 87' lang='lat' dir='ltr'><strong>eteorum</strong></span> <span class='ocrx_word' id='word_1_509' title='bbox 1245 3657 1405 3730; x_wconf 86' lang='lat' dir='ltr'><strong>propinqui.</strong></span> 
     </span>
     <span class='ocr_line' id='line_1_52' title="bbox 81 3745 1704 3818; baseline 0.006 -20"><span class='ocrx_word' id='word_1_510' title='bbox 81 3745 212 3816; x_wconf 83' lang='lat' dir='ltr'><strong>petierunt</strong></span> <span class='ocrx_word' id='word_1_511' title='bbox 228 3747 367 3818; x_wconf 88' lang='lat' dir='ltr'><strong>promisit.</strong></span> <span class='ocrx_word' id='word_1_512' title='bbox 943 3747 1011 3801; x_wconf 84' lang='lat' dir='ltr'><strong>Erat</strong></span> <span class='ocrx_word' id='word_1_513' title='bbox 1024 3754 1161 3816; x_wconf 55' lang='lat' dir='ltr'><strong>praeterea</strong></span> <span class='ocrx_word' id='word_1_514' title='bbox 1175 3745 1270 3800; x_wconf 72' lang='lat' dir='ltr'><strong>Roma·</strong></span> <span class='ocrx_word' id='word_1_515' title='bbox 1284 3748 1400 3818; x_wconf 81' lang='lat' dir='ltr'><strong>antiqua</strong></span> <span class='ocrx_word' id='word_1_516' title='bbox 1412 3753 1440 3800; x_wconf 92' lang='lat' dir='ltr'><strong>et</strong></span> <span class='ocrx_word' id='word_1_517' title='bbox 1452 3749 1572 3818; x_wconf 90' lang='lat' dir='ltr'><strong>pessima</strong></span> <span class='ocrx_word' id='word_1_518' title='bbox 1586 3767 1704 3808; x_wconf 88' lang='lat' dir='ltr'><strong>consae·</strong></span> 
     </span>
     <span class='ocr_line' id='line_1_53' title="bbox 110 3823 1704 3910; baseline 0.004 -20"><span class='ocrx_word' id='word_1_519' title='bbox 110 3837 216 3890; x_wconf 86' lang='lat' dir='ltr'><strong>Interea</strong></span> <span class='ocrx_word' id='word_1_520' title='bbox 238 3835 404 3890; x_wconf 85' lang='lat' dir='ltr'><strong>venerabilis</strong></span> <span class='ocrx_word' id='word_1_521' title='bbox 419 3835 569 3906; x_wconf 79' lang='lat' dir='ltr'><strong>Gregorius</strong></span> <span class='ocrx_word' id='word_1_522' title='bbox 585 3835 654 3889; x_wconf 88' lang='lat' dir='ltr'><strong>nihil</strong></span> <span class='ocrx_word' id='word_1_523' title='bbox 671 3837 736 3891; x_wconf 76' lang='lat' dir='ltr'><strong>incili</strong></span> <span class='ocrx_word' id='word_1_524' title='bbox 752 3839 786 3892; x_wconf 89' lang='lat' dir='ltr'><strong>de</strong></span> <span class='ocrx_word' id='word_1_525' title='bbox 802 3857 866 3910; x_wconf 87' lang='lat' dir='ltr'><strong>rege</strong></span> <span class='ocrx_word' id='word_1_526' title='bbox 907 3823 986 3892; x_wconf 77' lang='lat' dir='ltr'><strong>tudo,</strong></span> <span class='ocrx_word' id='word_1_527' title='bbox 1006 3851 1089 3903; x_wconf 89' lang='lat' dir='ltr'><strong>quam</strong></span> <span class='ocrx_word' id='word_1_528' title='bbox 1107 3833 1203 3888; x_wconf 86' lang='lat' dir='ltr'><strong>beatus</strong></span> <span class='ocrx_word' id='word_1_529' title='bbox 1220 3851 1291 3906; x_wconf 88' lang='lat' dir='ltr'><strong>papa</strong></span> <span class='ocrx_word' id='word_1_530' title='bbox 1306 3852 1356 3888; x_wconf 89' lang='lat' dir='ltr'><strong>suo</strong></span> <span class='ocrx_word' id='word_1_531' title='bbox 1381 3842 1507 3906; x_wconf 88' lang='lat' dir='ltr'><strong>tempore</strong></span> <span class='ocrx_word' id='word_1_532' title='bbox 1528 3839 1655 3895; x_wconf 87' lang='lat' dir='ltr'><strong>funditus</strong></span> <span class='ocrx_word' id='word_1_533' title='bbox 1669 3841 1704 3896; x_wconf 89' lang='lat' dir='ltr'><strong>ab</strong></span> 
     </span>
     <span class='ocr_line' id='line_1_54' title="bbox 80 3908 1705 3998; baseline 0.004 -20"><span class='ocrx_word' id='word_1_534' title='bbox 80 3925 215 3997; x_wconf 82' lang='lat' dir='ltr'><strong>suspicans</strong></span> <span class='ocrx_word' id='word_1_535' title='bbox 229 3926 370 3998; x_wconf 83' lang='lat' dir='ltr'><strong>synodum</strong></span> <span class='ocrx_word' id='word_1_536' title='bbox 385 3911 573 3995; x_wconf 83' lang='lat' dir='ltr'><strong>congregarit,</strong></span> <span class='ocrx_word' id='word_1_537' title='bbox 589 3925 618 3978; x_wconf 91' lang='lat' dir='ltr'><strong>in</strong></span> <span class='ocrx_word' id='word_1_538' title='bbox 644 3908 699 3996; x_wconf 72' lang='lat' dir='ltr'><strong>oua</strong></span> <span class='ocrx_word' id='word_1_539' title='bbox 714 3927 866 3984; x_wconf 74' lang='lat' dir='ltr'><strong>(lutbertus</strong></span> <span class='ocrx_word' id='word_1_540' title='bbox 908 3923 1130 3978; x_wconf 86' lang='lat' dir='ltr'><strong>eademEeclesia</strong></span> <span class='ocrx_word' id='word_1_541' title='bbox 1140 3923 1386 3995; x_wconf 76' lang='lat' dir='ltr'><strong>exstirpantNam</strong></span> <span class='ocrx_word' id='word_1_542' title='bbox 1397 3924 1425 3977; x_wconf 92' lang='lat' dir='ltr'><strong>in</strong></span> <span class='ocrx_word' id='word_1_543' title='bbox 1435 3924 1705 3997; x_wconf 87' lang='lat' dir='ltr'><strong>boatiapostolorum</strong></span> 
     </span>
     <span class='ocr_line' id='line_1_55' title="bbox 79 4009 1704 4087; baseline 0.006 -21"><span class='ocrx_word' id='word_1_544' title='bbox 79 4011 868 4086; x_wconf 78' lang='lat' dir='ltr'><strong>Raienaasepiscopussedit,etinaumerabilismultitudo</strong></span> <span class='ocrx_word' id='word_1_545' title='bbox 910 4009 1043 4087; x_wconf 62' lang='lat' dir='ltr'><strong>Principis</strong></span> <span class='ocrx_word' id='word_1_546' title='bbox 1069 4011 1184 4064; x_wconf 63' lang='lat' dir='ltr'><strong>esst&#39;lsssslb</strong></span> <span class='ocrx_word' id='word_1_547' title='bbox 1200 4017 1280 4066; x_wconf 63' lang='lat' dir='ltr'><strong>efflui</strong></span> <span class='ocrx_word' id='word_1_548' title='bbox 1302 4011 1446 4082; x_wconf 64' lang='lat' dir='ltr'><strong>sexaginta</strong></span> <span class='ocrx_word' id='word_1_549' title='bbox 1473 4022 1501 4067; x_wconf 73' lang='lat' dir='ltr'><strong>et</strong></span> <span class='ocrx_word' id='word_1_550' title='bbox 1526 4031 1558 4068; x_wconf 69' lang='lat'><strong>⁹0</strong></span> <span class='ocrx_word' id='word_1_551' title='bbox 1583 4015 1704 4087; x_wconf 70' lang='lat' dir='ltr'><strong>amplius</strong></span> 
     </span>
     <span class='ocr_line' id='line_1_56' title="bbox 79 4097 1703 4176; baseline 0.005 -24"><span class='ocrx_word' id='word_1_552' title='bbox 79 4101 265 4172; x_wconf 86' lang='lat' dir='ltr'><strong>episcoporum</strong></span> <span class='ocrx_word' id='word_1_553' title='bbox 287 4119 319 4155; x_wconf 86' lang='lat' dir='ltr'><strong>ex</strong></span> <span class='ocrx_word' id='word_1_554' title='bbox 336 4099 485 4173; x_wconf 84' lang='lat' dir='ltr'><strong>provinciis</strong></span> <span class='ocrx_word' id='word_1_555' title='bbox 506 4099 623 4155; x_wconf 83' lang='lat' dir='ltr'><strong>dirersis</strong></span> <span class='ocrx_word' id='word_1_556' title='bbox 641 4113 821 4176; x_wconf 85' lang='lat' dir='ltr'><strong>congregata,</strong></span> <span class='ocrx_word' id='word_1_557' title='bbox 839 4106 868 4162; x_wconf 88' lang='lat' dir='ltr'><strong>in</strong></span> <span class='ocrx_word' id='word_1_558' title='bbox 910 4099 1092 4154; x_wconf 67' lang='lat' dir='ltr'><strong>mainsionfflii</strong></span> <span class='ocrx_word' id='word_1_559' title='bbox 1108 4097 1170 4153; x_wconf 82' lang='lat' dir='ltr'><strong>laici</strong></span> <span class='ocrx_word' id='word_1_560' title='bbox 1185 4099 1327 4172; x_wconf 81' lang='lat' dir='ltr'><strong>conjugati</strong></span> <span class='ocrx_word' id='word_1_561' title='bbox 1339 4107 1368 4153; x_wconf 92' lang='lat' dir='ltr'><strong>ot</strong></span> <span class='ocrx_word' id='word_1_562' title='bbox 1381 4101 1506 4172; x_wconf 89' lang='lat' dir='ltr'><strong>plerique</strong></span> <span class='ocrx_word' id='word_1_563' title='bbox 1516 4103 1703 4174; x_wconf 89' lang='lat' dir='ltr'><strong>concubinati,</strong></span> 
     </span>
     <span class='ocr_line' id='line_1_57' title="bbox 80 4181 1705 4265; baseline 0.004 -23"><span class='ocrx_word' id='word_1_564' title='bbox 80 4193 197 4258; x_wconf 63' lang='lat' dir='ltr'><strong>{latidum</strong></span> <span class='ocrx_word' id='word_1_565' title='bbox 207 4189 352 4262; x_wconf 83' lang='lat' dir='ltr'><strong>nogotium</strong></span> <span class='ocrx_word' id='word_1_566' title='bbox 363 4181 590 4245; x_wconf 87' lang='lat' dir='ltr'><strong>Placentinorum</strong></span> <span class='ocrx_word' id='word_1_567' title='bbox 602 4189 868 4250; x_wconf 87' lang='lat' dir='ltr'><strong>etCremenensium</strong></span> <span class='ocrx_word' id='word_1_568' title='bbox 910 4189 957 4260; x_wconf 90' lang='lat' dir='ltr'><strong>qui</strong></span> <span class='ocrx_word' id='word_1_569' title='bbox 972 4187 1089 4243; x_wconf 88' lang='lat' dir='ltr'><strong>eandem</strong></span> <span class='ocrx_word' id='word_1_570' title='bbox 1105 4187 1249 4242; x_wconf 86' lang='lat' dir='ltr'><strong>ecclesiam</strong></span> <span class='ocrx_word' id='word_1_571' title='bbox 1265 4205 1315 4259; x_wconf 92' lang='lat' dir='ltr'><strong>per</strong></span> <span class='ocrx_word' id='word_1_572' title='bbox 1328 4187 1400 4242; x_wconf 86' lang='lat' dir='ltr'><strong>vices</strong></span> <span class='ocrx_word' id='word_1_573' title='bbox 1413 4187 1480 4243; x_wconf 84' lang='lat' dir='ltr'><strong>suas</strong></span> <span class='ocrx_word' id='word_1_574' title='bbox 1500 4189 1545 4244; x_wconf 89' lang='lat' dir='ltr'><strong>die</strong></span> <span class='ocrx_word' id='word_1_575' title='bbox 1564 4199 1705 4265; x_wconf 86' lang='lat' dir='ltr'><strong>noctuque</strong></span> 
     </span>
     <span class='ocr_line' id='line_1_58' title="bbox 80 4275 1705 4370; baseline 0.004 -40"><span class='ocrx_word' id='word_1_576' title='bbox 80 4283 248 4344; x_wconf 84' lang='lat' dir='ltr'><strong>tractaretur,</strong></span> <span class='ocrx_word' id='word_1_577' title='bbox 260 4279 389 4350; x_wconf 69' lang='lat' dir='ltr'><strong>praelatus</strong></span> <span class='ocrx_word' id='word_1_578' title='bbox 406 4277 558 4332; x_wconf 88' lang='lat' dir='ltr'><strong>Guibertus</strong></span> <span class='ocrx_word' id='word_1_579' title='bbox 567 4277 769 4336; x_wconf 89' lang='lat' dir='ltr'><strong>Cremonenses</strong></span> <span class='ocrx_word' id='word_1_580' title='bbox 785 4283 867 4338; x_wconf 91' lang='lat' dir='ltr'><strong>mira·</strong></span> <span class='ocrx_word' id='word_1_581' title='bbox 879 4275 1104 4370; x_wconf 68' lang='lat' dir='ltr'><strong>Deuslodiebant</strong></span> <span class='ocrx_word' id='word_1_582' title='bbox 1124 4283 1392 4368; x_wconf 78' lang='lat' dir='ltr'><strong>quorumpotestate</strong></span> <span class='ocrx_word' id='word_1_583' title='bbox 1410 4277 1513 4340; x_wconf 83' lang='lat' dir='ltr'><strong>ornnia,</strong></span> <span class='ocrx_word' id='word_1_584' title='bbox 1531 4279 1631 4350; x_wconf 70' lang='lat' dir='ltr'><strong>praeter</strong></span> <span class='ocrx_word' id='word_1_585' title='bbox 1644 4299 1705 4340; x_wconf 79' lang='lat' dir='ltr'><strong>niri-</strong></span> 
     </span>
     <span class='ocr_line' id='line_1_59' title="bbox 80 4363 1706 4442; baseline 0.007 -26"><span class='ocrx_word' id='word_1_586' title='bbox 80 4363 164 4422; x_wconf 80' lang='lat' dir='ltr'><strong>bilitrr</strong></span> <span class='ocrx_word' id='word_1_587' title='bbox 179 4369 422 4440; x_wconf 78' lang='lat' dir='ltr'><strong>inlamentquem</strong></span> <span class='ocrx_word' id='word_1_588' title='bbox 439 4383 489 4436; x_wconf 92' lang='lat' dir='ltr'><strong>per</strong></span> <span class='ocrx_word' id='word_1_589' title='bbox 504 4365 646 4422; x_wconf 82' lang='lat' dir='ltr'><strong>uodonem</strong></span> <span class='ocrx_word' id='word_1_590' title='bbox 661 4371 866 4442; x_wconf 77' lang='lat' dir='ltr'><strong>egregiroindo-</strong></span> <span class='ocrx_word' id='word_1_591' title='bbox 906 4367 962 4437; x_wconf 66' lang='lat' dir='ltr'><strong>jus·</strong></span> <span class='ocrx_word' id='word_1_592' title='bbox 974 4373 1056 4420; x_wconf 72' lang='lat' dir='ltr'><strong>erant</strong></span> <span class='ocrx_word' id='word_1_593' title='bbox 1069 4364 1179 4428; x_wconf 65' lang='lat' dir='ltr'><strong>alffl&#39;ia,</strong></span> <span class='ocrx_word' id='word_1_594' title='bbox 1196 4383 1257 4437; x_wconf 70' lang='lat' dir='ltr'><strong>quae</strong></span> <span class='ocrx_word' id='word_1_595' title='bbox 1272 4365 1706 4442; x_wconf 68' lang='lat' dir='ltr'><strong>⁰¹&#39;al10ssibusq1101idievende-</strong></span> 
     </span>
     <span class='ocr_line' id='line_1_60' title="bbox 79 4451 1705 4533; baseline 0.006 -27"><span class='ocrx_word' id='word_1_596' title='bbox 79 4453 107 4508; x_wconf 89' lang='lat' dir='ltr'><strong>lis</strong></span> <span class='ocrx_word' id='word_1_597' title='bbox 123 4451 755 4528; x_wconf 80' lang='lat' dir='ltr'><strong>juvenemejusdemCremonae&#39;civemliquido</strong></span> <span class='ocrx_word' id='word_1_598' title='bbox 767 4461 869 4516; x_wconf 81' lang='lat' dir='ltr'><strong>claruit</strong></span> <span class='ocrx_word' id='word_1_599' title='bbox 910 4456 987 4510; x_wconf 88' lang='lat' dir='ltr'><strong>bant.</strong></span> <span class='ocrx_word' id='word_1_600' title='bbox 1009 4455 1042 4533; x_wconf 82' lang='lat' dir='ltr'><strong>lli</strong></span> <span class='ocrx_word' id='word_1_601' title='bbox 1057 4472 1153 4509; x_wconf 83' lang='lat' dir='ltr'><strong>ornnes</strong></span> <span class='ocrx_word' id='word_1_602' title='bbox 1186 4453 1272 4508; x_wconf 88' lang='lat' dir='ltr'><strong>barba</strong></span> <span class='ocrx_word' id='word_1_603' title='bbox 1291 4455 1377 4508; x_wconf 87' lang='lat' dir='ltr'><strong>rasati</strong></span> <span class='ocrx_word' id='word_1_604' title='bbox 1407 4459 1436 4508; x_wconf 91' lang='lat' dir='ltr'><strong>et</strong></span> <span class='ocrx_word' id='word_1_605' title='bbox 1461 4455 1560 4511; x_wconf 85' lang='lat' dir='ltr'><strong>mitras</strong></span> <span class='ocrx_word' id='word_1_606' title='bbox 1576 4457 1705 4532; x_wconf 82' lang='lat' dir='ltr'><strong>incapite</strong></span> 
     </span>
     <span class='ocr_line' id='line_1_61' title="bbox 77 4541 1703 4623; baseline 0.006 -28"><span class='ocrx_word' id='word_1_607' title='bbox 77 4561 130 4599; x_wconf 84' lang='lat' dir='ltr'><strong>esse</strong></span> <span class='ocrx_word' id='word_1_608' title='bbox 141 4547 378 4616; x_wconf 71' lang='lat' dir='ltr'><strong>mentitumNam</strong></span> <span class='ocrx_word' id='word_1_609' title='bbox 394 4546 418 4599; x_wconf 90' lang='lat' dir='ltr'><strong>is</strong></span> <span class='ocrx_word' id='word_1_610' title='bbox 428 4545 457 4598; x_wconf 92' lang='lat' dir='ltr'><strong>in</strong></span> <span class='ocrx_word' id='word_1_611' title='bbox 476 4541 569 4597; x_wconf 90' lang='lat' dir='ltr'><strong>media</strong></span> <span class='ocrx_word' id='word_1_612' title='bbox 580 4545 687 4615; x_wconf 84' lang='lat' dir='ltr'><strong>synodo</strong></span> <span class='ocrx_word' id='word_1_613' title='bbox 704 4555 733 4602; x_wconf 87' lang='lat' dir='ltr'><strong>et</strong></span> <span class='ocrx_word' id='word_1_614' title='bbox 748 4547 867 4604; x_wconf 88' lang='lat' dir='ltr'><strong>Cremo-</strong></span> <span class='ocrx_word' id='word_1_615' title='bbox 908 4549 1064 4623; x_wconf 71' lang='lat' dir='ltr'><strong>portantes,</strong></span> <span class='ocrx_word' id='word_1_616' title='bbox 1078 4544 1236 4598; x_wconf 88' lang='lat' dir='ltr'><strong>sacerdotes</strong></span> <span class='ocrx_word' id='word_1_617' title='bbox 1245 4555 1273 4597; x_wconf 91' lang='lat' dir='ltr'><strong>et</strong></span> <span class='ocrx_word' id='word_1_618' title='bbox 1287 4543 1443 4598; x_wconf 78' lang='lat' dir='ltr'><strong>cardinales</strong></span> <span class='ocrx_word' id='word_1_619' title='bbox 1450 4562 1480 4598; x_wconf 89' lang='lat' dir='ltr'><strong>se</strong></span> <span class='ocrx_word' id='word_1_620' title='bbox 1492 4562 1552 4600; x_wconf 86' lang='lat' dir='ltr'><strong>esse</strong></span> <span class='ocrx_word' id='word_1_621' title='bbox 1564 4546 1703 4618; x_wconf 86' lang='lat' dir='ltr'><strong>dicebant,</strong></span> 
     </span>
     <span class='ocr_line' id='line_1_62' title="bbox 76 4621 1706 4710; baseline 0.004 -24"><span class='ocrx_word' id='word_1_622' title='bbox 76 4649 169 4689; x_wconf 83' lang='lat' dir='ltr'><strong>nenses</strong></span> <span class='ocrx_word' id='word_1_623' title='bbox 185 4621 304 4690; x_wconf 83' lang='lat' dir='ltr'><strong>absolvit</strong></span> <span class='ocrx_word' id='word_1_624' title='bbox 320 4635 355 4688; x_wconf 93' lang='lat' dir='ltr'><strong>ab</strong></span> <span class='ocrx_word' id='word_1_625' title='bbox 379 4633 506 4695; x_wconf 82' lang='lat' dir='ltr'><strong>infamia,</strong></span> <span class='ocrx_word' id='word_1_626' title='bbox 524 4635 553 4685; x_wconf 84' lang='lat' dir='ltr'><strong>et</strong></span> <span class='ocrx_word' id='word_1_627' title='bbox 566 4631 656 4704; x_wconf 91' lang='lat' dir='ltr'><strong>ipsum</strong></span> <span class='ocrx_word' id='word_1_628' title='bbox 673 4636 780 4690; x_wconf 84' lang='lat' dir='ltr'><strong>notarit</strong></span> <span class='ocrx_word' id='word_1_629' title='bbox 794 4635 867 4692; x_wconf 78' lang='lat' dir='ltr'><strong>iala-</strong></span> <span class='ocrx_word' id='word_1_630' title='bbox 908 4631 1002 4702; x_wconf 70' lang='lat' dir='ltr'><strong>sicque</strong></span> <span class='ocrx_word' id='word_1_631' title='bbox 1017 4639 1142 4687; x_wconf 88' lang='lat' dir='ltr'><strong>oratores</strong></span> <span class='ocrx_word' id='word_1_632' title='bbox 1157 4632 1333 4710; x_wconf 85' lang='lat' dir='ltr'><strong>decipiebant</strong></span> <span class='ocrx_word' id='word_1_633' title='bbox 1349 4638 1377 4687; x_wconf 84' lang='lat' dir='ltr'><strong>ct</strong></span> <span class='ocrx_word' id='word_1_634' title='bbox 1391 4634 1530 4706; x_wconf 73' lang='lat' dir='ltr'><strong>praecipue</strong></span> <span class='ocrx_word' id='word_1_635' title='bbox 1546 4636 1706 4710; x_wconf 87' lang='lat' dir='ltr'><strong>Longobar·</strong></span> 
     </span>
     <span class='ocr_line' id='line_1_63' title="bbox 75 4709 1706 4801; baseline 0.004 -30"><span class='ocrx_word' id='word_1_636' title='bbox 75 4719 133 4776; x_wconf 78' lang='lat' dir='ltr'><strong>coia.</strong></span> <span class='ocrx_word' id='word_1_637' title='bbox 150 4725 226 4788; x_wconf 87' lang='lat' dir='ltr'><strong>Quid</strong></span> <span class='ocrx_word' id='word_1_638' title='bbox 243 4717 344 4795; x_wconf 77' lang='lat' dir='ltr'><strong>plural</strong></span> <span class='ocrx_word' id='word_1_639' title='bbox 359 4723 403 4776; x_wconf 88' lang='lat' dir='ltr'><strong>his</strong></span> <span class='ocrx_word' id='word_1_640' title='bbox 417 4729 445 4776; x_wconf 88' lang='lat' dir='ltr'><strong>et</strong></span> <span class='ocrx_word' id='word_1_641' title='bbox 469 4722 532 4782; x_wconf 85' lang='lat' dir='ltr'><strong>aliis</strong></span> <span class='ocrx_word' id='word_1_642' title='bbox 553 4723 672 4793; x_wconf 86' lang='lat' dir='ltr'><strong>negotiis</strong></span> <span class='ocrx_word' id='word_1_643' title='bbox 688 4709 794 4778; x_wconf 81' lang='lat' dir='ltr'><strong>sedatis</strong></span> <span class='ocrx_word' id='word_1_644' title='bbox 815 4725 868 4778; x_wconf 84' lang='lat' dir='ltr'><strong>lle-</strong></span> <span class='ocrx_word' id='word_1_645' title='bbox 909 4723 1009 4776; x_wconf 89' lang='lat' dir='ltr'><strong>derum</strong></span> <span class='ocrx_word' id='word_1_646' title='bbox 1034 4721 1166 4776; x_wconf 87' lang='lat' dir='ltr'><strong>rusticam</strong></span> <span class='ocrx_word' id='word_1_647' title='bbox 1184 4721 1401 4786; x_wconf 90' lang='lat' dir='ltr'><strong>multitudinem,</strong></span> <span class='ocrx_word' id='word_1_648' title='bbox 1428 4723 1542 4801; x_wconf 17' lang='lat' dir='ltr'><strong>quikeos</strong></span> <span class='ocrx_word' id='word_1_649' title='bbox 1561 4725 1706 4784; x_wconf 83' lang='lat' dir='ltr'><strong>credentes</strong></span> 
     </span>
     <span class='ocr_line' id='line_1_64' title="bbox 74 4798 1703 4890; baseline 0.007 -29"><span class='ocrx_word' id='word_1_650' title='bbox 74 4807 235 4867; x_wconf 77' lang='lat' dir='ltr'><strong>lienuscam</strong></span> <span class='ocrx_word' id='word_1_651' title='bbox 247 4807 449 4867; x_wconf 81' lang='lat' dir='ltr'><strong>Northmannis</strong></span> <span class='ocrx_word' id='word_1_652' title='bbox 459 4812 755 4868; x_wconf 81' lang='lat' dir='ltr'><strong>excommunicatoria</strong></span> <span class='ocrx_word' id='word_1_653' title='bbox 771 4813 867 4868; x_wconf 90' lang='lat' dir='ltr'><strong>eodem</strong></span> <span class='ocrx_word' id='word_1_654' title='bbox 910 4811 1078 4890; x_wconf 79' lang='lat' dir='ltr'><strong>sacerdotes,</strong></span> <span class='ocrx_word' id='word_1_655' title='bbox 1106 4827 1136 4865; x_wconf 88' lang='lat' dir='ltr'><strong>se</strong></span> <span class='ocrx_word' id='word_1_656' title='bbox 1161 4803 1257 4864; x_wconf 87' lang='lat' dir='ltr'><strong>eorum</strong></span> <span class='ocrx_word' id='word_1_657' title='bbox 1271 4798 1506 4866; x_wconf 85' lang='lat' dir='ltr'><strong>commendabant</strong></span> <span class='ocrx_word' id='word_1_658' title='bbox 1520 4815 1703 4874; x_wconf 91' lang='lat' dir='ltr'><strong>orationibus.</strong></span> 
     </span>
     <span class='ocr_line' id='line_1_65' title="bbox 72 4891 1706 4974; baseline 0.008 -24"><span class='ocrx_word' id='word_1_659' title='bbox 72 4901 183 4968; x_wconf 63' lang='lat' dir='ltr'><strong>ernado.</strong></span> <span class='ocrx_word' id='word_1_660' title='bbox 202 4902 255 4972; x_wconf 83' lang='lat' dir='ltr'><strong>Cui</strong></span> <span class='ocrx_word' id='word_1_661' title='bbox 270 4901 378 4974; x_wconf 78' lang='lat' dir='ltr'><strong>synmle</strong></span> <span class='ocrx_word' id='word_1_662' title='bbox 393 4901 523 4956; x_wconf 90' lang='lat' dir='ltr'><strong>interluit</strong></span> <span class='ocrx_word' id='word_1_663' title='bbox 537 4900 771 4957; x_wconf 88' lang='lat' dir='ltr'><strong>excellentissima</strong></span> <span class='ocrx_word' id='word_1_664' title='bbox 785 4901 869 4956; x_wconf 90' lang='lat' dir='ltr'><strong>comi·</strong></span> <span class='ocrx_word' id='word_1_665' title='bbox 911 4899 946 4954; x_wconf 93' lang='lat' dir='ltr'><strong>lli</strong></span> <span class='ocrx_word' id='word_1_666' title='bbox 962 4899 1140 4970; x_wconf 76' lang='lat' dir='ltr'><strong>intempeste</strong></span> <span class='ocrx_word' id='word_1_667' title='bbox 1155 4899 1243 4953; x_wconf 89' lang='lat' dir='ltr'><strong>noctis</strong></span> <span class='ocrx_word' id='word_1_668' title='bbox 1266 4899 1381 4954; x_wconf 89' lang='lat' dir='ltr'><strong>silentio</strong></span> <span class='ocrx_word' id='word_1_669' title='bbox 1402 4903 1537 4958; x_wconf 80' lang='lat' dir='ltr'><strong>custodiae</strong></span> <span class='ocrx_word' id='word_1_670' title='bbox 1560 4891 1706 4963; x_wconf 83' lang='lat' dir='ltr'><strong>occasione</strong></span> 
     </span>
     <span class='ocr_line' id='line_1_66' title="bbox 73 4976 1707 5068; baseline 0.007 -30"><span class='ocrx_word' id='word_1_671' title='bbox 73 4987 132 5040; x_wconf 75' lang='lat' dir='ltr'><strong>resa</strong></span> <span class='ocrx_word' id='word_1_672' title='bbox 148 4989 186 5044; x_wconf 82' lang='lat' dir='ltr'><strong>il.</strong></span> <span class='ocrx_word' id='word_1_673' title='bbox 206 4987 373 5060; x_wconf 71' lang='lat' dir='ltr'><strong>[lirithildisl</strong></span> <span class='ocrx_word' id='word_1_674' title='bbox 388 4976 415 5043; x_wconf 80' lang='lat' dir='ltr'><strong>et</strong></span> <span class='ocrx_word' id='word_1_675' title='bbox 426 4991 482 5044; x_wconf 82' lang='lat' dir='ltr'><strong>Azo</strong></span> <span class='ocrx_word' id='word_1_676' title='bbox 496 4991 669 5057; x_wconf 87' lang='lat' dir='ltr'><strong>ma1·chio,et</strong></span> <span class='ocrx_word' id='word_1_677' title='bbox 683 4989 806 5044; x_wconf 84' lang='lat' dir='ltr'><strong>Gisullus</strong></span> <span class='ocrx_word' id='word_1_678' title='bbox 822 4991 870 5044; x_wconf 84' lang='lat' dir='ltr'><strong>Sa·</strong></span> <span class='ocrx_word' id='word_1_679' title='bbox 910 4989 988 5044; x_wconf 83' lang='lat' dir='ltr'><strong>varia</strong></span> <span class='ocrx_word' id='word_1_680' title='bbox 1011 4989 1158 5044; x_wconf 84' lang='lat' dir='ltr'><strong>latrocinia</strong></span> <span class='ocrx_word' id='word_1_681' title='bbox 1172 4995 1201 5043; x_wconf 90' lang='lat' dir='ltr'><strong>et</strong></span> <span class='ocrx_word' id='word_1_682' title='bbox 1218 4989 1311 5060; x_wconf 89' lang='lat' dir='ltr'><strong>turpia</strong></span> <span class='ocrx_word' id='word_1_683' title='bbox 1328 4994 1427 5068; x_wconf 84' lang='lat' dir='ltr'><strong>stupra</strong></span> <span class='ocrx_word' id='word_1_684' title='bbox 1441 4991 1616 5049; x_wconf 87' lang='lat' dir='ltr'><strong>exercebant.</strong></span> <span class='ocrx_word' id='word_1_685' title='bbox 1632 4995 1707 5058; x_wconf 85' lang='lat' dir='ltr'><strong>Quos</strong></span> 
     </span>
     <span class='ocr_line' id='line_1_67' title="bbox 73 5063 1706 5152; baseline 0.005 -23"><span class='ocrx_word' id='word_1_686' title='bbox 73 5077 234 5134; x_wconf 86' lang='lat' dir='ltr'><strong>lernctanus</strong></span> <span class='ocrx_word' id='word_1_687' title='bbox 250 5072 388 5150; x_wconf 81' lang='lat' dir='ltr'><strong>princeps.</strong></span> <span class='ocrx_word' id='word_1_688' title='bbox 406 5079 529 5134; x_wconf 87' lang='lat' dir='ltr'><strong>Concilio</strong></span> <span class='ocrx_word' id='word_1_689' title='bbox 544 5063 631 5152; x_wconf 78' lang='lat' dir='ltr'><strong>igitur</strong></span> <span class='ocrx_word' id='word_1_690' title='bbox 657 5077 710 5132; x_wconf 89' lang='lat' dir='ltr'><strong>rite</strong></span> <span class='ocrx_word' id='word_1_691' title='bbox 730 5079 868 5134; x_wconf 89' lang='lat' dir='ltr'><strong>celebrate</strong></span> <span class='ocrx_word' id='word_1_692' title='bbox 909 5077 1009 5132; x_wconf 90' lang='lat' dir='ltr'><strong>beatus</strong></span> <span class='ocrx_word' id='word_1_693' title='bbox 1025 5095 1095 5149; x_wconf 86' lang='lat' dir='ltr'><strong>papa</strong></span> <span class='ocrx_word' id='word_1_694' title='bbox 1106 5094 1168 5132; x_wconf 83' lang='lat' dir='ltr'><strong>cunr</strong></span> <span class='ocrx_word' id='word_1_695' title='bbox 1180 5077 1499 5147; x_wconf 84' lang='lat' dir='ltr'><strong>magnadishcultateab</strong></span> <span class='ocrx_word' id='word_1_696' title='bbox 1510 5081 1625 5136; x_wconf 87' lang='lat' dir='ltr'><strong>ecclesia</strong></span> <span class='ocrx_word' id='word_1_697' title='bbox 1637 5099 1706 5152; x_wconf 88' lang='lat' dir='ltr'><strong>apo·</strong></span> 
     </span>
     <span class='ocr_line' id='line_1_68' title="bbox 72 5157 1707 5240; baseline 0.004 -21"><span class='ocrx_word' id='word_1_698' title='bbox 72 5183 127 5221; x_wconf 90' lang='lat' dir='ltr'><strong>cum</strong></span> <span class='ocrx_word' id='word_1_699' title='bbox 144 5167 270 5240; x_wconf 89' lang='lat' dir='ltr'><strong>episcopi</strong></span> <span class='ocrx_word' id='word_1_700' title='bbox 287 5167 321 5220; x_wconf 88' lang='lat' dir='ltr'><strong>ad</strong></span> <span class='ocrx_word' id='word_1_701' title='bbox 334 5166 448 5239; x_wconf 89' lang='lat' dir='ltr'><strong>propria</strong></span> <span class='ocrx_word' id='word_1_702' title='bbox 461 5157 631 5235; x_wconf 86' lang='lat' dir='ltr'><strong>remearent,</strong></span> <span class='ocrx_word' id='word_1_703' title='bbox 646 5165 868 5222; x_wconf 90' lang='lat' dir='ltr'><strong>Guibertuscum</strong></span> <span class='ocrx_word' id='word_1_704' title='bbox 910 5167 1045 5221; x_wconf 79' lang='lat' dir='ltr'><strong>stolorum</strong></span> <span class='ocrx_word' id='word_1_705' title='bbox 1061 5165 1193 5237; x_wconf 87' lang='lat' dir='ltr'><strong>principis</strong></span> <span class='ocrx_word' id='word_1_706' title='bbox 1208 5167 1325 5238; x_wconf 85' lang='lat' dir='ltr'><strong>expulit,</strong></span> <span class='ocrx_word' id='word_1_707' title='bbox 1342 5172 1370 5221; x_wconf 89' lang='lat' dir='ltr'><strong>et</strong></span> <span class='ocrx_word' id='word_1_708' title='bbox 1385 5185 1445 5220; x_wconf 88' lang='lat' dir='ltr'><strong>eam</strong></span> <span class='ocrx_word' id='word_1_709' title='bbox 1462 5167 1598 5238; x_wconf 83' lang='lat' dir='ltr'><strong>religiosis</strong></span> <span class='ocrx_word' id='word_1_710' title='bbox 1617 5161 1707 5226; x_wconf 84' lang='lat' dir='ltr'><strong>sacer·</strong></span> 
     </span>
     <span class='ocr_line' id='line_1_69' title="bbox 72 5255 1705 5338; baseline 0.002 -28"><span class='ocrx_word' id='word_1_711' title='bbox 72 5257 201 5326; x_wconf 79' lang='lat' dir='ltr'><strong>pernitiae</strong></span> <span class='ocrx_word' id='word_1_712' title='bbox 218 5257 312 5310; x_wconf 78' lang='lat' dir='ltr'><strong>lionae</strong></span> <span class='ocrx_word' id='word_1_713' title='bbox 329 5256 474 5311; x_wconf 83' lang='lat' dir='ltr'><strong>cernensit.</strong></span> <span class='ocrx_word' id='word_1_714' title='bbox 909 5255 1021 5310; x_wconf 90' lang='lat' dir='ltr'><strong>dotibus</strong></span> <span class='ocrx_word' id='word_1_715' title='bbox 1036 5255 1175 5309; x_wconf 84' lang='lat' dir='ltr'><strong>commisit</strong></span> <span class='ocrx_word' id='word_1_716' title='bbox 1187 5255 1398 5309; x_wconf 88' lang='lat' dir='ltr'><strong>custodiendam</strong></span> <span class='ocrx_word' id='word_1_717' title='bbox 1423 5255 1479 5309; x_wconf 87' lang='lat' dir='ltr'><strong>llos</strong></span> <span class='ocrx_word' id='word_1_718' title='bbox 1490 5257 1565 5338; x_wconf 44' lang='lat' dir='ltr'><strong>tales·</strong></span> <span class='ocrx_word' id='word_1_719' title='bbox 1572 5259 1705 5337; x_wconf 80' lang='lat' dir='ltr'><strong>praelatus</strong></span> 
     </span>
     <span class='ocr_line' id='line_1_70' title="bbox 105 5335 1707 5418; baseline 0.004 -20"><span class='ocrx_word' id='word_1_720' title='bbox 105 5347 242 5417; x_wconf 83' lang='lat' dir='ltr'><strong>llicpapae</strong></span> <span class='ocrx_word' id='word_1_721' title='bbox 253 5344 472 5418; x_wconf 83' lang='lat' dir='ltr'><strong>promittebetse</strong></span> <span class='ocrx_word' id='word_1_722' title='bbox 483 5352 580 5400; x_wconf 90' lang='lat' dir='ltr'><strong>centra</strong></span> <span class='ocrx_word' id='word_1_723' title='bbox 591 5343 799 5400; x_wconf 85' lang='lat' dir='ltr'><strong>Nerthmannos</strong></span> <span class='ocrx_word' id='word_1_724' title='bbox 811 5357 868 5398; x_wconf 86' lang='lat' dir='ltr'><strong>ma·</strong></span> <span class='ocrx_word' id='word_1_725' title='bbox 909 5345 1061 5400; x_wconf 86' lang='lat' dir='ltr'><strong>Guibertus</strong></span> <span class='ocrx_word' id='word_1_726' title='bbox 1077 5344 1128 5400; x_wconf 90' lang='lat' dir='ltr'><strong>sibi</strong></span> <span class='ocrx_word' id='word_1_727' title='bbox 1143 5341 1207 5397; x_wconf 88' lang='lat' dir='ltr'><strong>l&#39;ecit</strong></span> <span class='ocrx_word' id='word_1_728' title='bbox 1221 5336 1343 5410; x_wconf 66' lang='lat' dir='ltr'><strong>amices,</strong></span> <span class='ocrx_word' id='word_1_729' title='bbox 1352 5337 1518 5398; x_wconf 75' lang='lat' dir='ltr'><strong>uenerabilis</strong></span> <span class='ocrx_word' id='word_1_730' title='bbox 1532 5335 1626 5402; x_wconf 85' lang='lat' dir='ltr'><strong>autem</strong></span> <span class='ocrx_word' id='word_1_731' title='bbox 1640 5349 1707 5404; x_wconf 88' lang='lat' dir='ltr'><strong>Gre-</strong></span> 
     </span>
     <span class='ocr_line' id='line_1_71' title="bbox 73 5421 1707 5516; baseline 0.002 -30"><span class='ocrx_word' id='word_1_732' title='bbox 73 5451 151 5501; x_wconf 81' lang='lat' dir='ltr'><strong>gnam</strong></span> <span class='ocrx_word' id='word_1_733' title='bbox 163 5435 370 5505; x_wconf 75' lang='lat' dir='ltr'><strong>expeditionem</strong></span> <span class='ocrx_word' id='word_1_734' title='bbox 380 5434 519 5489; x_wconf 79' lang='lat' dir='ltr'><strong>iacturum</strong></span> <span class='ocrx_word' id='word_1_735' title='bbox 533 5441 561 5489; x_wconf 88' lang='lat' dir='ltr'><strong>et</strong></span> <span class='ocrx_word' id='word_1_736' title='bbox 571 5443 670 5490; x_wconf 85' lang='lat' dir='ltr'><strong>contra</strong></span> <span class='ocrx_word' id='word_1_737' title='bbox 678 5433 782 5489; x_wconf 86' lang='lat' dir='ltr'><strong>Balnea</strong></span> <span class='ocrx_word' id='word_1_738' title='bbox 794 5433 867 5505; x_wconf 88' lang='lat' dir='ltr'><strong>regis</strong></span> <span class='ocrx_word' id='word_1_739' title='bbox 908 5439 1005 5504; x_wconf 87' lang='lat' dir='ltr'><strong>gorius</strong></span> <span class='ocrx_word' id='word_1_740' title='bbox 1027 5431 1172 5487; x_wconf 87' lang='lat' dir='ltr'><strong>ecclesiam</strong></span> <span class='ocrx_word' id='word_1_741' title='bbox 1188 5431 1216 5486; x_wconf 85' lang='lat' dir='ltr'><strong>S.</strong></span> <span class='ocrx_word' id='word_1_742' title='bbox 1234 5429 1310 5486; x_wconf 90' lang='lat' dir='ltr'><strong>Petri</strong></span> <span class='ocrx_word' id='word_1_743' title='bbox 1332 5429 1416 5502; x_wconf 85' lang='lat' dir='ltr'><strong>jussit</strong></span> <span class='ocrx_word' id='word_1_744' title='bbox 1441 5433 1599 5516; x_wconf 83' lang='lat' dir='ltr'><strong>oratoribus</strong></span> <span class='ocrx_word' id='word_1_745' title='bbox 1613 5421 1707 5493; x_wconf 84' lang='lat' dir='ltr'><strong>claudi</strong></span> 
     </span>
     <span class='ocr_line' id='line_1_72' title="bbox 9 5511 1708 5596; baseline 0.003 -20"><span class='ocrx_word' id='word_1_746' title='bbox 9 5568 14 5577; x_wconf 96' lang='lat'>.</span> <span class='ocrx_word' id='word_1_747' title='bbox 74 5523 180 5578; x_wconf 86' lang='lat' dir='ltr'><strong>comitis</strong></span> <span class='ocrx_word' id='word_1_748' title='bbox 190 5539 221 5578; x_wconf 82' lang='lat' dir='ltr'><strong>se</strong></span> <span class='ocrx_word' id='word_1_749' title='bbox 235 5521 299 5594; x_wconf 84' lang='lat' dir='ltr'><strong>pest</strong></span> <span class='ocrx_word' id='word_1_750' title='bbox 311 5525 488 5596; x_wconf 73' lang='lat' dir='ltr'><strong>passiacum</strong></span> <span class='ocrx_word' id='word_1_751' title='bbox 503 5513 600 5579; x_wconf 82' lang='lat' dir='ltr'><strong>eodem</strong></span> <span class='ocrx_word' id='word_1_752' title='bbox 617 5529 690 5596; x_wconf 77' lang='lat' dir='ltr'><strong>papa</strong></span> <span class='ocrx_word' id='word_1_753' title='bbox 704 5531 797 5580; x_wconf 72' lang='lat' dir='ltr'><strong>caena</strong></span> <span class='ocrx_word' id='word_1_754' title='bbox 811 5514 868 5579; x_wconf 85' lang='lat' dir='ltr'><strong>nie-</strong></span> <span class='ocrx_word' id='word_1_755' title='bbox 890 5526 892 5534; x_wconf 89' lang='lat'>&#39;</span> <span class='ocrx_word' id='word_1_756' title='bbox 909 5511 1488 5594; x_wconf 67' lang='lat' dir='ltr'><strong>usqueadanipusneocaesariam-ante</strong></span> <span class='ocrx_word' id='word_1_757' title='bbox 1497 5511 1708 5594; x_wconf 73' lang='lat' dir='ltr'><strong>pervigiliarum</strong></span> 
     </span>
    </p>
   </div>
   <div class='ocr_carea' id='block_1_6' title="bbox 0 0 1954 6165">
    <p class='ocr_par' dir='ltr' id='par_1_7' title="bbox 0 0 1954 6165">
     <span class='ocr_line' id='line_1_73' title="bbox 0 0 1954 6165; baseline 0 0"><span class='ocrx_word' id='word_1_758' title='bbox 0 0 1954 6165; x_wconf 95' lang='lat' dir='ltr'><strong> </strong></span> 
     </span>
    </p>
   </div>
  </div>
 </body>
</html>
