3872 6162
225 217 307 293 maa
744 229 773 284 s.
794 228 992 286 sumuntur
1010 231 1162 288 maaria
1181 232 1351 289 ursanus.
1770 237 1826 298 toto

222 377 291 418 mur
309 360 427 431 prande
451 361 564 413 ahmiu.
580 355 776 428 Respondetur
786 359 882 410 tamen
891 354 1052 417 Amenabll
1062 354 1272 415 debeantfinita
1284 359 1403 415 lectione
1417 374 1531 414 rursum
1545 359 1604 431 ipse
1617 363 1827 434 notatur,·usque

222 449 362 506 omnibus.
373 447 450 512 Quos
465 445 568 500 iterum
586 444 758 499 confidentes
771 443 850 515 prior
860 444 1018 514 compellat,
1059 447 1126 501 dum
1133 449 1446 504 surrexerintaddloria
1455 451 1535 503 Patri
1542 450 1826 520 responsoriicantanti.

220 541 352 604 suadens,
368 543 399 592 ut
414 536 449 590 de
460 533 611 609 prasentia
620 533 721 589 divinae
727 532 826 604 gratia
840 547 1018 604 nequaquam
1059 535 1137 590 'l'unc
1154 537 1265 592 rediens
1281 543 1346 592 ante
1366 537 1461 592 sedem
1480 553 1561 592 suam
1575 538 1642 592 facit
1654 543 1715 593 ante
1724 545 1750 593 et
1761 545 1826 594 retro

219 629 357 686 dubitent.
368 625 506 698 Loquitur
519 623 606 680 etiam
617 623 753 678 nonnulla
766 626 890 676 causaeet
898 621 1019 693 tempori
1059 625 1167 681 sicutet
1176 626 1264 697 prius.
1276 628 1308 682 ln
1320 626 1411 682 tribus
1425 631 1520 682 autem
1535 631 1600 682 ante
1609 627 1712 682 Pascha
1720 628 1829 684 noctibus

219 723 416 776 consentanea
1053 713 1094 768 ad
1117 721 1227 770 sextum
1254 715 1463 787 responsorium
1476 719 1505 770 et
1520 715 1555 770 ad
1580 732 1680 771 nonam
1700 717 1829 771 lectionem

253 809 265 834 '
280 808 358 864 Inter
367 805 426 860 hac
434 804 492 859 sive
500 803 560 874 ipse
568 801 657 874 prior,
670 799 727 855 sive
738 799 811 854 alius
823 798 926 866 senior,
935 799 1017 870 cujus
1058 808 1181 858 notatur.
1199 805 1269 874 (uo.)
1280 805 1309 860 Si
1324 805 1436 876 quando
1452 805 1494 858 vel
1508 806 1601 860 omnia
1611 804 1653 860 rel
1667 806 1782 877 quadam
1795 824 1830 862 re

217 896 340 952 animam
349 895 435 949 timor
446 891 558 948 Domini
564 889 714 962 possideat,
723 893 855 944 monetur
868 891 1017 958 etrogatur
1057 895 1204 964 sponsoris
1218 898 1370 948 cantantur
1392 893 1429 948 ad
1442 893 1557 964 gradus,
1575 894 1649 966 quod
1669 895 1725 966 ipse
1739 901 1827 950 cantat.

217 1003 235 1040 a
250 984 359 1041 catenis
373 979 536 1052 maj0ribus,
552 984 585 1034 ut
604 977 712 1050 primus
727 977 818 1032 edicat
835 976 903 1046 quid
921 976 956 1031 de
969 993 1016 1046 ge·
1057 985 1152 1036 cantat
1174 982 1204 1037 in
1230 999 1282 1038 sua
1305 983 1371 1038 sede
1385 999 1449 1038 cum
1463 981 1675 1038 concentoribus
1688 983 1750 1050 suis,
1761 985 1829 1054 juxta

215 1077 303 1132 reuda
319 1073 455 1130 electione
470 1070 582 1126 sentiat.
601 1069 630 1124 Si
640 1068 674 1123 de
688 1083 721 1121 eo
735 1083 818 1138 quem
828 1066 952 1139 primum
967 1081 1015 1120 no·
1056 1085 1132 1138 euni,
1149 1071 1172 1125 si
1191 1072 1253 1126 fieri
1266 1073 1416 1143 potest,sin
1427 1077 1532 1138 autem,
1542 1077 1618 1127 retro
1630 1072 1828 1136 stantibusQuo

215 1164 376 1229 minaverit,
396 1177 461 1233 pars
476 1158 571 1230 aliqua
595 1157 714 1212 fratrum
737 1154 910 1220 dissenserit,
926 1155 955 1210 iu
968 1171 1014 1209 se·
1054 1174 1119 1214 cum
1129 1159 1270 1215 illislmito
1279 1162 1314 1215 de
1324 1161 1389 1216 sede
1397 1161 1541 1234 paululum
1549 1159 1765 1232 procedensfacit
1774 1166 1827 1216 ante

216 1258 351 1327 quantem
365 1250 409 1306 vel
423 1249 448 1304 si
463 1263 641 1322 opus,usquo
657 1247 687 1300 in
704 1245 820 1300 tertium
831 1243 906 1298 diem
920 1243 1014 1299 differ·
1054 1253 1084 1302 et
1096 1253 1182 1303 retro.
1199 1250 1293 1304 Sedet
1306 1254 1405 1305 cantor
1418 1251 1497 1322 prius
1511 1249 1546 1304 ad
1561 1250 1828 1322 cumvenit,proaun·

214 1349 272 1409 tur,
288 1339 439 1396 etinterim
450 1337 576 1409 jejuniis,
591 1333 773 1401 orationibus,
784 1338 813 1389 ct
826 1333 1012 1405 eleemosynis
1053 1336 1137 1405 tiens,
1148 1338 1172 1392 si
1184 1355 1245 1410 quae
1257 1340 1414 1410 antiphona
1423 1343 1466 1393 est
1479 1338 1514 1392 ab
1535 1338 1596 1409 ipso
1611 1339 1781 1410 imponenda,
1790 1341 1825 1394 rel

215 1430 368 1486 instantius
386 1427 537 1500 superbos
565 1425 617 1480 Dei
640 1423 834 1479 misericordia
853 1421 1008 1479 invocatur.
1052 1426 1262 1496 responsorium
1272 1428 1467 1483 cantandum*
1478 1427 1559 1492 Quod
1572 1427 1597 1481 si
1612 1427 1671 1499 ipsc
1680 1433 1784 1482 cantme
1793 1429 1827 1481 vel

212 1519 338 1576 Tandem
365 1533 431 1573 xero
463 1513 617 1571 secundum
647 1513 774 1584 regulam
807 1512 835 1566 S.
866 1511 1010 1566 Benedicti
1051 1514 1233 1585 antiphonam
1248 1516 1393 1590 imponere
1407 1515 1539 1582 noluerit,
1560 1516 1603 1571 rel
1624 1516 1707 1571 etiam
1723 1533 1828 1587 presens

214 1609 284 1681 (cap.
309 1606 353 1671 st)
370 1606 458 1662 electo
473 1603 584 1670 abbate,
611 1603 640 1656 in
658 1602 721 1673 ipso
744 1601 868 1672 capitulo
889 1600 1010 1671 imponit
1049 1618 1107 1657 non
1120 1603 1298 1671 fuerit,idem
1312 1610 1410 1660 cantor
1421 1605 1506 1659 vicem
1517 1606 1578 1676 ejus
1592 1605 1622 1658 in
1637 1605 1688 1661 hoc
1701 1605 1763 1676 agit.
1775 1605 1827 1676 lpse

211 1699 289 1771 prior
304 1696 498 1768 antiphonam.
518 1695 659 1760 Confirmat
683 1692 740 1753 boc,
766 1693 847 1746 lleus.
870 1690 1135 1773 CantaturBetiam
1154 1709 1239 1748 causa
1252 1694 1385 1748 monendi
1400 1695 1435 1748 ad
1450 1710 1515 1748 eum
1529 1693 1646 1761 accedit,
1663 1694 1686 1749 si
1699 1693 1733 1748 ad
1749 1695 1827 1748 lectio

210 1786 336 1859 psalmus
352 1803 358 1839 :
374 1785 513 1852 desumat
529 1784 607 1848 Deus,
624 1779 758 1835 tonaliter
770 1784 799 1834 et
807 1779 849 1834 sic
859 1778 1007 1834 deducitur
1049 1795 1114 1834 nem
1129 1797 1194 1836 eum
1208 1799 1265 1837 non
1280 1783 1375 1837 venire
1387 1784 1569 1856 perspexerit.

209 1875 239 1930 in
253 1873 410 1930 ecclesiam.
418 1871 460 1928 lbi
468 1873 544 1943 jacet
554 1875 712 1943 prostratus
727 1869 762 1923 ad
773 1869 903 1939 gradum,
918 1869 1007 1924 donec
1082 1869 1125 1924 Ad
1135 1871 1299 1941 ejuscuram
1310 1872 1423 1946 proprie
1435 1871 1549 1944 respicit
1558 1873 1742 1944 hymnum,Tc
1752 1875 1824 1928 llam

208 1964 324 2019 finiatur
336 1962 463 2034 psalmus
477 1964 505 2014 et
518 1959 682 2030 antiphona,
697 1974 761 2013 curn
776 1957 904 2012 oratione
913 1956 1008 2012 Domi·
1049 1959 1208 2026 madernas,
1216 1967 1266 2016 aut
1276 1977 1326 2032 per
1336 1978 1365 2017 se
1376 1961 1498 2033 incipere
1507 1966 1557 2016 aut
1566 1962 1616 2016 alii
1624 1963 1705 2033 juxta
1716 1979 1744 2018 se
1753 1961 1825 2016 stanti

207 2051 414 2122 nica,dict0que
424 2063 506 2103 versu
512 2049 545 2102 lit
559 2051 651 2102 veniat
661 2061 744 2115 super
754 2061 811 2108 nos,
828 2061 893 2100 cum
903 2045 1005 2100 oratio·
1047 2045 1077 2101 id
1091 2047 1249 2120 injungere.
1269 2047 1348 2120 (uu.)
1360 2048 1442 2114 Quod
1456 2050 1481 2104 si
1503 2050 1668 2122 neglexerit,
1684 2055 1748 2106 tunc
1760 2051 1824 2122 prior

207 2143 370 2197 uacationes
378 2134 842 2206 nostraaetc.,surgitptatuiturin
853 2134 1006 2189 locumDo·
1045 2135 1154 2208 incipit.
1171 2137 1213 2192 Ad
1232 2153 1297 2192 eum
1313 2154 1424 2210 quoque
1439 2139 1572 2211 pertinet,
1587 2144 1620 2194 ιιι
1633 2141 1708 2212 legat
1721 2156 1825 2210 evange-

205 2225 686 2298 miniabbatis,imponiturhymnus
696 2225 821 2278 Telleum
832 2223 1001 2290 acuminat,
1043 2221 1123 2292 lium,
1141 2225 1250 2297 quoties
1261 2231 1324 2297 post
1342 2232 1493 2282 nocturnos
1503 2233 1547 2282 est
1561 2228 1743 2300 legendum*
1758 2233 1783 2282 et
1800 2233 1824 2281 ut

205 2325 235 2376 et
241 2321 447 2389 consequenter
456 2315 556 2388 incipit
564 2317 657 2369 eustos
667 2311 781 2384 pulsare
792 2311 827 2366 ad
842 2310 1001 2367 classicum.
1044 2317 1111 2367 tunc
1120 2313 1150 2368 in
1163 2314 1228 2370 alba
1241 2315 1270 2370 in
1282 2315 1367 2370 choro
1382 2315 1489 2381 sedeat,
1504 2316 1610 2370 situlis
1626 2315 1757 2372 festivitas
1779 2327 1822 2383 est,

240 2407 345 2462 Eadem
357 2409 452 2460 autem
463 2404 534 2458 hora
543 2402 579 2458 ad
594 2402 749 2457 secundum
766 2399 891 2472 praedioti
902 2399 1002 2470 hymni
1043 2412 1074 2457 ut
1089 2404 1190 2459 altaria
1203 2405 1348 2459 incensare
1363 2404 1473 2461 debeat.
1482 2405 1570 2475 Tunc,
1585 2407 1709 2479 inquam,
1725 2407 1823 2462 soluscl

204 2513 316 2554 versum
328 2495 432 2567 singuli
447 2495 549 2549 iratres
572 2492 684 2548 veniam
708 2496 835 2562 petentes
860 2489 1001 2561 incipiunt
1041 2492 1223 2548 albatantum
1234 2494 1349 2549 indutus
1358 2493 1496 2563 incensat,
1507 2495 1531 2550 si
1541 2495 1631 2550 intuli
1643 2501 1686 2551 est
1695 2495 1822 2566 festaque

203 2603 269 2643 eum
283 2585 484 2649 osculari.Quo
493 2583 566 2638 lacto
576 2581 740 2638 cancticum
750 2580 1001 2653 ipsorevertuntur
1042 2587 1071 2637 et
1079 2578 1114 2635 ab
1127 2581 1182 2635 alio
1197 2582 1342 2637 sacerdote
1358 2581 1398 2637 ita
1410 2583 1549 2638 incensari
1560 2583 1744 2653 debeatur.)
1753 2585 1820 2638 Tunc

202 2676 238 2731 ad
252 2675 417 2747 capitulum,
438 2687 591 2744 omnesque
614 2668 811 2725 obedientiarii
833 2668 998 2723 monasterii
1041 2668 1127 2723 etiam
1137 2669 1276 2724 adsedem
1284 2687 1365 2725 suam
1374 2671 1473 2742 incipit
1483 2671 1756 2743 autiphonamsuper
1766 2687 1823 2726 can·

200 2767 312 2835 ponunt
321 2762 412 2818 claves
421 2778 487 2818 suas
507 2760 543 2815 ad
557 2759 642 2832 pedes
657 2759 728 2829 ejus,
744 2763 773 2813 et
786 2759 847 2829 ipse
868 2757 995 2829 precipit
1039 2756 1125 2812 ticum
1141 2757 1293 2830 Evangelii,
1308 2776 1340 2814 ac
1351 2765 1449 2832 postea
1458 2761 1525 2816 thus
1535 2760 1642 2816 ibidem
1657 2760 1778 2832 imponit.
1793 2761 1824 2814 tlt

200 2850 357 2919 eisdem,ut
365 2848 501 2922 recipiant
517 2864 574 2902 eas.
582 2849 683 2903 Postea
692 2863 757 2902 cum
766 2846 999 2918 proximeoppor-
1039 2847 1135 2902 situle
1160 2853 1203 2902 est
1225 2848 1338 2914 festum,
1356 2865 1412 2919 quo
1431 2865 1520 2921 cappa
1540 2849 1623 2905 indui
1650 2849 1740 2914 debet,
1759 2849 1822 2903 iutra

199 2943 303 2994 tunum
316 2937 413 3004 fuerit,
424 2936 560 2991 invitatur
569 2935 716 3008 opiscopus
727 2934 764 2989 ad
773 2933 997 2989 benedicendum
1038 2936 1178 3008 hymnum
1188 2936 1224 2990 ad
1237 2953 1299 2992 eam
1311 2936 1484 2991 induendam
1498 2937 1528 2992 in
1538 2937 1703 2994 vestiarium
1713 2937 1789 3002 venit,
1799 2944 1823 2991 et

200 3043 276 3094 eum,
292 3032 322 3083 et
334 3026 406 3099 ipse,
421 3041 479 3082 non
493 3025 575 3092 alius,
587 3025 675 3079 donat
688 3025 715 3078 ei
730 3024 902 3096 pastoralem
911 3021 996 3076 bacu·
1006 3029 1028 3090 G
1038 3025 1061 3077 si
1075 3025 1260 3096 antiphonam
1274 3042 1331 3081 non
1342 3026 1540 3098 vultincipere,
1552 3027 1659 3084 ibidem
1674 3028 1736 3082 thus
1747 3028 1822 3097 impe

198 3115 269 3172 lum.
285 3116 335 3172 His
348 3114 472 3170 breviter
480 3112 633 3185 praelibatis
643 3111 677 3168 de
689 3113 824 3167 electione
837 3109 935 3166 domni
949 3107 997 3163 ab·
1037 3113 1090 3168 uit.
1102 3114 1132 3168 Si
1142 3131 1207 3169 vero
1219 3115 1404 3188 antiphonam
1417 3121 1460 3170 est
1469 3115 1635 3187 incepturus
1647 3117 1736 3171 denuo
1749 3115 1780 3169 ad
1788 3129 1822 3168 se·

196 3204 272 3261 batis
287 3205 407 3270 dicatur,
423 3202 508 3274 quod,
524 3202 586 3258 sine
595 3201 736 3274 personali
759 3200 931 3272 acceptione,
947 3217 995 3270 ge·
1037 3201 1101 3257 dem
1115 3219 1196 3258 suam
1210 3203 1294 3270 redit,
1303 3203 1397 3274 ibique
1407 3209 1472 3276 post
1485 3204 1640 3276 iucoeptam
1654 3205 1822 3276 antiphonam

196 3294 333 3350 neralitsr
345 3292 469 3365 pertinet
478 3290 514 3345 ad
523 3290 651 3346 ordinem
659 3297 798 3361 nostrum,
809 3295 838 3344 et
849 3288 885 3344 ad
899 3289 995 3356 illum,
1036 3291 1093 3346 illic
1107 3291 1238 3363 imponit.
1252 3291 1306 3346 ilbi
1327 3292 1493 3359 notandum,
1510 3292 1585 3364 quod
1616 3293 1821 3366 quotiescunque

198 3383 359 3456 quicunque
372 3380 466 3436 officio
477 3379 590 3435 functus
604 3379 690 3434 suerit
703 3377 822 3434 abbatis.
1036 3379 1111 3434 solus
1126 3380 1264 3448 incensat,
1275 3381 1333 3435 sive
1346 3381 1383 3436 sit
1403 3381 1434 3435 iu
1451 3381 1547 3447 choro,
1569 3382 1630 3437 sire
1644 3383 1674 3437 in
1689 3380 1815 3444 vestiario,

513 3469 630 3525 CAPUT
646 3469 683 3524 11.
1037 3469 1154 3524 sacrista
1163 3471 1189 3524 ei
1198 3485 1325 3525 acerram
1334 3475 1363 3524 et
1370 3470 1490 3524 servitor
1498 3470 1678 3526 thuribulum
1691 3473 1818 3542 apportat.

336 3563 373 3618 Da
386 3561 511 3632 pancrati
521 3561 611 3627 ospicio
624 3559 722 3613 domm
734 3557 850 3618 altatis,
1038 3558 1128 3630 Super
1139 3559 1279 3614 canticum
1292 3559 1437 3630 Evangelii
1450 3576 1506 3614 non
1521 3559 1645 3632 amplius
1660 3561 1714 3616 nisi
1727 3559 1754 3614 in
1763 3559 1821 3612 duo-

231 3650 420 3724 (un.]Domno
430 3649 525 3708 abbati
539 3647 658 3703 inomni
672 3647 734 3702 loco
747 3648 792 3714 (ut
809 3643 927 3715 dignum
941 3647 993 3712 est)
1037 3647 1126 3702 decim
1141 3647 1310 3703 lectionibus
1325 3648 1509 3719 antiphonam
1523 3647 1655 3722 imponit.
1666 3649 1822 3720 (substau-

195 3740 347 3814 singularis
359 3739 518 3795 reverentia
528 3735 682 3794 defertur·
698 3735 825 3791 Primum
838 3733 867 3788 in
878 3732 995 3788 ecclesia
1036 3735 1086 3790 dos
1097 3735 1242 3792 oblaturus
1256 3738 1411 3804 incensum,
1422 3737 1500 3808 prius
1511 3737 1546 3794 ad
1565 3755 1633 3793 eum
1648 3743 1747 3811 portal,
1756 3736 1777 3790 si
1785 3740 1822 3790 est

195 3829 321 3904 quaudiu
334 3829 413 3885 scilla
427 3828 557 3902 pulsatur
570 3831 636 3881 ante
646 3829 808 3890 nocturnos,
818 3838 904 3893 super
919 3821 992 3893 (121)
1035 3823 1065 3879 in
1080 3824 1174 3892 choro,
1191 3830 1224 3881 ut
1238 3843 1288 3898 per
1303 3827 1364 3898 ejus
1375 3841 1491 3880 manum
1504 3825 1533 3881 in
1547 3827 1724 3882 thuribulum
1740 3825 1821 3880 mitta-

195 3918 419 3977 misericordiam
432 3917 528 3973 sedilis
542 3915 595 3983 sui,
612 3914 636 3969 si
655 3931 725 3987 opus
738 3911 833 3978 habet,
853 3909 992 3982 quiescit3
1035 3916 1101 3981 tur;
1117 3913 1185 3969 item
1201 3915 1335 3970 diaconus
1346 3919 1412 3970 anta
1427 3915 1631 3986 Evangelium:
1655 3916 1771 3988 idipsum
1789 3913 1821 3966 la-

194 4009 328 4067 iratribus
345 4013 443 4067 umen
463 4005 578 4063 iuterim
593 4004 675 4060 solito
695 4019 774 4059 more
796 3999 947 4057 inclinatis.
964 3999 994 4055 Si
1035 4001 1082 4069 cit,
1097 4003 1144 4074 qui
1154 4009 1234 4059 tenet
1247 4005 1364 4059 chorum
1376 4003 1412 4058 ad
1427 4004 1600 4060 offerendam
1619 4004 1739 4062 etiamsi
1754 4003 1820 4058 doru·

195 4104 292 4156 autem
306 4095 517 4170 procumbendo
530 4099 638 4163 oratur,
654 4097 722 4148 tunc
731 4093 794 4164 ipse
806 4089 880 4145 infra
895 4089 994 4161 predi·
1034 4107 1088 4146 nus
1098 4091 1183 4148 abbas
1196 4097 1264 4149 tunc
1279 4098 1374 4149 (santet
1391 4093 1522 4151 missam.

195 4193 271 4244 ctum
285 4187 408 4260 spatium
423 4202 508 4257 super
518 4184 637 4239 formam
649 4183 735 4254 J'acet,
747 4185 841 4235 ethes
851 4177 992 4233 orationes
1070 4181 1102 4236 ln
1117 4181 1209 4254 capite
1221 4182 1334 4254 jejunii,
1350 4181 1374 4237 si
1387 4199 1511 4254 praesens
1522 4187 1575 4251 est,
1587 4201 1621 4240 cx
1631 4182 1819 4240 consuetudine

194 4277 300 4333 ibidem
315 4276 393 4332 lacit.
408 4274 510 4330 Nullus
533 4273 562 4329 in
584 4273 670 4328 choro
681 4273 764 4342 Juxta
780 4284 845 4324 eum
862 4267 892 4321 in
911 4265 993 4322 sedili
1033 4269 1167 4326 fratribus
1192 4271 1299 4327 cineras
1313 4271 1442 4344 imponit,
1468 4289 1538 4345 quos
1563 4277 1592 4328 et
1614 4275 1675 4346 ipse
1697 4279 1820 4346 posttea

193 4367 321 4440 proximo
335 4368 402 4432 stat,
412 4363 467 4419 uisi
481 4361 568 4420 abbas
579 4361 699 4434 aliquis;
716 4357 888 4430 quibuslibet
896 4361 991 4410 &men
1034 4361 1127 4432 priore
1150 4360 1261 4432 accipit,
1278 4361 1351 4416 sicut
1369 4365 1399 4416 et
1422 4363 1562 4430 sacerdos,
1578 4363 1603 4418 si
1626 4364 1743 4418 domnus
1756 4358 1820 4415 abba

192 4470 280 4528 prope
302 4454 384 4508 illum
398 4451 538 4508 stantibus
555 4452 650 4506 locum
665 4448 787 4504 vicissim
804 4443 919 4501 sedendi
930 4443 988 4499 dat.
999 4423 1089 4505 Drion
1101 4449 1202 4505 aderit.
1223 4449 1389 4521 Quicunque
1403 4449 1438 4504 de
1462 4451 1521 4505 suis
1549 4451 1693 4522 professis,
1714 4450 1764 4507 nisi
1786 4447 1818 4502 sit

193 4541 472 4612 Quotiesantiphona
482 4541 624 4612 imposita,
633 4539 760 4604 inclinat,
770 4551 867 4591 omnes
878 4549 990 4605 quoque
1030 4537 1127 4606 abbas,
1153 4538 1245 4610 ipsum
1260 4539 1415 4606 osculatur,
1431 4543 1541 4595 stante
1565 4545 1593 4596 et
1608 4545 1705 4612 postea
1718 4538 1816 4594 veniam

191 4647 256 4686 cum
271 4646 304 4685 eo
324 4629 470 4696 inclinant,
486 4628 574 4684 etiam
588 4628 700 4700 quando
714 4625 828 4682 veniam
842 4622 915 4696 petit
937 4639 989 4694 pro
1030 4627 1111 4700 petit,
1121 4627 1176 4682 nisi
1186 4627 1223 4682 ad
1233 4628 1385 4683 missarum
1400 4628 1538 4684 solemnia
1551 4629 1597 4684 sit.
1612 4631 1645 4684 ln
1656 4629 1745 4684 medio
1758 4627 1817 4682 dor·

191 4721 254 4787 hcc,
270 4718 295 4774 si
308 4718 338 4772 in
348 4717 432 4774 verbo
454 4717 563 4773 lallitur
583 4719 688 4790 aliquo.
705 4715 734 4772 Si
750 4712 903 4786 aliquando
925 4727 989 4766 cum
1030 4715 1144 4772 mitorio
1159 4721 1204 4771 est
1218 4717 1307 4772 lectus
1321 4717 1383 4788 ejus
1397 4733 1485 4790 prope
1497 4718 1670 4778 crucifixum.
1681 4719 1739 4789 (uo.
1750 4717 1816 4782 aar.)

191 4807 290 4865 lectori
302 4806 459 4863 benedictio
473 4807 567 4864 danda
579 4812 633 4875 est,
653 4806 799 4868 dormitat,
816 4801 865 4875 qui
879 4802 906 4858 ei
926 4821 990 4876 pro·
1031 4806 1161 4862 sonitum
1172 4803 1233 4876 ipse
1247 4805 1323 4874 iacit,
1340 4822 1396 4877 quo
1406 4806 1508 4862 fratres
1522 4807 1646 4862 diluculo
1660 4807 1696 4862 ad
1709 4819 1815 4874 surgen-

190 4901 283 4957 ximus
296 4897 385 4964 sedet,
396 4897 636 4954 honesteexeitat.
650 4897 706 4968 (uo.
717 4897 790 4966 aar.)
801 4893 931 4960 Quandiu
946 4901 990 4952 est
1029 4895 1097 4950 dum
1114 4893 1284 4952 excitantur.
1308 4895 1372 4961 Qui,
1389 4895 1413 4950 si
1440 4895 1592 4968 aliquando
1613 4896 1695 4951 solito
1718 4892 1813 4948 diutius

189 4991 219 5048 in
233 4991 383 5055 conventu,
396 5003 507 5060 semper
519 4987 555 5042 ad
569 4993 708 5052 octavum,
724 4985 747 5041 si
764 4984 817 5040 hoc
829 4983 913 5041 breve
932 4993 986 5054 est,
1028 4982 1142 5051 dormit,
1158 4983 1236 5055 prior
1250 4999 1301 5056 pro
1316 4999 1348 5037 eo
1365 4983 1488 5039 sonitum
1499 4985 1575 5039 facit.
1584 4985 1614 5040 Si
1626 4985 1686 5056 ipse
1700 4995 1812 5055 presens

189 5080 226 5136 ad
239 5077 291 5134 Vll
313 5078 523 5148 responsiorum
543 5081 667 5143 nomtur,
693 5073 772 5130 etad
792 5073 986 5130 duodecimam
1028 5077 1079 5138 est,
1095 5072 1208 5144 quando
1226 5071 1260 5126 ad
1276 5072 1432 5144 capitulum
1447 5073 1553 5145 pulsari
1574 5072 1666 5139 debet,
1681 5089 1730 5145 per
1743 5087 1778 5136 se,
1791 5067 1812 5122 si

188 5167 347 5228 lectionem,
363 5164 398 5219 ad
412 5181 496 5238 quarn
510 5163 652 5220 incedenti
676 5161 799 5218 universi
823 5166 984 5234 assurgunt,
1027 5161 1086 5215 vult
1100 5160 1204 5232 pulsat·
1219 5162 1229 5184 '
1248 5161 1278 5216 Si
1290 5166 1385 5217 autem
1400 5179 1523 5234 presens
1536 5178 1593 5218 non
1606 5168 1657 5229 est,
1670 5178 1725 5216 non
1738 5156 1813 5214 debet

186 5274 239 5314 uec
252 5255 360 5323 sedent,
376 5253 464 5311 donec
477 5255 537 5328 ipse
550 5255 738 5328 pertranseat.
754 5252 796 5306 Ne
813 5255 909 5305 autem
921 5267 985 5322 pro·
1025 5249 1142 5322 pulsari,
1159 5249 1214 5305 nisi
1231 5235 1439 5321 praenuntietur
1456 5250 1508 5319 illi,
1531 5251 1587 5318 cui,
1603 5251 1626 5305 si
1640 5250 1707 5317 vult,
1720 5251 1749 5304 iu
1763 5243 1812 5318 pri·

186 5355 250 5424 pter
260 5346 341 5400 illum
356 5343 392 5400 de
405 5345 535 5417 analogio
549 5347 738 5400 revertentem
757 5340 850 5396 denuo
865 5356 982 5413 surgere
1023 5338 1132 5395 mordio
1146 5339 1293 5409 interesse,
1305 5344 1334 5395 et
1344 5339 1367 5396 si
1382 5339 1489 5413 aliquid
1503 5355 1536 5396 ex
1545 5339 1674 5396 maximis
1685 5333 1809 5394 solemni·

218 5509 297 5582 (121)
306 5511 339 5570 ld
348 5510 402 5573 est,
415 5517 467 5580 pro
476 5505 570 5579 gratia
578 5519 664 5577 super
673 5501 762 5560 sedile
775 5501 856 5558 sedet
869 5500 931 5559 aliis
947 5501 1148 5560 inclinantibus
1157 5500 1259 5576 capite.
