3896 6170
218 291 288 351 tall
746 309 921 368 amnonis
938 309 1094 368 nuanrls
1112 310 1322 370 aturensis.
1760 315 1817 378 itte

218 421 1119 502 cumfratribusdecrevittaliterobservandum,videlicetAmus
1145 442 1175 492 et
1197 438 1328 510 petimus,
1344 443 1374 494 et
1397 435 1573 509 praecipimus
1586 439 1643 492 tam
1657 435 1685 492 iu
1703 437 1749 492 boc
1767 437 1817 492 loco
1915 491 1916 496 ,

218 513 251 563 ut
260 509 319 566 dies
326 513 435 572 Natalis
446 518 558 576 Domini
575 523 674 587 nostri.
686 541 862 580 summorum
876 526 1015 597 apostolo-
1056 544 1139 600 quam
1151 527 1181 582 in
1191 527 1299 583 cunctis
1313 525 1382 581 locis
1393 525 1429 580 ad
1444 524 1528 579 istum
1546 525 1636 580 locum
1645 525 1819 597 pertinentibus

218 614 281 653 rum
293 600 368 657 Petri
378 611 407 660 et
413 607 503 674 Pauli,
515 612 722 684 assumptionis
732 620 835 670 sancta
841 615 945 680 narie,
958 631 1014 670 uno
1055 622 1191 671 servetur.
1202 615 1271 670 Etsi
1289 614 1432 687 aliquisex
1441 613 1597 686 istanostra
1611 614 1819 670 fideliiutentione

218 703 296 744 more
311 691 507 752 celebrentur:
524 705 615 756 totum
631 704 834 759 monasterium
848 705 1012 773 ornabitur;
1056 705 1118 777 [at.,
1133 702 1306 777 inventione]
1339 703 1492 776 sumpserit
1519 704 1682 776 exemplum,
1706 703 1821 776 particeps

217 774 319 833 frenes
329 780 385 837 duo
396 785 1011 865 etduoomniaresponsoriapronuntiatura
1056 794 1183 850 omnium
1196 794 1334 850 bonorum
1352 793 1492 848 alliciatur
1504 797 1641 848 votorum.

218 864 275 921 duo
285 868 429 928 thuribula
438 876 474 930 ad
480 880 705 948 vespertinaleac
717 883 882 937 matutinale
890 883 1014 939 otticium
1350 882 1467 938 CAPUT
1479 881 1561 936 XLV.

218 953 428 1027 deferentur‚et
436 965 471 1019 ad
485 969 649 1024 nocturnale
659 986 746 1026 unum
757 990 762 1026 :
775 977 841 1027 ante
852 975 1015 1028 nocturnale
1094 971 1162 1028 Oura
1176 973 1253 1026 labor
1264 977 1302 1027 est
1310 987 1449 1026 nicanum
1461 972 1499 1024 od
1508 973 1590 1024 talem
1601 972 1793 1030 turritanam.

219 1043 384 1118 obsequium
394 1054 631 1127 omniasignabis
645 1060 809 1130 pulsentur:
824 1061 1015 1117 invitatorium
1093 1061 1163 1116 (lum
1179 1061 1214 1116 ad
1229 1077 1299 1133 opus
1314 1076 1449 1115 manuum
1473 1058 1575 1114 exituri
1589 1064 1654 1114 sunt
1666 1058 1764 1126 iratres,
1779 1064 1822 1114 sta·

219 1139 907 1223 aquatuoriratribusdecanteturzternaquoque
917 1153 1017 1224 pocula
1057 1150 1108 1204 tim
1121 1155 1185 1221 post
1199 1150 1319 1221 primam
1348 1148 1471 1206 dimissis
1498 1147 1681 1203 familiaribus
1695 1153 1720 1203 et
1737 1153 1822 1219 septem

218 1220 353 1281 iratribus
366 1231 551 1302 propinentur
565 1237 693 1307 singulis,
721 1246 837 1312 excepta
853 1243 1017 1313 quotidiana
1057 1236 1173 1308 psalmis
1188 1237 1319 1292 sacerdos
1329 1237 1445 1308 incipiat
1459 1235 1823 1306 lectionem‚quadicta,sicut

218 1313 424 1381 P01¹fi0n0li¹¹i·
1058 1335 1087 1385 et
1096 1330 1632 1402 rnatutinattbus‚missafinita.peracto
1642 1329 1824 1402 capitulosirnul
1915 1361 1916 1392 2

256 1399 327 1457 Item
345 1405 419 1461 diem
434 1411 618 1482 apparitionis
633 1415 744 1472 Domini
765 1419 898 1474 ύπαπάντι.
914 1422 1018 1477 Ascen·
1058 1425 1168 1486 exeant,
1178 1425 1208 1474 et
1221 1419 1289 1474 dum
1302 1419 1369 1473 illuc
1382 1417 1429 1473 ubi
1448 1417 1510 1473 steri
1525 1418 1610 1474 debet
1623 1435 1701 1490 opus,
1713 1418 1824 1484 venerint,
1915 1461 1916 1478 2

219 1488 316 1557 sionis,
328 1497 460 1554 nativitas
474 1502 565 1556 sancti
578 1503 694 1560 loannis
707 1505 850 1578 Baptista,
863 1525 918 1566 uno
933 1511 1016 1567 modo
1057 1507 1135 1580 prior
1144 1507 1263 1581 incipiat
1285 1525 1407 1574 versum,
1430 1509 1511 1570 Heus,
1529 1512 1560 1561 ta
1572 1509 1739 1576 adjutoriam.
1754 1522 1826 1559 meam

220 1586 350 1649 agentur.
376 1585 476 1643 Omnia
503 1594 682 1663 responsoria
697 1611 714 1648 a
728 1595 837 1652 duobus
854 1599 1016 1656 cantoribus
1058 1599 1190 1652 intende:
1207 1613 1261 1668 quo
1277 1595 1592 1669 respondentibusaliia
1604 1593 1827 1659 dictotertiadiea

219 1671 486 1743 pronuntiabuntur¹
502 1679 695 1738 invitatorium
723 1701 741 1739 a
769 1692 909 1757 quatuor:
923 1689 959 1743 ad
973 1707 1016 1744 ve
1026 1716 1048 1776 B
1057 1690 1105 1741 tur
1118 1686 1298 1754 adjutorium
1311 1688 1478 1740 aestuantia
1487 1688 1599 1739 nominc
1608 1685 1727 1748 Domini,
1734 1687 1759 1738 et
1768 1683 1827 1737 dein·

219 1759 371 1828 spertinale
386 1769 415 1819 et
429 1769 597 1825 matutinale
611 1771 745 1840 officium,
767 1775 803 1830 ad
828 1777 968 1832 canticum
981 1779 1017 1834 de
1058 1791 1123 1846 ceps
1132 1773 1180 1845 qui
1189 1773 1430 1845 acturisuntopus
1440 1772 1587 1844 incipiant.
1599 1772 1721 1842 Cumque
1730 1770 1828 1843 psalmos

219 1845 370 1920 Evangelio
386 1851 451 1909 bina
464 1857 610 1914 thuribula
623 1861 857 1934 deportabuntur,
879 1867 1017 1924 medietas
1058 1863 1211 1917 familiares
1219 1879 1283 1918 cum
1303 1861 1412 1917 cantico
1427 1877 1512 1916 cursu
1526 1861 1648 1916 dixerint
1659 1860 1738 1930 (sicut
1749 1863 1829 1913 etcum

219 1937 305 1992 etiam
321 1942 445 1999 ecclesiae
458 1949 631 2004 ornamentis
643 1951 801 2009 decoretur.
1058 1968 1088 2007 se
1099 1952 1200 2007 radent
1208 1967 1292 2023 agere
1303 1951 1379 2007 soliti
1387 1953 1463 2020 sunt)
1473 1951 1585 2021 legatur
1597 1949 1636 2004 ibi
1644 1949 1724 2004 lectio
1733 1949 1763 2002 de
1774 1947 1829 2001 libro

178 2034 185 2042 '
255 2027 342 2083 Porro
376 2031 540 2090 festivitates
564 2037 697 2094 Omnium
719 2043 897 2113 Sanctorum,
927 2048 1016 2102 sancti
1058 2041 1106 2112 qui
1124 2041 1229 2112 legitur
1241 2041 1271 2095 in
1296 2040 1453 2106 refectorio,
1471 2040 1495 2094 si
1522 2039 1588 2094 talis
1610 2035 1830 2110 estquiadediti·

219 2113 343 2185 Martini,
357 2120 430 2176 sicut
444 2123 580 2180 festivitas
590 2131 780 2199 apostolorum
798 2133 874 2188 Petri
893 2139 923 2190 et
935 2136 1016 2194 pauli
1057 2130 1179 2185 candum
1195 2132 1238 2185 vel
1251 2131 1287 2185 ad
1301 2130 1515 2185 aedificationem
1544 2128 1702 2200 pertineat:
1722 2131 1747 2180 et
1761 2125 1830 2179 frater

219 2219 270 2274 per
297 2208 390 2262 omnia
419 2218 548 2282 agantur,
564 2222 666 2286 praeter
681 2220 761 2291 signa
789 2239 851 2293 quae
869 2225 960 2280 solent
973 2226 1016 2282 bis
1058 2219 1105 2290 qui
1120 2214 1831 2290 adservitoresillelegithebdomadaportaredebet

219 2293 399 2363 pulsariante
409 2301 533 2357 officium
546 2308 789 2380 nocturnaeque
799 2311 845 2366 hic
859 2314 946 2368 semel
955 2332 1018 2386 per·
1057 2308 1124 2362 illue
1143 2307 1247 2363 librum
1263 2307 1337 2362 sicut
1351 2307 1380 2361 in
1399 2306 1580 2362 refectorium
1592 2325 1599 2372 ἱ
1616 2304 1733 2376 eiPllffl's
1745 2302 1782 2356 lel
1796 2301 1831 2399 cll

220 2381 354 2438 cutienda
368 2394 444 2457 sunt,
459 2395 488 2444 et
502 2392 576 2462 quod
590 2395 677 2450 semel
696 2397 831 2454 miscetur
842 2401 977 2457 fratribus
987 2403 1017 2458 in
1057 2395 1210 2468 injunxerit
1220 2397 1280 2468 ipse
1296 2411 1455 2451 sermonem
1475 2395 1561 2449 iaciat
1575 2392 1746 2457 delectione,
1758 2390 1833 2444 fratu-

219 2470 377 2530 Γθῖθθῑθΐῑθ·
1057 2486 1110 2542 bus
1124 2485 1239 2541 interim
1250 2483 1468 2557 quiescentibus.
1483 2483 1592 2539 Iterum
1609 2499 1678 2554 opus
1687 2479 1834 2551 incipiautet
1915 2533 1916 2550 p

506 2570 623 2628 CAPUT
636 2575 731 2634 XLIV.
1058 2572 1243 2647 psalmodiam
1255 2589 1339 2644 quam
1354 2589 1418 2626 cum
1429 2571 1552 2625 armario
1562 2570 1642 2641 prior
1655 2567 1771 2624 innuerit
1778 2565 1833 2636 (qui-

257 2650 334 2706 Odv‘lo
349 2660 508 2713 nostrorum
526 2664 727 2718 ntonaclvorum
742 2667 834 2722 doctor
848 2675 873 2723 et
887 2672 978 2726 abbas.
1057 2663 1111 2718 bus
1125 2661 1302 2716 solummodo
1316 2660 1512 2733 loquilieitum
1526 2664 1569 2714 est
1597 2658 1647 2727 ibi)
1662 2657 1744 2712 donec
1755 2671 1833 2710 rever·
1915 2715 1916 2750 3

254 2739 406 2798 Decretum
421 2751 465 2800 est
486 2748 571 2804 etiarn
596 2753 789 2824 usupradicto
808 2756 892 2812 Patre
913 2758 1022 2823 domno,
1056 2751 1256 2823 tenditempus
1273 2749 1437 2814 occurrerit.
1464 2753 1587 2803 cantent·
1612 2747 1683 2802 Cum
1704 2753 1789 2800 autem
1800 2759 1835 2796 fe·

220 2826 337 2884 Odilone
352 2847 409 2887 una
419 2849 483 2889 cum
495 2841 764 2898 consensuomuium
776 2842 895 2900 fratrum
907 2847 1018 2903 Clunia·
1058 2839 1249 2894 versiiuerint
1271 2837 1300 2892 in
1329 2835 1582 2904 claustrum‚dicto
1598 2850 1690 2902 versu,
1709 2831 1836 2887 Siltifflli
1915 2859 1916 2886 l

219 2917 355 2986 censium,
371 2927 404 2977 ut
415 2922 488 2979 sicut
505 2925 536 2980 in
550 2927 680 2985 Ecclesiis
694 2930 755 2998 Dei,
782 2950 844 3005 quae
858 2951 909 3006 per
921 2936 1016 2992 orbem
1058 2933 1190 3000 quantur·
1205 2928 1266 2982 Tali
1281 2927 1364 2982 modo
1379 2943 1444 2984 cum
1458 2930 1522 2998 post
1531 2940 1637 2979 nonam
1648 2932 1835 2995 opusmanuum
1915 2941 1916 2980 t

218 3009 301 3062 terrae
316 3007 399 3081 longe
411 3011 524 3084 lateque
539 3022 706 3075 constructa
720 3026 795 3090 sunt,
812 3023 898 3078 indie
913 3025 1017 3081 Kalen·
1059 3017 1219 3090 aggressuri
1226 3013 1305 3084 'sunta
1313 3017 1428 3075 faciani·

219 3093 319 3151 domm
331 3099 530 3158 Novembrium
545 3107 640 3176 agitur
653 3071 1052 3170 sativias01nnium8an-⁰
1095 3108 1234 3163 Exeuntes
1248 3112 1344 3162 autem
1370 3111 1434 3179 post
1448 3121 1550 3160 nonam
1565 3103 1720 3186 familiares
1733 3099 1836 3174 psalmos

219 3187 398 3243 aerumna
411 3193 485 3263 apud
499 3210 550 3250 nos
568 3202 670 3267 agatur
686 3200 786 3256 festivo
799 3219 877 3257 more
889 3204 1016 3260 comme.
1056 3196 1091 3252 de
1100 3213 1217 3268 vespera
1226 3196 1358 3269 primitus
1372 3196 1540 3263 decantent;
1557 3193 1690 3248 similiter
1701 3195 1728 3245 et
1740 3189 1770 3244 de
1783 3187 1836 3242 Om-

220 3275 339 3331 moratio
352 3277 478 3335 fidelium
493 3283 691 3342 defunctorum
704 3287 762 3360 (ll)
784 3309 790 3344 :
806 3291 856 3346 tali
875 3294 968 3358 modo,
984 3301 1017 3350 ut
1057 3290 1141 3346 nibus
1161 3290 1281 3356 Sanctis,
1295 3295 1324 3344 et
1336 3291 1511 3344 Mortuerum
1525 3304 1660 3360 vesperas
1673 3301 1734 3340 curn
1753 3281 1836 3344 officio,

218 3358 280 3431 ipsa
294 3363 339 3418 die
348 3372 412 3436 post
426 3371 580 3440 capitulum
595 3374 719 3432 decanus
732 3382 761 3432 et
771 3378 934 3436 cellerarius
943 3383 1015 3437 rete·
1058 3385 1087 3435 et
1097 3382 1167 3434 bear
1181 3380 1311 3449 otiabar,
1336 3384 1365 3433 et
1391 3379 1497 3434 faciant
1511 3384 1578 3432 ante
1602 3385 1631 3432 et
1646 3380 1738 3430 retro:
1756 3377 1835 3445 postea

219 3449 339 3506 ctionem
350 3454 478 3511 tribuant
492 3459 623 3516 omnibus
638 3467 898 3536 supervenientibus
913 3486 1016 3542 paupe-
1057 3470 1235 3538 Adjzrtortam
1248 3475 1384 3523 nostrum.
1399 3468 1477 3523 Tunc
1486 3465 1665 3522 solummodo
1675 3463 1833 3519 inclinentur.

218 3535 306 3606 ribus,
321 3542 395 3597 sicut
408 3561 469 3600 mos
482 3553 524 3602 est
538 3549 583 3622 agi
597 3549 627 3606 in
649 3569 730 3608 coena
743 3555 866 3612 Domini.
894 3563 923 3613 et
937 3559 1016 3630 quid·
1056 3561 1226 3633 Reversique
1240 3561 1274 3616 de
1289 3561 1437 3616 collatione
1447 3561 1543 3632 legant
1553 3559 1715 3622 lectionem,
1726 3566 1834 3610 sermone

220 3627 287 3697 quid
301 3629 363 3700 ipse
378 3631 422 3686 die
441 3635 476 3688 de
491 3638 638 3694 refectorio
649 3645 817 3699 remanserit
825 3646 1016 3719 eleemosyna·
1057 3651 1142 3706 etiam
1157 3651 1239 3716 sacto,
1256 3651 1331 3706 dicto
1346 3667 1427 3706 versu
1441 3652 1594 3722 loquantur

219 3715 278 3770 rius
291 3719 419 3792 accipiat.
448 3723 513 3795 Ipsa
536 3727 623 3782 etiam
649 3729 695 3785 die
718 3738 782 3803 post
801 3737 1016 3807 vespertinalem
1092 3740 1145 3795 Sed
1161 3739 1264 3794 cumin
1279 3739 1324 3795 die
1338 3740 1426 3794 semel
1440 3738 1540 3794 exituri
1569 3740 1639 3792 sunt
1664 3735 1699 3790 ad
1713 3745 1835 3806 opusne-

219 3807 347 3875 synaxim
362 3809 480 3879 pulsatis
497 3815 626 3872 omuibus
654 3819 740 3890 signis
753 3828 856 3878 canant
872 3841 1015 3896 vesperam
1057 3842 1156 3894 nuum,
1172 3843 1236 3882 cum
1249 3828 1353 3883 reversi
1362 3827 1468 3883 suerint
1491 3827 1520 3881 in
1534 3827 1700 3892 claustrum,
1714 3824 1798 3893 legant
1809 3819 1836 3872 de

218 3909 270 3964 pro
280 3895 438 3955 defunctis:
453 3901 584 3960 similiter
592 3911 620 3961 et
635 3907 664 3962 in
671 3911 793 3966 crastino
802 3912 1016 3984 pulsatisdenuo
1057 3915 1263 3985 collationibus,
1277 3917 1318 3971 vel
1333 3916 1389 3970 vita
1410 3916 1527 3970 Petrum
1548 3914 1711 3980 lectionem,
1726 3921 1835 3965 sermone

219 3981 306 4054 signis
327 3993 430 4058 agatur
459 3993 582 4048 odicium
597 4012 647 4067 pro
662 3998 810 4056 defunctis.
833 4003 915 4058 llissa
930 4005 1016 4060 etiam
1056 4004 1142 4059 etiam
1156 4004 1240 4071 sacto,
1256 4003 1331 4058 dicto
1347 4019 1428 4058 versu
1442 4002 1650 4073 colloquantur.

218 4075 1014 4158 matutinalisagatursolemniterprodefunctis-Tractum
1092 4094 1122 4149 Si
1137 4093 1173 4147 ad
1201 4093 1351 4165 pistrinum
1376 4093 1492 4156 vadunt,
1509 4091 1697 4164 psalmodiam
1712 4090 1745 4144 de
1761 4086 1836 4159 prime

218 4167 333 4220 cantent
346 4166 402 4222 duo
429 4170 547 4238 tratres3
563 4174 657 4229 cuncti
679 4177 798 4233 offerant
824 4180 965 4251 privatim,
988 4188 1017 4238 et
1056 4187 1206 4256 propterea
1215 4180 1434 4234 nondimittunt.
1451 4179 1549 4250 Neque
1558 4177 1759 4233 revertentibus
1770 4171 1837 4228 lertio

218 4251 330 4324 publice
341 4256 441 4312 missas
452 4259 592 4318 celebrent
602 4280 653 4335 pro
664 4267 892 4337 requieomnium
904 4271 1014 4326 anima·
1058 4269 1170 4340 legitur,
1184 4268 1233 4324 sed
1248 4268 1424 4324 solummodo
1446 4267 1520 4323 dicto
1534 4284 1617 4322 versu
1641 4268 1708 4323 lotis
1724 4261 1837 4320 manibus

219 4357 282 4396 rum
296 4344 421 4402 fidelium
434 4367 440 4403 :
455 4355 484 4403 et
498 4349 645 4408 duodecim
658 4370 797 4426 pauperes
804 4359 974 4415 reficiantur.
980 4363 1014 4417 Et
1056 4358 1091 4414 ad
1106 4358 1326 4414 ecclesiasticum
1342 4357 1396 4430 (ii)
1410 4373 1480 4429 opus
1493 4361 1638 4428 aptentur·

219 4436 252 4486 ut
263 4432 316 4488 hoc
327 4435 776 4515 decretumperpetuumvigorem
785 4445 919 4516 obtineat,
935 4451 1014 4506 volu-

238 4591 297 4719 ⁹qil
303 4595 479 4666 :Sigebertus
488 4605 636 4656 auctorest
655 4602 802 4660 Odilonom
821 4623 895 4662 auno
910 4609 1013 4666 christi
1054 4608 1237 4666 Benedictini.
1681 4673 1688 4686 ,

219 4663 236 4718 9
285 4667 585 4726 Commemorationem
608 4675 733 4730 omnium
757 4677 952 4734 defunctorum
967 4698 1012 4736 se·
1091 4681 1143 4749 (42)
1155 4681 1212 4734 Hoc
1225 4679 1260 4735 de
1274 4679 1382 4745 hostiis,
1401 4695 1451 4733 seu
1461 4675 1580 4750 panibus
1593 4675 1633 4758 ειςίΙ
1650 4666 1835 4756 massaritiis*

221 4736 313 4790 cunda
326 4739 371 4793 die
381 4739 546 4796 Novembris
560 4743 715 4800 instituisse
729 4747 816 4804 insuo
832 4753 1011 4808 monasterio.
1053 4751 1336 4822 rendisintelligitur:
1347 4750 1484 4822 siquidem
1492 4747 1680 4818 monachnpsi
1695 4761 1724 4799 vn
1730 4744 1835 4815 prlsss11⁰

220 4808 301 4878 eujus
311 4811 437 4883 exemplo
459 4814 494 4870 ad
520 4821 635 4870 caeteras
648 4818 779 4873 ecclesias
801 4820 860 4876 haec
871 4823 1012 4879 institutio
1053 4823 1190 4894 singulari
1207 4823 1300 4878 studio
1313 4823 1442 4886 farinam,
1460 4827 1503 4874 etc
1518 4860 1524 4883 ,
1541 4819 1576 4874 ad
1592 4819 1724 4899 hocopus
1737 4825 1833 4885 praepa·

219 4881 406 4949 promanavit.
423 4883 549 4940 Odilonis
556 4887 609 4940 hac
621 4887 656 4941 de
665 4905 694 4942 re
702 4891 864 4948 constitutio
873 4894 902 4949 in
912 4894 1013 4949 Biblio-
1052 4895 1163 4962 rabant,
1179 4899 1211 4948 ut
1222 4891 1505 4949 vidimusintlonstit.
1521 4891 1653 4960 Hirsaug.
1667 4888 1715 4942 nb.
1731 4900 1759 4940 n·

218 4947 302 5006 theca
316 4953 493 5011 cluniacensi
517 4957 593 5012 edita
615 4963 659 5012 est
672 4965 700 5015 et
711 4961 741 5016 in
762 4969 838 5019 tomo
851 4963 865 5019 I
879 4965 1012 5022 saeculivt

885 5146 970 5208 Finis
992 5145 1068 5208 libri
1084 5145 1202 5228 pruinae.

844 5445 1251 5491 w
