3970 6172
121 246 194 306 1³⁴5
436 251 588 309 nantuel
607 254 751 311 cusulul
770 254 996 312 POMPOSIANI
1015 255 1128 312 EPIST.
1148 255 1197 312 Al)
1217 255 1449 317 STEPHANUM.
1551 285 1556 294 ¹
1699 267 1769 327 talc

381 377 511 432 aribonis
523 383 669 434 scatentia.
935 379 997 445 Ain
1020 379 1182 452 antiphonis
1196 399 1202 435 z
1223 382 1288 436 Eece
1302 397 1401 437 nomeu
1415 383 1448 439 l).
1465 385 1592 456 quamvis
1606 388 1644 443 sit
1666 394 1768 447 auten·

158 464 293 528 Quamvis
306 470 401 520 autem
416 465 471 520 duo
485 483 599 538 semper
614 469 674 523 toni
689 469 719 524 in
735 485 792 524 una
807 469 864 524 sint
878 468 926 524 lit·
967 469 1032 536 tica,
1045 470 1140 541 plures
1155 475 1251 524 tamen
1262 471 1323 540 ejus
1335 487 1444 528 neuma
1458 480 1577 544 possunt
1590 477 1714 550 plagales
1725 480 1767 535 vi·

121 557 186 608 tera
200 554 244 608 rel
262 571 339 621 uoce,
355 559 450 608 tamen
471 556 560 610 multo
582 557 683 612 melius
702 562 731 611 et
751 559 926 630 frequentius
967 557 1028 613 deri
1042 575 1128 629 quam
1151 559 1357 621 autenticam
1376 566 1463 631 puta:
1479 565 1552 630 Eece,
1570 571 1598 620 et
1615 583 1723 636 aenaea,
1739 575 1768 625 et

120 642 294 698 conveniunt
306 643 425 714 singulis
439 645 549 698 neumis
561 661 594 699 ac
609 645 693 710 sonis,
711 646 840 701 formulis
854 646 924 714 toni,
968 649 1069 713 hauet
1080 650 1111 702 de
1122 649 1325 716 longinquam
1335 653 1497 718 steterunt,
1512 658 1540 708 et
1553 657 1620 724 rjus,
1634 662 1662 710 et
1671 660 1767 728 replet,

120 730 249 797 secundi,
268 730 372 803 quarti,
390 732 470 799 sexti,
487 737 515 787 et
530 733 630 788 octavi.
643 734 717 788 Nam
731 735 857 790 lormulee
871 735 927 806 pri·
967 741 995 791 et
1009 739 1110 803 orbem,
1127 742 1155 791 et
1171 743 1313 791 terrorum
1327 744 1394 792 sunt
1404 739 1539 810 plagales,
1550 748 1583 797 ut
1596 751 1661 816 pote
1676 746 1768 816 spatio

119 819 172 886 mi,
183 819 272 886 tertii,
284 820 386 891 quinti,
402 821 512 893 septimi
525 837 582 877 non
597 823 775 890 conveniunt,
793 824 847 879 nisi
861 840 925 879 cum
966 825 1287 897 plagaliumcurrentes3
1300 826 1360 880 sola
1369 831 1443 882 renat
1453 835 1496 884 est
1505 833 1658 902 autentica,
1669 851 1768 891 omnes

119 914 224 964 cantus
245 908 391 964 descendit
411 910 529 979 abalto,
546 910 619 966 etin
639 928 754 982 gravem
780 913 924 970 devenerit
964 919 1060 968 tamen
1075 915 1136 985 ejus
1158 930 1267 969 neamae
1280 915 1406 986 plagales
1430 923 1495 972 sunt
1517 919 1652 986 dicende,
1670 923 1737 994 quia
1750 941 1769 979 a

119 998 221 1054 finem,
965 1002 1058 1057 linalis
1068 1003 1168 1074 quinta
1183 1020 1239 1059 non
1254 1005 1429 1060 transcendit
1444 1007 1597 1064 chordam:
1614 1010 1655 1065 sic
1667 1011 1697 1066 in
1707 1012 1768 1084 plu·

265 1090 330 1142 Alio
348 1091 485 1143 sententia
501 1091 610 1144 utiliter
624 1093 781 1158 explanato.
966 1091 1044 1146 ribus
1055 1093 1153 1147 eadem
1161 1093 1235 1148 ratio
1248 1099 1291 1148 est
1306 1093 1444 1163 habenda,
1456 1096 1490 1150 de
1501 1098 1602 1168 quibus
1613 1100 1696 1156 modo
1708 1118 1766 1158 uon

158 1176 291 1241 Quamvis
306 1182 407 1233 cantus
418 1177 456 1231 sit
470 1177 639 1246 autenticus,
650 1183 745 1233 tamen
759 1180 854 1250 plures
864 1181 926 1252 ejus
967 1184 1010 1234 est
1033 1180 1182 1236 dicendum
1202 1196 1252 1253 per
1273 1182 1393 1252 singula.
1410 1181 1528 1247 Quando
1550 1193 1646 1242 autem
1660 1204 1677 1243 a
1690 1189 1769 1245 finali

118 1281 232 1320 neumae
256 1269 285 1319 et
305 1264 366 1319 soni
389 1270 538 1320 versantur
551 1264 581 1320 in
594 1266 628 1320 V.
650 1267 710 1337 eius
724 1267 846 1334 chordis,
865 1283 926 1338 quae
966 1269 1070 1324 chorda
1083 1270 1766 1348 diapentetranscenduntetsextam,septimam,

119 1369 288 1408 communes
303 1359 369 1408 sunt
383 1353 507 1408 autentis
520 1360 548 1410 et
562 1355 729 1426 plagalibus,
743 1373 826 1427 quam
841 1357 925 1411 uersi·
967 1363 1095 1414 octavam
1115 1365 1237 1430 tangunt
1254 1360 1391 1427 melodiae,
1406 1366 1474 1416 tunc
1487 1365 1694 1421 autenticorum
1709 1367 1767 1422 lor-

118 1441 184 1510 bus,
202 1459 265 1514 qua
286 1443 409 1497 autentis
424 1443 577 1515 separatim
593 1443 785 1516 deputantur,
806 1446 925 1518 ideoque
967 1448 1060 1516 mulis,
1078 1465 1139 1519 quae
1154 1449 1211 1503 alte
1234 1449 1433 1516 extenduntur,
1459 1455 1637 1509 conveniunt.
1659 1455 1694 1509 Et
1713 1456 1767 1513 hoc

117 1532 225 1603 saepius
236 1536 265 1586 et
279 1532 380 1587 melius
390 1532 518 1587 formulis
533 1533 696 1605 plagalium,
714 1535 799 1588 etiam
815 1551 925 1590 neumae
967 1541 1018 1604 est,
1036 1537 1111 1608 quod
1125 1536 1192 1592 dicit
1207 1541 1265 1593 uisi
1285 1555 1349 1594 cum
1363 1545 1461 1595 cautus
1475 1545 1531 1598 olto
1545 1545 1682 1600 descendit
1695 1549 1724 1601 et
1736 1543 1768 1601 iu

117 1620 329 1677 autenticorum
336 1621 514 1690 conueniunt,
522 1621 551 1676 in
559 1622 661 1693 quibus
668 1623 770 1696 sepius
778 1630 926 1679 morantur
967 1641 997 1696 g.
1013 1625 1039 1679 d.
1057 1625 1076 1680 f.

746 1741 866 1810 Explicit
881 1743 986 1795 Musica
996 1741 1138 1797 Aribom's.
1483 1792 1487 1802 ,

116 1863 1770 1927 ἢ

801 2049 843 2094 ΑΝ
865 2045 973 2096 uorum
994 2048 1082 2095 thCII

137 2249 575 2472 llllllll
650 2247 1068 2472 llllllll
1146 2249 1744 2476 lllltlulls

267 2607 591 2706 MONITUM
629 2607 700 2702 IN
739 2609 1149 2706 OPUSOULUM
1187 2609 1614 2730 SUBSEQUENS

614 2821 823 2892 (Moursaucon,
844 2823 976 2876 diarium
995 2822 1140 2890 Italicum,
1163 2838 1192 2894 p.
1213 2819 1267 2885 80).

242 2989 410 3061 Pomposam
422 2991 635 3056 monasterium,
651 2990 718 3044 olim
752 2991 908 3062 eramplum
929 2991 1142 3063 sanctitatisque
1156 2993 1231 3048 lama
1251 2993 1428 3064 insignitum,
1442 2994 1573 3062 vidimus,
1586 2996 1647 3066 jam
1661 2997 1758 3054 doser-

115 3067 191 3116 tum.
206 3059 239 3114 Id
253 3061 401 3116 undecimo
415 3062 526 3127 saeculo,
542 3061 678 3116 Guidonis
701 3006 811 3116 abbatis
824 3079 918 3132 opera,
935 3079 999 3117 cum
1013 3063 1113 3134 primis
1134 3065 1354 3136 frequentatum,
1375 3071 1439 3137 post
1458 3083 1574 3122 accessu
1588 3068 1759 3140 principium

115 3137 147 3186 et
161 3137 338 3202 magnatum,
357 3131 405 3203 qui
420 3132 502 3187 isthic
516 3133 643 3187 asceticae
659 3132 720 3186 vitae
734 3133 865 3188 tirocinia
879 3133 1007 3188 Guidone
1023 3135 1157 3204 magistro
1171 3151 1298 3206 posuere.
1312 3136 1424 3207 egregie
1437 3137 1617 3194 nobilitatum
1633 3146 1685 3195 est.
1698 3141 1760 3194 Hu-

111 3205 163 3272 jus
178 3202 316 3258 Guidonis
331 3203 436 3258 mentio
451 3204 570 3258 habetur
583 3204 610 3257 in
624 3203 789 3302 praefatione
802 3204 837 3259 V.
849 3205 884 3258 el.
901 3203 1056 3259 hlabillonii
1071 3206 1106 3259 ad
1121 3207 1215 3262 saeculi
1228 3207 1298 3261 senti
1310 3208 1484 3263 Benedictini
1499 3215 1608 3280 partem
1622 3211 1756 3282 priorem.

116 3275 187 3356 Ejus
201 3273 295 3356 obitus
318 3271 348 3328 in
369 3290 474 3356 annum
489 3275 566 3358 cadit
589 3273 668 3332 tua-b.
686 3276 787 3329 Fertur
802 3280 897 3331 autem
918 3276 1127 3358 inprimisqui
1150 3283 1339 3360 spontaneam
1352 3279 1568 3362 flagellationem
1584 3281 1759 3350 invexerunt,

116 3344 575 3471 tumulttutudit
589 3345 1471 3488 thil.ltu:utrummulttatus*“dathus
1490 3350 1761 3496 {lldttltttff

114 3487 337 3558 Pomposianam
352 3489 511 3558 praecellere
533 3488 700 3542 testificetur
715 3488 851 3542 Henricus
874 3488 991 3544 clericus
1015 3490 1044 3544 in
1067 3489 1185 3560 epistola
1207 3492 1240 3546 ad
1265 3492 1440 3562 Stephanum
1459 3495 1619 3564 quemdam,
1637 3494 1761 3550 subnexo

115 3558 298 3613 bibliothecae
312 3559 439 3628 ejusdem
454 3560 580 3630 catalogo
596 3577 602 3611 :
618 3576 679 3630 qum
699 3558 782 3629 J‘ubet
803 3560 915 3614 animus
938 3559 983 3614 hic
997 3566 1131 3625 attexere,
1156 3567 1188 3616 ut
1209 3568 1385 3634 compertum
1399 3564 1498 3619 lectori
1519 3566 1556 3620 sit
1589 3571 1682 3621 uantae
1697 3583 1760 3622 mo·

114 3631 235 3684 listune
249 3629 336 3684 fuerit
355 3646 520 3684 numerosas
534 3646 634 3700 parare
647 3629 829 3684 bibliothecas
842 3649 847 3697 ;
873 3632 985 3701 quando
1000 3632 1063 3696 ista,
1081 3649 1143 3702 quae
1157 3633 1222 3688 aliis
1240 3634 1367 3705 praeibat,
1382 3651 1418 3688 ne
1440 3583 1628 3692 mediocribus
1644 3637 1759 3708 quidem

114 3702 208 3756 nostri
218 3701 271 3756 oeri
286 3701 403 3755 conferri
420 3701 500 3756 valet.
516 3702 669 3771 Epistolam
685 3707 781 3756 autem
794 3707 822 3756 et
836 3702 993 3773 catalogum
1010 3720 1042 3757 ex
1057 3704 1208 3758 Mutinensi
1238 3705 1411 3760 serenissimi
1424 3707 1503 3762 ducis
1517 3707 1684 3765 bibliotheca
1714 3726 1763 3765 ro·

116 3774 216 3834 deunt,
235 3771 305 3825 mihi
327 3788 361 3826 ue
380 3772 415 3826 ab
437 3771 607 3826 amicissimo
622 3773 680 3826 riro
694 3773 769 3826 Julio
791 3773 947 3827 Fontauino
967 3774 1042 3828 card.
1065 3775 1204 3847 imperiali
1220 3775 1442 3840 bibliothecario,
1461 3785 1492 3833 ut
1513 3780 1639 3834 nondum
1658 3725 1763 3852 publici

112 3843 188 3914 juris
199 3843 287 3908 facta,
304 3861 320 3897 o
340 3843 399 3897 lata
410 3843 506 3898 isthaec
519 3844 614 3898 Rome
627 3847 701 3898 sunt.

152 3915 191 3970 Ex
208 3915 246 3968 iis
260 3930 324 3984 quae
338 3914 372 3968 de
385 3915 448 3968 Tito
463 3914 540 3969 Livio
554 3921 635 3968 notat
648 3913 785 3968 Henricus
798 3914 851 3967 eol.
877 3911 942 3971 1353
961 3914 1021 3984 jam
1036 3930 1093 3969 ero
1108 3931 1159 3972 suo
1173 3916 1291 3972 amissas
1305 3924 1334 3973 et
1348 3919 1508 3990 deploratos
1529 3920 1602 3975 tanti
1617 3921 1759 3993 scriptori.

114 3984 436 4040 Decadesbenemultas
449 3985 565 4044 indicat.
578 3985 693 4040 tametsi
703 3985 808 4040 nonsit
822 3989 951 4040 acuumte
964 4002 1024 4039 rem
1040 3991 1144 4041 teneat.
1153 3987 1269 4057 Ignorat
1281 3990 1384 4060 quippe
1399 4006 1482 4044 nomo
1493 4005 1530 4045 ex
1544 3992 1700 4047 Decadibus
1713 3993 1760 4062 ld,

114 4058 174 4112 sire
188 4073 224 4112 ex
238 4055 318 4110 libris
336 4053 395 4122 lto,
409 4060 468 4122 aut,
484 4062 517 4111 ut
528 4057 585 4121 alii,
604 4058 664 4121 tte,
682 4057 756 4110 solos
771 4072 916 4126 superesse
927 4057 972 4123 35,
986 4073 1019 4110 ac
1033 4058 1149 4139 proinde
1163 4059 1283 4114 amissos
1296 4065 1371 4114 totos
1387 4059 1446 4116 107.
1462 4062 1501 4115 De
1520 4062 1612 4132 Trogo
1627 4063 1760 4132 Pompeio

112 4144 178 4182 eum
190 4129 264 4198 agit,
275 4127 380 4182 eavesis
390 4134 472 4198 putes
482 4127 575 4198 ipsum
585 4129 709 4209 Trogum
723 4127 862 4198 integrum
875 4127 927 4181 hac
936 4127 965 4180 in
977 4127 1146 4182 bibliotheca
1155 4130 1294 4185 exstitisse
1305 4131 1353 4202 qui
1362 4132 1420 4201 jam
1432 4131 1554 4187 amultis
1566 4138 1643 4187 retro
1652 4133 1761 4189 sareulis

113 4200 275 4254 exstinctus
284 4203 354 4253 erat.
362 4198 467 4254 Verum
478 4199 513 4253 de
522 4201 536 4254 J
539 4199 632 4254 ustino
643 4199 787 4269 intelligas
799 4200 935 4269 epitomes
944 4206 1073 4266 auctore;
1089 4216 1145 4271 qua
1155 4201 1275 4271 epitome
1283 4201 1410 4256 lustinus
1420 4202 1475 4257 Tro
1516 4219 1543 4256 m
1554 4202 1761 4262 nobilissimum

112 4271 288 4342 scriptorem
304 4270 428 4326 confodit
440 4286 472 4324 ac
486 4270 522 4325 de
534 4271 626 4325 medio
637 4270 768 4336 sustulit;
787 4270 901 4351 perinde
912 4275 997 4340 atque
1012 4271 1106 4324 Livius
1116 4287 1219 4342 nragna
1229 4273 1272 4327 sui
1285 4279 1365 4343 parte
1378 4274 1462 4355 periit
1498 4275 1557 4328 loro
1568 4280 1596 4329 et
1604 4276 1762 4346 Argumen-

114 4347 213 4396 torum
235 4347 351 4398 auctore
385 4342 519 4396 amiciam
533 4340 727 4397 inferentibus.
750 4341 838 4395 Eduis
853 4340 957 4412 quippe
973 4341 1147 4412 compendiis
1160 4348 1288 4399 auctores
1302 4344 1397 4416 primi,
1422 4346 1514 4400 valere
1525 4346 1607 4417 jussi,
1623 4346 1761 4419 paulatim

116 4412 234 4468 incuria
247 4413 292 4468 vel
304 4413 355 4467 sun
378 4413 433 4468 'tus
447 4412 627 4482 interierunt,
643 4413 686 4467 vel
699 4411 821 4467 mutilati
835 4428 940 4483 magna
953 4411 997 4466 sui
1011 4419 1092 4484 parte
1105 4424 1180 4469 sunt.

112 4591 1752 4621 Ἣ

421 4751 630 4882 llllllll
679 4751 852 4880 lllllll
899 4751 1064 4881 lllllll
1111 4753 1165 4882 ll
1212 4752 1465 4883 llllllllllll

869 4992 1018 5010 —-n

154 5121 301 5178 Suessano
326 5117 509 5194 philosophiae
537 5121 613 5176 fonte
642 5121 774 5177 decenter
798 5118 917 5188 imbuto,
929 5120 1016 5181 Btest
1027 5125 1076 5176 tuo
1090 5119 1283 5176 indesinenter
1296 5120 1433 5177 subscribi
1447 5121 1552 5188 libello,
1570 5126 1599 5176 et
1612 5135 1763 5176 numerum

105 5209 264 5267 Haemum
289 5209 406 5266 clericus
434 5209 556 5266 coelestis
583 5209 729 5281 sapientire
754 5209 921 5265 illustratio·
962 5226 1045 5264 nosse
1059 5227 1157 5265 eorum
1177 5227 1247 5282 quos
1268 5211 1326 5266 Deo
1341 5210 1497 5283 inspirante
1511 5227 1544 5265 ex
1565 5224 1617 5264 suo
1636 5213 1764 5281 tempore

105 5315 198 5356 nem.
961 5301 1049 5370 gessit
1061 5297 1226 5372 [congessit]
1242 5300 1389 5367 librorum,
1401 5299 1501 5371 quidve
1514 5299 1543 5353 in
1557 5297 1602 5352 his
1615 5297 1686 5352 adeo
1700 5301 1762 5352 stu-

148 5388 261 5444 Audita
275 5389 351 5443 sama
366 5386 531 5442 venerabilis
555 5387 719 5461 Hieronymi
742 5387 922 5460 Pomposiant
962 5389 1034 5456 duit,
1048 5395 1080 5444 ut
1092 5395 1192 5444 caetera
1201 5407 1273 5461 pene
1286 5389 1448 5460 neglegeret
1459 5386 1529 5458 (sio),
1540 5391 1568 5440 te
1584 5387 1764 5441 vehementer

104 5477 240 5545 abbatis,
258 5493 289 5532 se
300 5476 407 5550 jugiter
422 5477 609 5544 exercitantis,
626 5477 762 5550 quidquid
777 5478 922 5533 commode
962 5495 1064 5551 cupere
1088 5479 1195 5535 lateris.
1213 5478 1293 5544 Quod
1313 5483 1398 5550 prout
1420 5482 1527 5548 potero,
1543 5492 1639 5531 rerum
1661 5475 1763 5532 dulcis·

103 5567 191 5626 orbo
199 5565 340 5625 dimasto
353 5566 489 5625 indiviae
502 5566 607 5641 pagina
616 5581 737 5641 usquam
747 5566 865 5642 reperiri
874 5581 921 5641 po
963 5567 1043 5638 sime,
1053 5568 1083 5624 in
1096 5569 1198 5626 harum
1207 5567 1409 5641 cujuscumque
1418 5565 1496 5623 modi
1508 5565 1581 5625 serie
1589 5563 1761 5644 litterarum,
