3882 6172
88 269 140 322 705
489 270 571 324 vrTn
591 271 619 324 S.
641 267 820 325 HERLUINI
839 267 992 324 ABBh'l'lS
1012 265 1207 323 BEGCENSIS
1229 267 1339 325 Parni.
1680 274 1732 334 706

86 392 275 466 impendebat
294 392 393 465 quieti,
413 399 443 449 et
460 393 572 451 silentio
596 395 687 451 cordis
717 395 760 452 sui
782 395 1030 456 novaliahuerum
1043 393 1215 449 intrantibus
1230 393 1279 460 eis,
1295 393 1365 450 uidit
1393 395 1522 453 eumdem
1542 399 1602 470 jam
1620 401 1649 458 in
1668 403 1731 460 navi

87 479 168 536 serbi
182 481 257 536 sacri
276 481 413 547 excolens,
435 481 548 538 assidua
573 483 693 539 lectione
716 483 837 556 irrigans
859 501 892 539 ea
933 483 994 538 loco
1009 483 1144 538 eminenti
1159 483 1327 539 consedisse.
1348 485 1510 556 Suspicatus
1530 487 1618 559 igitur
1636 491 1732 563 magni

87 569 166 626 dulci
181 585 269 643 quarn
283 585 357 642 saepe
379 570 524 628 obtinebat
545 573 734 646 lacrymarum
756 587 892 646 compun·
934 571 1052 642 alicujus
1067 571 1161 627 meriti
1174 571 1254 627 illum
1266 571 1446 645 existere,qui
1460 577 1732 647 pauperhabebatse

87 657 196 713 ctione.
213 656 259 713 Sic
271 673 323 728 per·
341 662 401 713 tres
425 673 514 713 annos
533 659 601 714 vixit
624 660 766 716 solitarius
784 661 814 714 in
837 660 892 714 ire·
933 663 991 714 tam
1010 657 1160 730 imperiose
1170 659 1297 714 assidens
1309 676 1396 732 prope
1410 661 1485 716 circa
1496 663 1576 718 illum
1596 667 1732 724 attentius

88 745 210 817 quentia
231 745 390 812 hominum,
411 747 539 818 gaudens
558 747 633 819 quod
655 747 694 802 ibi
715 749 894 804 nesciebatur
934 747 1075 803 manebat.
1090 748 1175 803 Naris
1189 748 1295 803 cumin
1310 749 1398 804 altum
1415 766 1492 805 mare
1509 758 1604 809 evecta
1622 755 1729 826 brissei,

88 835 390 906 paterpaucissimos
411 835 513 908 quihus
537 836 689 908 aliquando
715 836 891 909 loquebatur,
934 837 1026 892 territi
1036 841 1102 892 sunt
1116 841 1209 892 nautae
1224 835 1390 908 quibusdam
1403 840 1536 896 monstris
1551 843 1654 914 quaein
1672 846 1732 901 salo

88 923 224 980 omnibus
237 923 363 982 innotus.
379 925 487 981 Rumor
500 931 534 981 ut
546 925 598 980 hoc
613 927 718 981 sactum
730 925 894 998 prodidit,et
933 924 1075 981 videbant.
1093 925 1150 980 llac
1163 925 1383 981 tumultuatione
1397 931 1641 1000 prospectantibus
1657 933 1730 1003 aliis,

87 1011 174 1081 longe
188 1013 304 1086 lateque
315 1014 443 1086 protulit,
462 1019 492 1069 et
503 1013 580 1069 tama
591 1014 645 1069 riri
668 1014 891 1086 preclarisslma,
933 1013 1067 1084 illegraui
1076 1014 1197 1085 quadam
1206 1012 1344 1084 dignitate
1351 1013 1509 1082 subridens,
1520 1025 1625 1075 metum
1635 1035 1733 1077 eorum

87 1097 210 1156 heccum
221 1107 251 1156 at
265 1101 396 1157 abbatem
411 1101 576 1158 Herluinum
588 1101 664 1158 brevi
672 1119 723 1175 per
732 1103 828 1158 orbem
837 1107 893 1158 ter·
934 1102 1166 1176 reprehendebat.
1181 1103 1260 1158 'lunc
1278 1103 1380 1174 primo,
1404 1109 1437 1158 ut
1453 1105 1576 1175 aiebant,
1600 1109 1677 1165 visus
1698 1109 1733 1166 ab

87 1203 188 1244 rarum
204 1189 314 1246 extulit.
330 1191 489 1246 accurrunt
499 1191 602 1258 clerici,
619 1191 722 1247 ducum
737 1189 789 1247 tilii
803 1191 891 1247 nomi·
935 1193 985 1259 eis,
998 1190 1172 1263 exigentibus
1184 1191 1330 1246 confestim
1359 1192 1453 1250 nautis
1475 1193 1538 1265 quis
1564 1197 1646 1265 soret,
1670 1199 1733 1271 qnia

88 1279 241 1346 natisa'mi,
258 1279 419 1336 scholarum
434 1279 595 1336 Latinitatis
609 1280 748 1352 magistri,
769 1279 832 1336 laici
842 1297 894 1353 po·
933 1278 1098 1346 induxisset,
1113 1282 1157 1336 vel
1171 1297 1227 1352 quo
1242 1281 1332 1354 pretio
1346 1298 1446 1338 narem
1460 1283 1581 1352 locaret;
1596 1302 1629 1342 eo
1640 1285 1734 1344 aucto-

88 1367 489 1437 arremarensem
510 1369 593 1425 multi
618 1385 669 1442 pro
691 1368 780 1442 ipsius
796 1385 893 1425 amore
933 1369 1017 1426 ritate
1029 1371 1120 1426 multa
1129 1387 1158 1426 se
1171 1369 1301 1436 habenta,
1319 1375 1349 1426 et
1358 1371 1398 1426 nil
1412 1371 1525 1427 omnino
1536 1371 1732 1446 respondente,
1788 1403 1793 1416 ·

87 1456 192 1510 mulm
201 1457 298 1512 eidem
306 1457 429 1514 ecclesie
440 1463 532 1514 terras
541 1457 892 1514 contulere.Ditaturillico
933 1458 1732 1534 dixitfraterquijamdiueumviderat:«Exquolitanianr

88 1545 321 1602 heccensfflocus
330 1547 513 1614 ornamentis,
522 1547 754 1620 possessionibus,
765 1546 892 1618 personis
933 1546 1064 1615 diximus,
1079 1547 1109 1603 in
1123 1553 1206 1619 portu
1219 1546 1364 1603 nobiscum
1380 1555 1485 1614 manet,
1496 1555 1524 1604 et
1538 1551 1660 1607 utcredo
1670 1553 1733 1626 plus

88 1633 231 1691 nobilibus
243 1641 275 1692 et
287 1636 425 1701 honestis,
439 1635 559 1693 interius
569 1637 667 1708 religio
677 1641 762 1709 atque
771 1636 891 1693 eruditio
933 1636 1127 1708 conavigium,
1142 1653 1225 1708 quam
1241 1636 1301 1708 ipse
1321 1637 1384 1690 nari
1402 1636 1518 1708 indiget.
1546 1655 1558 1692 s
1581 1640 1735 1712 Goeperunt

88 1724 207 1779 multum
220 1739 393 1793 accrescere,
408 1725 530 1781 exterius
543 1741 639 1783 rerum
653 1725 780 1780 omnium
793 1739 887 1780 neces·
897 1706 921 1767 Β
933 1741 999 1796 ergo
1013 1725 1121 1792 mirari,
1137 1731 1165 1779 et
1179 1724 1308 1780 mirando
1321 1725 1400 1779 illum
1415 1741 1513 1780 omnes
1524 1727 1662 1783 contueri.
1679 1727 1732 1784 lli·

88 1813 226 1868 sariaxnm
238 1813 888 1887 subministratiocoepitadplenumahundare3
931 1813 1012 1869 derat
1025 1812 1111 1868 abbas
1124 1813 1274 1886 quemdam
1289 1813 1334 1869 cui
1348 1813 1427 1869 ualde
1442 1815 1593 1871 conformis
1612 1822 1682 1885 erat,
1704 1821 1733 1872 et

88 1901 261 1974 adimpletur
274 1902 345 1958 visio
360 1919 421 1976 qua
434 1903 464 1959 in
476 1904 576 1959 eodem
590 1903 761 1960 monasterio
774 1903 834 1958 risa
848 1908 891 1960 est
932 1903 1059 1976 qnaesivit
1072 1903 1241 1958 nominatim
1257 1919 1293 1958 au
1305 1902 1329 1958 is
1339 1906 1422 1958 essct.
1438 1903 1488 1960 llle
1496 1904 1643 1975 paululum
1651 1907 1731 1962 vultu

88 2005 188 2062 paucos
202 1997 274 2046 ante
285 1991 347 2046 dies
360 2007 445 2064 quam
459 1993 501 2048 vir
527 1991 575 2048 ille
596 1997 693 2049 tantus
709 1993 744 2048 ad
763 1992 890 2048 ordinem
931 1991 1095 2060 exhilarato,
1112 1991 1164 2046 hoc
1178 1991 1269 2046 solum
1284 1992 1445 2064 respondit:
1466 2012 1478 2044 r
1491 1993 1553 2058 Non
1567 2009 1659 2050 sum.»
1671 1991 1731 2051 lios

88 2079 271 2136 cenobialem
286 2081 420 2136 venisset.
436 2081 509 2138 Fons
524 2080 670 2137 uidebatur
684 2089 762 2137 ortus
776 2081 805 2136 in
818 2079 891 2136 ualle
930 2097 1019 2137 anum
1034 2081 1063 2136 in
1077 2086 1139 2136 teta
1152 2080 1372 2152 canavigatione
1384 2081 1502 2154 protulit
1520 2081 1646 2139 verbum.
1660 2085 1731 2140 Navi

88 2169 254 2224 monasterii
268 2171 351 2242 cujus
365 2185 439 2242 aqua
454 2170 491 2225 ad
514 2170 653 2226 montium
677 2169 825 2226 cacumina
839 2187 890 2226 ex·
930 2169 1731 2244 prosperrimocursuapudDotlreuaemportumappulsa,

88 2273 222 2326 emceus,
239 2257 309 2314 hinc
321 2259 388 2314 inde
402 2259 499 2325 effusa,
511 2275 562 2331 per·
574 2259 776 2331 campestrium
787 2258 891 2314 didun-
931 2276 981 2331 per
989 2260 1139 2314 comitatus
1146 2257 1292 2314 hominum
1303 2258 1512 2329 quiinnavihus
1520 2265 1601 2315 erant
1610 2260 1732 2318 multum

88 2347 205 2405 debatur
218 2347 448 2420 amplitudinem.
461 2346 555 2403 abbas
564 2349 627 2404 lons
641 2347 739 2403 eratin
754 2347 889 2416 convalle,
930 2348 1093 2420 requisitus,
1107 2347 1154 2401 ille
1169 2363 1262 2402 comes
1277 2345 1381 2418 navigii
1393 2363 1533 2418 nusquam
1543 2349 1671 2420 reperiri,
1689 2347 1732 2406 vel

87 2436 191 2493 tulicet
214 2436 389 2492 humilitatis
416 2441 539 2504 exortus,
568 2452 648 2508 aqua
673 2436 847 2493 exundantes
862 2441 891 2491 et
931 2437 980 2510 qui
990 2453 1054 2492 oum
1070 2437 1170 2492 exiisse
1178 2435 1303 2502 vidisset,
1313 2435 1488 2507 potuit.Dein
1499 2437 1626 2492 omniurn
1636 2455 1732 2495 rarum

87 2525 381 2582 hincindelatissime
396 2525 694 2593 effluentesmonachi,
711 2526 760 2597 qui
784 2525 819 2580 ab
841 2524 892 2580 illo
930 2541 995 2581 cum
1017 2523 1210 2580 incolumitate
1238 2523 1337 2595 quinto
1365 2523 1411 2580 die
1434 2523 1470 2580 ad
1492 2524 1731 2601 archiepiscopum

86 2615 293 2672 insumentum
309 2622 477 2689 acceperunt
486 2615 630 2688 religionis
643 2616 751 2682 divinae,
761 2614 891 2670 videlicet
931 2612 1017 2668 abbas
1031 2613 1167 2686 pervenit.

86 2704 257 2760 eruditionis
269 2704 457 2777 disciplinam,
477 2719 533 2777 qua
551 2704 633 2759 multi
651 2704 686 2759 ab
705 2704 803 2759 eodem
829 2703 889 2758 loco
966 2703 1033 2767 Qua
1047 2716 1115 2757 tunc
1130 2701 1267 2756 intereos
1281 2699 1464 2756 submittendi
1478 2717 1540 2757 sese
1559 2705 1594 2759 ad
1612 2703 1731 2761 invicem

87 2792 167 2864 longe
179 2794 296 2865 lateque
311 2797 489 2866 posteasunt
502 2793 651 2848 meliorati.
765 2786 770 2798 '
930 2791 975 2863 pia
1001 2783 1166 2846 contentio?
1192 2805 1319 2846 summus
1344 2789 1462 2846 antistes
1486 2796 1516 2845 et
1537 2790 1566 2845 in
1597 2789 1732 2851 Ecclesiis

120 2882 202 2938 llauc
220 2883 365 2938 fructuum
379 2884 438 2939 Deo
452 2882 682 2938 suavissimorum
696 2881 885 2953 flagrantiam,
930 2879 1129 2935 transmarinis
1139 2877 1212 2935 sices
1221 2878 1389 2951 apostolicas
1399 2895 1501 2951 gerens
1507 2879 1691 2938 submittebat
1701 2899 1732 2940 se

86 2971 165 3041 cujus
179 2987 213 3026 ex
228 2971 316 3026 odore
329 2971 430 3028 domus
445 2971 494 3027 Dei
517 2987 568 3044 per
583 2970 679 3026 orbem
696 2971 813 3043 impleta
834 2977 886 3038 est,
931 2983 983 3024 suo
997 2968 1139 3040 quondam
1152 2967 1256 3033 abbati,
1273 2971 1304 3023 ut
1315 2967 1388 3024 alius
1402 2967 1492 3040 quivis
1508 2969 1661 3025 monachus
1676 2975 1729 3026 etc.

87 3075 140 3130 qua
154 3067 185 3115 et
213 3062 275 3134 ipse
293 3060 380 3116 abhas
403 3059 503 3116 absens
529 3059 730 3132 jocundissime
750 3026 1068 3131 senserat,⁰Pradicto
1089 3055 1184 3112 abbati
1210 3072 1309 3112 rursus
1336 3054 1458 3112 mirabili
1481 3073 1576 3113 rerum
1601 3075 1732 3116 successu

85 3148 891 3221 postaprusamquantoueinius,ranrojocundiussensit
931 3146 968 3202 ad
981 3152 1076 3202 uotum
1093 3146 1190 3202 omnia
1204 3151 1357 3213 cesserunt,
1378 3161 1442 3202 mox
1464 3151 1498 3202 ut
1520 3147 1613 3203 redire
1635 3148 1731 3220 dispo·

86 3237 655 3310 prolectusadeurninhngliam.Quoin
670 3237 890 3293 itinereevidcn·
930 3237 1005 3304 suit3
1022 3253 1088 3291 nam
1102 3236 1147 3291 die
1161 3252 1218 3308 qua
1231 3235 1407 3292 voluitcirca
1420 3241 1527 3291 sextam
1550 3236 1607 3293 diei
1632 3237 1732 3294 horam
1814 3275 1816 3278 -

87 3328 161 3384 trhus
176 3327 377 3383 miraculorum
391 3327 478 3399 signis
493 3326 583 3383 multa
606 3327 680 3382 circa
701 3327 781 3383 illum
797 3326 891 3399 gratia
931 3325 1108 3382 uenientibus
1118 3341 1187 3397 quos
1201 3325 1237 3380 ed
1252 3339 1329 3380 mare
1342 3323 1568 3398 archiepiscopus
1588 3328 1731 3400 praemise-

87 3417 182 3472 dirina
193 3416 338 3485 'innotuit;
350 3431 414 3472 cum
425 3415 499 3471 euim
509 3415 891 3482 Boionianrvenisset,volens
932 3420 986 3482 rat,
1002 3425 1035 3470 ao
1053 3413 1280 3470 renuntiantibus
1295 3419 1407 3469 ventum
1431 3414 1544 3470 omnino
1558 3416 1732 3472 contrarium

88 3507 182 3577 egredi
196 3505 234 3561 ad
249 3511 363 3578 portum
378 3505 426 3578 qui
440 3505 504 3578 plus
518 3520 565 3560 sex
579 3504 666 3561 leucis
689 3503 725 3559 ab
746 3505 816 3560 urhe
834 3521 891 3560 non
932 3520 1002 3569 esse,
1019 3509 1049 3559 et
1061 3504 1178 3576 pelagus
1192 3502 1335 3570 intestam,
1351 3508 1464 3558 assueta
1476 3503 1506 3558 in
1517 3503 1574 3559 [leo
1588 3503 1636 3560 ille
1649 3503 1733 3560 confl-

88 3595 183 3662 distat,
198 3593 322 3650 teotadt
332 3594 382 3666 qui
394 3609 457 3649 curn
469 3593 567 3650 eoibat
576 3593 890 3650 comitatuscomitissa
932 3592 1029 3648 dantia
1046 3591 1175 3648 discessit
1197 3592 1233 3647 ed
1252 3609 1329 3648 mare
1352 3591 1560 3649 obluctantibus
1582 3594 1730 3664 universis,

88 3700 199 3756 qaoque
216 3682 327 3740 comitis
341 3682 483 3739 Eustachii
493 3687 554 3750 Μ
580 3683 681 3754 conjux
700 3682 805 3738 femina
833 3683 890 3738 lleo
931 3686 960 3736 et
974 3687 1055 3738 nocte
1071 3684 1131 3753 jam
1159 3682 1308 3753 ingruente
1334 3697 1398 3754 quo,
1427 3683 1517 3738 multa
1540 3689 1621 3755 parte
1642 3682 1733 3742 noctis

88 3773 216 3828 amabilis
232 3771 402 3844 persuadere
415 3772 568 3844 plurimum
583 3772 687 3844 sategit
713 3777 746 3827 ut
757 3772 798 3837 ‚in
820 3771 890 3828 urbe
930 3775 1035 3838 exacta
1052 3771 1227 3842 perveniens,
1248 3775 1362 3826 ventum
1385 3787 1469 3842 quern
1491 3771 1611 3842 volebat,
1635 3773 1732 3846 etqui

87 3867 258 3928 remaneret,
274 3861 407 3933 quoniam
419 3861 448 3917 in
462 3868 546 3934 portu
565 3861 644 3917 nasis
668 3861 746 3916 nulla
769 3866 840 3928 erat,
861 3865 891 3918 et
930 3858 1104 3914 commodior
1113 3865 1174 3914 erat
1188 3859 1224 3914 ad
1236 3859 1464 3915 transferendum
1480 3859 1526 3931 [fi.
1542 3859 1731 3918 transfretan-

86 3959 185 4008 reatua
199 3952 250 4025 qui
264 3950 301 4006 de
330 3950 527 4007 transmarinis
552 3967 599 4006 eos
622 3949 739 4007 referret
757 3950 819 4022 jam
836 3968 887 4024 per
926 3947 1009 4023 dum]
1022 3950 1093 4004 hora
1107 3948 1205 4004 eadem
1220 3947 1441 4021 praestohabuit.
1456 3947 1575 4004 Interim
1596 3965 1730 4008 somnum

86 4040 276 4113 quadraginta
290 4039 349 4095 iere
362 4039 653 4096 diesnullusomnino
670 4039 832 4108 exstiterat3
858 4044 888 4096 at
926 4037 1039 4110 capiens
1052 4039 1120 4094 dum
1142 4053 1227 4094 naves
1247 4038 1284 4094 ad
1314 4053 1393 4093 mare
1415 4038 1608 4110 impelluntur,
1636 4040 1729 4113 primo

86 4129 303 4186 dissertissima
314 4129 345 4185 in
357 4129 414 4185 Deo
424 4145 473 4200 spe
488 4128 546 4184 ait:
561 4149 573 4182 ι
591 4129 698 4186 lbimus
718 4129 754 4184 ad
777 4128 887 4186 navalia
929 4127 998 4184 lucis
1017 4127 1069 4184 sub
1091 4133 1192 4183 exortu
1206 4143 1306 4184 nauem
1325 4126 1479 4199 ingressus,
1494 4132 1553 4182 tam
1568 4129 1629 4200 ipse
1644 4144 1730 4201 quam

86 4233 170 4275 maes
188 4219 341 4276 sinemora
349 4218 595 4274 habituriziratres
605 4219 654 4291 qui
662 4217 737 4274 domi
747 4235 889 4275 remense
929 4233 1026 4274 omnes
1040 4215 1084 4273 sui
1098 4215 1245 4272 confestim
1267 4215 1419 4272 transvecti
1445 4221 1512 4271 sunt
1540 4218 1731 4289 prosperrimo

87 4313 158 4362 runt
171 4307 277 4365 oraturi
292 4323 343 4380 pro
358 4307 437 4364 nobis
455 4307 517 4364 sine
537 4308 716 4364 cunctatione
738 4307 819 4365 nobis
839 4308 1005 4404 casDomni
1019 4305 1123 4378 ιιειίςὶἱ
1135 4312 1246 4362 eventu.
1258 4305 1532 4378 Nonamplitlcamus
1541 4322 1599 4363 rem
1608 4313 1728 4378 gestem,

86 4402 189 4468 presto
203 4397 357 4454 habebunt.
375 4396 486 4462 »Dixit
502 4397 637 4453 etstatim
648 4402 748 4453 ventus
772 4413 888 4454 conuer-
928 4396 977 4452 sed
992 4394 1111 4468 simplici
1125 4395 1287 4452 narratione
1300 4393 1454 4450 scribentes
1468 4393 1654 4466 relinquimus
1666 4411 1730 4452 eam

85 4485 164 4542 titur.
181 4487 243 4543 ltus
255 4485 309 4543 sub
321 4486 398 4542 omni
413 4485 614 4543 acceleratione
636 4486 673 4543 ad
696 4492 809 4560 portum
832 4499 888 4560 quo
929 4485 992 4542 aliis
1004 4483 1246 4553 considerandam,
1260 4484 1403 4557 dignaque
1416 4483 1635 4556 amplificatione
1645 4481 1731 4542 attul-

85 4579 152 4631 tune
170 4575 252 4648 priua
274 4575 414 4631 sexdecim
437 4591 523 4632 naves
550 4575 659 4649 appulit
681 4581 781 4632 uentus
803 4591 888 4648 quarn
929 4576 1053 4632 landam.
1466 4633 1470 4640 ,

84 4664 289 4736 pemenisaent.
304 4663 401 4721 Noctis
415 4669 553 4721 erattunc
579 4663 774 4738 primordium,
804 4667 884 4737 cujus
958 4664 1000 4720 De
1017 4662 1126 4719 arboris
1140 4661 1216 4719 illius
1226 4677 1334 4735 magna
1347 4661 1489 4720 radicibus
1512 4679 1575 4737 qua
1602 4663 1632 4720 in
1646 4663 1729 4722 horto

83 4759 149 4810 ante
159 4754 289 4811 medinm
303 4769 402 4811 rursus
411 4753 555 4826 aspirante
565 4758 648 4810 vento
663 4754 886 4828 quitrauslerret
925 4769 977 4810 suo
1006 4757 1213 4820 remanserunt,
1238 4758 1272 4809 ut
1290 4769 1342 4825 per
1359 4769 1491 4810 somnum
1505 4753 1637 4823 uiderat,
1661 4753 1732 4811 ridlt

83 4843 159 4900 circa
170 4859 283 4900 aurore
296 4849 424 4900 monum
435 4861 544 4918 puppes
552 4859 650 4900 omnes
667 4844 699 4899 in
717 4845 819 4901 iluctus
840 4861 885 4900 re-
925 4847 1024 4917 postea
1032 4842 1228 4914 predicandus
1240 4841 1462 4915 virpullulantes
1482 4842 1619 4916 quasdam
1633 4843 1730 4917 ongu-

83 4933 249 4991 hahuntru.
264 4935 412 5006 Ingressus
424 4933 518 4989 nasim
533 4933 595 4990 aliis
609 4933 646 4989 ad
673 4933 808 5005 aliaque
826 4940 886 4990 tam
927 4933 970 4990 las
981 4932 1010 4988 ia
1022 4931 1136 4987 arbores
1151 4945 1267 5004 magnas
1290 4933 1453 4999 excrevisse,
1475 4933 1580 4991 multos
1603 4933 1733 4990 videlicet

83 5023 269 5079 tumultuosa
290 5023 333 5079 rei
354 5023 524 5079 conveniunt
553 5023 679 5090 intentis,
704 5021 791 5079 abbas
823 5039 888 5080 cum
928 5022 965 5078 ad
980 5019 1230 5096 magnabonorum
1249 5035 1367 5094 operum
1388 5022 1562 5079 incrementa
1585 5039 1637 5096 per
1655 5023 1730 5101 illius

84 5113 233 5168 monachis
247 5112 324 5168 haud
349 5112 446 5184 procul
471 5111 596 5168 litamam
617 5111 738 5169 dicebat.
762 5111 888 5185 Repente
928 5111 1137 5167 institutionem
1168 5110 1336 5180 accessisse3
1358 5107 1434 5167 illius
1461 5112 1565 5169 etenim
1594 5110 1731 5168 sementis

81 5201 429 5274 juxtaquirlammescitur·
440 5202 524 5270 unde,
535 5199 624 5258 astitit
634 5201 719 5259 homo
732 5203 888 5274 gandava
928 5201 1025 5257 existit
1037 5199 1174 5274 quidquid
1189 5217 1314 5274 unquam
1329 5199 1396 5257 boni
1411 5202 1518 5258 fructus
1545 5201 1574 5257 in
1598 5198 1730 5258 Beccensi

83 5291 186 5356 uatis,
214 5298 243 5347 et
269 5289 483 5348 modestissima
513 5291 689 5360 alacmtatis3
722 5289 812 5347 irater
839 5290 888 5363 qui
929 5289 1064 5356 cenobio,
1084 5289 1128 5344 rel
1143 5289 1178 5344 ah
1193 5289 1385 5345 eoexstiterit.
1401 5289 1494 5345 Arbor
1513 5288 1653 5345 fructibus
1678 5304 1730 5362 op-

82 5380 212 5436 litaniam
227 5379 388 5453 proferebat
402 5379 482 5437 illum
496 5380 566 5436 vidit
578 5386 607 5436 et
618 5380 654 5436 ab
672 5379 811 5437 universis
834 5397 888 5453 pu·
929 5381 1000 5436 tima
1009 5379 1064 5435 fuit
1070 5377 1237 5434 venerabilis
1247 5378 1397 5434 Anselmus
1405 5377 1533 5432 Ecclesia
1542 5378 1730 5449 augustensis

82 5469 162 5526 tabat
175 5471 310 5543 conspici,
325 5470 467 5527 estimans
480 5487 635 5545 pauperem
644 5487 705 5528 esse
715 5470 764 5545 qui
774 5475 889 5544 presto·
929 5468 1055 5535 clericus,
1073 5467 1120 5541 qui
1135 5467 1216 5524 illurn
1234 5468 1377 5524 doctorem
1390 5464 1542 5520 maximum
1558 5465 1729 5524 adordinem

81 5559 244 5629 hainaut
257 5560 345 5620 tinius
360 5559 467 5620 htaaiis
479 5561 747 5635 postularataliquid
756 5559 886 5618 sibidari:
929 5559 1132 5618 monachorum
1140 5557 1315 5628 subsecutus,
1325 5555 1523 5630 adprioratum
1533 5568 1644 5629 quoqne
1654 5554 1728 5629 ejus·
