3896 6170
91 215 152 274 rim
646 217 649 222 ·
724 175 729 184 ’
827 219 974 276 uusrcr.
1651 233 1722 296 1162

91 340 256 398 eritcseteris
271 340 381 397 duobus
394 339 548 410 obscurior,
562 342 652 399 donec
669 343 705 399 de
728 343 819 400 modis
833 349 915 408 vo-A
925 345 1016 400 forma
1028 347 1118 418 possit
1136 347 1262 420 agnosci,
1280 349 1316 404 ab
1334 344 1462 424 antiquis
1479 355 1586 413 tradita
1606 361 1721 418 musicis

92 447 149 486 cum
162 435 285 486 trasmae
299 430 476 503 coeperimus.
488 432 543 486 Pro
556 431 675 504 hisergo
688 433 781 489 tribus
794 432 884 489 modis
923 434 1074 507 descriptio
1087 437 1271 509 supponenda
1282 443 1333 494 est·
1344 441 1395 496 ›Et
1406 447 1469 513 post
1480 444 1539 500 haec
1553 447 1721 518 quibusdam

91 535 216 592 supremo
228 519 370 591 Largitori
393 537 426 576 so
444 521 567 592 majores
592 538 609 575 a
632 521 714 576 nobis
731 522 884 578 referendae
923 521 1098 595 interpositis
1111 547 1118 582 :
1131 543 1144 578 c
1155 530 1239 597 etque
1255 527 1300 582 hic
1313 529 1476 601 estinquit,
1486 538 1599 591 octavus
1609 539 1720 610 modus,

91 613 150 664 suut
160 613 266 679 matos,
282 625 338 680 quo
352 607 498 680 hucusque
516 609 650 680 incogniti
665 609 795 665 omuibus
809 611 884 664 anti·
925 627 1010 682 quam
1028 612 1190 668 Ptolomeus
1203 619 1459 686 superannexuit.»
1475 622 1594 679 causam
1609 643 1721 700 quoque

91 697 146 770 quis
156 703 186 752 et
199 697 342 752 modernis
357 697 510 765 latuerunt,
521 698 697 770 latentesque
708 698 830 754 maxima
844 697 884 752 eis
924 699 1010 770 hujus
1037 701 1201 782 annexionis
1227 705 1347 774 aperuit,
1368 707 1475 763 scilicet
1498 712 1573 783 quod
1597 714 1721 788 antiquis

91 787 197 842 errandi
225 803 311 842 causa
334 785 460 842 fuerunt.
485 788 559 842 Nam
584 787 637 843 etsi
662 787 834 858 generaliter
851 803 885 841 ex
925 804 981 842 non
995 788 1050 844 nisi
1063 795 1170 860 septem
1186 792 1284 847 modos
1306 797 1544 864 quemadmodum
1563 808 1592 858 et
1614 811 1722 878 septem

90 875 244 946 ignorantia
257 875 306 930 ilia
320 881 441 947 quatuor
454 892 560 940 rerum,
578 877 608 932 in
622 876 724 948 quibus
738 876 808 931 artis
821 893 884 930 mu·
925 875 1722 954 speciesdiapasonsecundum'septemdiscriminavocum

91 963 147 1020 sica
158 980 271 1019 summa
284 964 419 1029 consistit,
442 965 560 1020 diversis
579 965 657 1032 locis,
673 971 706 1020 ut
720 965 884 1037 predictum
925 963 1135 1034 recipientibus,
1150 969 1313 1024 eorumdem
1329 973 1474 1029 modorum
1490 975 1673 1050 dispositione
1687 983 1723 1040 ab

92 1057 137 1119 ast,
153 1052 344 1120 deviaret-inm
367 1053 396 1108 in
411 1055 464 1108 hoc
479 1060 574 1109 tamen
598 1055 669 1120 loco,
689 1055 718 1109 id
733 1061 785 1117 est,
801 1053 831 1108 in
845 1053 885 1124 ip·
926 1051 967 1106 oie
977 1052 1006 1106 in
1023 1054 1327 1125 proslambanomenos,
1351 1061 1425 1131 quod
1447 1068 1490 1118 est
1508 1065 1541 1120 Α.
1557 1067 1678 1142 incepta,
1694 1077 1722 1128 et

92 1159 182 1197 sarum
207 1141 243 1197 D.
265 1148 295 1197 et
320 1141 360 1204 d..
373 1141 544 1198 biformitate
571 1143 748 1214 agnoscenda
770 1141 885 1214 speciali
924 1141 1018 1196 usuali
1043 1141 1174 1198 tonorum
1197 1151 1247 1200 aut
1275 1148 1486 1208 semitoniorum
1511 1155 1670 1214 intensione
1692 1161 1723 1217 in

92 1230 208 1302 quadam
219 1231 344 1287 caecimte
358 1232 492 1303 percussi,
506 1237 536 1288 et
549 1231 629 1304 quasi
645 1231 774 1288 unanimi
796 1231 885 1286 oden·
925 1236 1060 1301 paranetc
1072 1232 1349 1306 hyperboleon,quod
1360 1244 1404 1293 est
1419 1257 1447 1311 g.
1463 1243 1604 1313 gradatim
1619 1249 1724 1319 perdu-

92 1321 164 1376 siooe
180 1319 298 1392 repulsi,
313 1335 410 1376 omnes
423 1320 538 1376 adducti
551 1321 662 1376 suntin
681 1336 815 1376 errorem.
837 1319 885 1374 ln·
926 1318 1073 1391 otaibique
1087 1321 1177 1388 finita,
1194 1324 1326 1393 quoniam
1341 1327 1400 1382 haec
1413 1331 1522 1402 tropica
1531 1332 1675 1406 dispositio
1690 1354 1723 1394 ex

92 1409 174 1464 terim
188 1409 279 1480 igitur
287 1408 445 1464 mirabilem
469 1409 593 1481 ipsarum
607 1409 641 1466 D.
658 1415 687 1465 et
699 1409 727 1465 d.
753 1414 885 1464 naturam
925 1407 1314 1482 simplicibusquatuordecim
1325 1416 1437 1472 chordis
1447 1421 1583 1491 consistit,
1595 1425 1724 1484 etadhuc

91 1497 271 1570 speculantes,
288 1499 442 1554 secundum
456 1499 496 1566 id,
517 1499 591 1571 quod
610 1499 640 1554 in
659 1497 784 1571 quolibet
801 1497 885 1552 bifor·
924 1497 959 1553 do
972 1496 1016 1552 bis
1030 1497 1165 1569 diapason
1180 1517 1313 1572 suprema
1326 1504 1430 1562 chorda
1444 1513 1508 1564 nete
1522 1511 1721 1584 hyperboleon,

91 1587 192 1642 mimtis
203 1592 234 1642 et
251 1585 423 1659 duplicitatis
444 1604 503 1642 sum
525 1588 609 1643 modo
633 1587 741 1644 faciunt
764 1592 884 1658 utraque
925 1602 986 1659 quae
996 1586 1166 1658 est2detuit.
1176 1595 1209 1644 ut
1219 1589 1260 1644 bis
1270 1591 1405 1664 diapason
1415 1601 1507 1653 totum
1516 1598 1545 1654 in
1560 1601 1612 1658 hoc
1624 1605 1724 1661 ordine

90 1693 182 1743 unum,
206 1693 265 1732 nou
289 1676 517 1733 inconvenienter
534 1693 583 1732 eas
604 1676 712 1749 lapides
735 1669 1125 1748 angularesBinsumeretur,
1136 1683 1250 1734 octavus
1258 1681 1358 1738 modus
1368 1683 1398 1738 in
1406 1685 1556 1744 Ptolomaeo
1563 1691 1726 1763 adjectuset

90 1764 203 1820 diximus
219 1790 226 1825 :
250 1766 404 1822 secundum
418 1766 447 1822 id
461 1783 537 1833 vero,
558 1767 633 1839 quod
659 1781 758 1821 omnes
783 1763 884 1822 musici
924 1765 999 1820 inter
1011 1781 1038 1830 a,
1053 1770 1082 1820 et
1094 1765 1226 1838 :romeus
1240 1773 1292 1824 est.
1307 1768 1340 1825 in
1356 1788 1412 1842 qua
1425 1777 1566 1834 sententia
1574 1780 1603 1836 id
1617 1783 1724 1838 sentire

88 1855 203 1924 gravitm
227 1855 264 1922 in,
273 1855 314 1910 eis
327 1855 515 1923 offenderunt,
538 1871 596 1911 non
619 1854 763 1910 immerito
777 1853 884 1926 lapides
926 1853 1057 1910 uidentur
1070 1855 1189 1927 antiqui,
1198 1862 1295 1930 tropos
1309 1867 1424 1932 propter
1435 1863 1487 1920 hoc
1496 1870 1642 1938 augendos
1651 1887 1722 1940 esse,

90 1943 246 2000 ofmuiouis
273 1952 302 1999 et
323 1945 447 2000 scandali
462 1949 559 2017 petras
585 1943 783 2012 nominamus,
809 1942 883 2014 quod
924 1957 961 1997 ne
976 1942 1006 1997 in
1030 1959 1128 1999 eorum
1153 1944 1334 2018 dispositione
1360 1949 1395 2005 de
1418 1968 1529 2010 summa
1553 1957 1725 2016 chordarum

89 2038 118 2086 ut
138 2031 335 2090 indubitanter
360 2033 522 2106 probemus,
538 2049 624 2106 quam
646 2033 758 2088 fortiter
784 2031 815 2087 in
839 2031 884 2086 bis
925 2031 993 2103 quid
1016 2032 1157 2103 supersit3
1180 2050 1244 2090 cum
1263 2052 1316 2092 nos
1342 2055 1406 2095 vere
1427 2042 1593 2113 sentiamus,
1632 2049 1723 2120 magis

89 2121 223 2176 maximus
238 2122 419 2194 antiquorum
432 2122 558 2185 Boetius,
573 2138 607 2178 ac
620 2121 820 2177 modernorum
837 2135 886 2191 po·
924 2119 1045 2176 chordos
1053 2127 1204 2194 propterea
1213 2123 1298 2180 eham
1306 2129 1568 2198 superabundantes
1580 2137 1725 2208 ponendas

89 2209 185 2265 u'ssimi
198 2211 268 2267 Otto
282 2216 312 2266 et
326 2209 417 2268 Guido
427 2209 604 2280 offenderint,
619 2211 650 2268 iu
663 2207 830 2268 memoriam
844 2225 886 2265 re-
926 2225 997 2278 esse,
1017 2227 1054 2266 ne
1068 2212 1160 2267 solum
1175 2212 1210 2267 de
1233 2215 1356 2270 naturali
1370 2217 1563 2291 dispositione,
1579 2226 1628 2281 sed
1647 2230 1676 2281 et
1690 2227 1726 2283 de

88 2298 229 2358 dmm·
926 2299 1050 2370 regulari
1065 2299 1214 2356 diffusione
1225 2301 1396 2377 licentiaque
1409 2313 1566 2382 troporum,
1582 2312 1612 2369 in
1625 2313 1726 2387 quibus

446 2391 521 2447 xvi.
924 2391 987 2442 tota
1011 2387 1053 2443 vis
1081 2388 1235 2446 harmonia
1253 2391 1310 2448 sita
1333 2399 1386 2461 est,
1402 2398 1470 2467 quid
1493 2399 1575 2456 desit.
1600 2403 1726 2461 Dicimus

87 2477 211 2544 &solim
223 2481 333 2536 Boetius
347 2484 472 2536 etcetera'
485 2483 587 2536 musici
600 2481 633 2535 in
646 2481 678 2536 il.
695 2483 720 2534 et
734 2479 761 2533 d.
777 2493 886 2534 mauc-
926 2476 1013 2543 enim,
1029 2477 1103 2548 quod
1117 2483 1147 2534 et
1159 2479 1324 2537 certissimis
1342 2483 1508 2556 Gregoriani
1523 2496 1622 2547 cantus
1635 2509 1728 2549 exem-

136 2571 207 2632 rint,
222 2573 249 2623 et
259 2570 332 2639 quod
344 2569 486 2638 duplead.
498 2571 649 2624 necessario
663 2571 835 2623 assumatur.
928 2565 981 2636 plis
995 2565 1294 2639 probemus,quoniam
1314 2587 1411 2628 omnes
1423 2576 1497 2648 tropi
1510 2594 1597 2650 supra
1610 2587 1640 2636 et
1653 2582 1727 2638 inira

118 2657 239 2714 Boetius
247 2658 468 2731 indispositione
483 2664 545 2713 octo
560 2657 718 2730 figuraliter
731 2655 883 2726 descripta,
926 2653 1071 2710 naturales
1093 2655 1228 2728 diapason
1251 2658 1295 2713 sui
1310 2662 1447 2717 terminos
1460 2665 1611 2736 aliquando
1630 2670 1660 2725 in
1679 2688 1726 2727 so·

85 2746 130 2802 ubi
139 2754 239 2820 tropos
252 2747 351 2820 primis
359 2764 457 2804 eorum
467 2747 758 2820 nominibus,protum
769 2747 886 2802 authen·
926 2759 996 2798 num
1009 2743 1141 2811 ricinum,
1157 2745 1308 2817 aliquando
1322 2748 1350 2804 in
1365 2751 1480 2806 tertium
1496 2753 1613 2812 licenter
1626 2775 1656 2813 se
1671 2760 1726 2816 dif-

84 2836 171 2892 fisum
178 2836 755 2908 dorium,dcuterumphrygium,tertium
765 2835 883 2908 lydium,
926 2831 1057 2899 fundunt,
1074 2848 1136 2904 quae
1151 2833 1273 2902 licentia,
1290 2843 1324 2892 ut
1337 2839 1468 2895 omnibus
1487 2845 1633 2915 aqualiter
1646 2848 1726 2904 attri-

85 2925 243 2981 tetrardum
270 2925 465 2998 mixolydium,
493 2925 655 2996 subjugales
685 2924 882 2998 hypodorium,
925 2919 1039 2988 buatur,
1061 2939 1085 2977 a.
1111 2927 1195 2978 acuta
1218 2926 1333 2982 omnino
1355 2934 1397 2982 est
1423 2933 1593 2990 necessaria.
1619 2935 1658 2992 Ex
1672 2939 1734 2994 hoc·

83 3012 322 3087 hypophrygium,
348 3015 534 3087 hypolidium,
553 3013 813 3087 hypomixolydium
836 2981 915 3068 νο-(Ῑ
927 3009 1013 3065 etiarn
1031 3011 1131 3066 eadem
1144 3028 1171 3066 a.
1192 3013 1355 3071 nullatenus
1369 3017 1404 3072 do
1418 3034 1531 3076 summa
1555 3022 1726 3084 chordarum

84 3103 189 3158 masin
210 3107 326 3159 tautum
351 3103 480 3171 donavit,
495 3107 527 3159 ut
546 3119 610 3159 curn
634 3103 795 3174 subjugales
819 3101 885 3158 iude
925 3098 1019 3171 perire
1032 3099 1145 3170 poterit,
1170 3099 1237 3172 quia
1263 3103 1430 3176 quadrupla,
1455 3124 1516 3179 quae
1543 3115 1726 3172 mensurandi

82 3187 222 3256 deantur,
239 3190 315 3262 quod
328 3189 471 3262 subjugati
493 3196 523 3245 et
545 3188 651 3246 subditi
676 3189 733 3245 sive
749 3187 886 3261 suppositi
927 3188 1110 3244 monochordi
1126 3193 1169 3244 est
1182 3188 1306 3258 initium,
1331 3193 1454 3264 primum
1468 3195 1498 3251 in
1516 3215 1582 3255 eum
1600 3203 1726 3274 spatium

81 3276 136 3334 sint
148 3278 335 3347 authenticis,
348 3279 403 3352 ipsi
417 3279 592 3352 subjugalem
605 3278 822 3351 tetrardi,quam
832 3294 884 3334 nos
925 3276 1069 3332 terminat.
1082 3277 1172 3342 Quam
1179 3278 1297 3352 penitus
1311 3281 1395 3337 etiam
1408 3283 1474 3340 inde
1493 3287 1531 3342 sit
1542 3289 1723 3364 inevitabilis,

81 3373 210 3424 oetarmn
225 3367 360 3437 dicimus,
373 3368 535 3424 authentico
552 3384 604 3424 suo
619 3368 770 3441 mixolydio
784 3385 883 3440 super·
925 3367 999 3438 quod
1012 3367 1179 3438 ingenerati
1194 3373 1336 3426 structura
1358 3374 1541 3432 monochordi
1563 3379 1634 3435 nihil
1658 3400 1725 3454 pro·

80 3457 299 3526 posueritunde
309 3461 338 3514 et
344 3457 619 3532 hypermixolydium
629 3473 695 3514 eum
704 3457 860 3533 nominavit
874 3475 880 3512 :
924 3455 1082 3527 portionale
1092 3455 1153 3512 sine
1168 3456 1231 3529 ipsa
1243 3464 1337 3530 potest
1350 3463 1475 3533 regulari
1489 3467 1723 3541 ordineinveuiri,

79 3544 134 3611 ubi,
149 3563 190 3602 ne
199 3547 306 3614 dicam,
319 3562 404 3619 quam
423 3547 621 3619 incongruum,
641 3548 690 3603 sed
705 3563 790 3618 quam
805 3563 884 3619 pror·
925 3545 968 3600 vel
982 3544 1151 3616 simplicium
1175 3547 1270 3602 nullus
1291 3548 1414 3620 ignorat.
1431 3552 1491 3611 Hac
1504 3554 1595 3628 igitur
1617 3559 1723 3633 triplici

78 3636 264 3702 sumnum,
279 3636 375 3704 idest,
389 3635 661 3708 subjugalishabeat
675 3638 779 3702 locum,
794 3635 883 3708 ipsius
923 3633 1033 3688 ratione
1054 3639 1120 3689 nete
1144 3635 1336 3707 hyperboleon
1357 3639 1525 3711 adstruitur,
1545 3662 1597 3702 nec
1619 3648 1723 3708 idcirco

77 3730 187 3782 natum
212 3725 298 3782 docet
310 3724 472 3793 auctoritas,
495 3742 557 3798 quae
576 3725 729 3796 unicuique
742 3731 836 3797 tropo,
851 3729 884 3780 ut
923 3721 1060 3787 aboletur,
1072 3723 1096 3779 si
1109 3726 1252 3796 superflua
1263 3727 1390 3784 rideatur
1399 3729 1429 3784 in
1443 3735 1567 3791 naturali
1578 3742 1724 3811 troporum

75 3814 257 3870 sufficienter
266 3815 328 3885 jam
338 3813 470 3881 diximus,
487 3815 571 3870 talem
586 3815 679 3871 locum
693 3813 801 3880 tribuit,
812 3813 883 3869 utin
923 3809 1113 3883 dispositione,
1127 3817 1225 3885 utpote
1237 3831 1322 3887 quam
1347 3817 1453 3890 absque
1477 3822 1529 3878 hac
1550 3825 1671 3897 pleniter
1690 3847 1723 3886 ox

75 3903 131 3958 suis
146 3902 358 3977 principalibus
380 3903 491 3960 chordis
511 3908 542 3959 et
558 3903 671 3959 initium
695 3909 725 3959 et
746 3904 832 3958 llnem
855 3907 885 3958 et
925 3899 1126 3973 bisdiapason,
1143 3902 1172 3957 id
1198 3909 1250 3971 est,
1271 3905 1409 3962 sexdecim
1424 3908 1536 3967 chordis
1559 3913 1634 3971 infra
1656 3935 1723 3991 spa·

72 3993 201 4049 mediam
226 3992 440 4049 msuneuonem
464 3993 594 4066 accipiat,
616 3997 646 4049 et
669 4009 731 4065 quae
744 3993 880 4065 tropicam
924 3989 996 4044 tium
1020 3990 1232 4061 quatuordecim
1252 3993 1420 4068 chordarum
1445 3999 1573 4071 existere,
1593 4003 1664 4074 jam,
1689 4011 1722 4063 ut

73 4081 298 4154 dispositionem
309 4083 630 4155 quatuorprincipalium
637 4082 880 4138 tetrachordorum
921 4077 1054 4150 arbitror,
1068 4079 1249 4137 manifestum
1263 4086 1315 4137 est.

71 4173 247 4241 terminum,
263 4173 313 4245 qui
327 4179 371 4228 est
383 4173 413 4229 in
434 4173 578 4229 excellenti
599 4190 627 4246 g.
641 4179 718 4230 vetat
737 4179 882 4230 transcen·
1274 4169 1363 4228 XVII·

71 4261 136 4318 dm
155 4281 163 4317 ζ
188 4262 271 4318 unde
284 4261 319 4317 D·
336 4265 366 4318 et
378 4263 406 4318 d·
420 4268 479 4318 mm
493 4263 524 4318 in
538 4279 656 4319 numero
670 4279 756 4335 quam
780 4265 912 4360 effectun
951 4257 1081 4325 dualiter
1094 4259 1222 4313 niodum
1232 4251 1390 4317 erraverim
1403 4265 1436 4318 in
1450 4267 1549 4323 eisdem
1563 4267 1682 4328 chordis.

68 4351 251 4408 ,pop-dmm
263 4351 390 4424 duplices
397 4351 586 4424 biformesque
599 4355 880 4426 statuens,tropicam
957 4345 1102 4402 Hactenus
1121 4347 1156 4402 de
1170 4348 1332 4405 offensionis
1344 4350 1405 4407 loco
1427 4354 1583 4412 secundum
1599 4365 1717 4419 veteres.

67 4440 295 4514 dispositionem
308 4446 397 4498 urtam
416 4441 491 4498 infre
514 4443 728 4516 quatuordecim
751 4444 879 4512 chordas,
921 4437 985 4490 iam
999 4435 1144 4491 videamus
1158 4436 1193 4492 de
1206 4437 1267 4509 ipso
1282 4441 1436 4496 secundum
1452 4443 1524 4512 illos,
1537 4463 1607 4518 quos
1620 4467 1720 4524 propo·

64 4533 93 4589 id
108 4539 167 4601 est,
181 4537 299 4604 septem
312 4529 527 4586 discriminatis
540 4531 632 4604 posita
643 4532 771 4604 peragit;
785 4533 881 4605 sicque
921 4525 1032 4580 suimus
1051 4525 1210 4592 modernos,
1226 4531 1256 4581 ct
1271 4528 1323 4583 hoc
1333 4545 1366 4585 eo
1380 4525 1543 4603 districtius,
1564 4553 1621 4609 qua
1633 4541 1719 4602 latius

64 4635 184 4685 acutam
204 4643 235 4683 a.
257 4623 338 4697 quasi
360 4624 533 4697 superfluam
550 4638 697 4678 remanere
710 4623 826 4695 patitur,
849 4623 878 4679 in
921 4614 956 4670 dc
971 4615 1153 4686 antiquorum
1165 4617 1298 4672 smndalo
1313 4619 1404 4689 planae
1425 4621 1619 4696 intelligentia
1633 4647 1720 4692 causa

61 4735 150 4790 qum
182 4713 347 4788 subjugalis
368 4713 418 4768 qq,
436 4712 592 4768 secundum
617 4712 746 4768 goarium
769 4713 876 4770 finitur,
920 4705 1113 4764 tractavimus.
1134 4705 1198 4761 Otto
1211 4706 1241 4761 in
1259 4708 1419 4765 enchiriade
1433 4728 1484 4767 sua
1498 4715 1568 4771 satis
1581 4717 1716 4788 declarat,

60 4809 159 4873 Qum
171 4805 338 4863 seeundum
347 4801 489 4870 Boetium,
506 4806 535 4858 et
548 4818 605 4857 non
618 4802 772 4858 secundum
782 4805 877 4859 Ptolo.
919 4795 985 4867 quia
1007 4795 1084 4849 solus
1108 4795 1239 4850 eumdem
1262 4797 1420 4854 communis
1442 4801 1602 4861 offendiculi
1625 4809 1717 4869 locum

57 4914 179 4964 mmm,
214 4895 262 4949 vel
273 4892 428 4949 secundum
453 4907 550 4947 omnes
565 4891 877 4964 antiquissimosMusi·
917 4884 1061 4941 naturalis·
1080 4883 1185 4954 ingenii
1210 4884 1382 4942 sublimitate
1403 4889 1641 4967 deprehenderam
1667 4902 1716 4958 sed

56 5004 158 5043 mrum
175 4980 339 5040 dicamus?
353 4979 434 5046 Quod
448 4978 522 5035 enim
541 4979 640 5034 eadem
657 4979 771 5051 tropica
784 4980 877 5053 dispo.
918 4975 985 5030 dum
998 4973 1083 5028 nimis
1105 4977 1204 5029 cautus
1227 4978 1257 5029 et
1271 4976 1352 5046 quasi
1367 4979 1475 5035 caeteris
1488 4981 1715 5058 circumspectior

56 5075 173 5132 titionis
189 5073 291 5144 figura
304 5069 364 5125 suis
375 5067 549 5140 temporibus
564 5067 600 5124 ab
610 5067 734 5140 antiquis
750 5068 875 5125 derivata
916 5063 989 5120 circa
999 5063 1078 5118 illum
1087 5061 1187 5131 extitit,
1198 5065 1306 5122 ceteris
1318 5067 1432 5137 gravius
1446 5069 1474 5124 in
1484 5069 1577 5142 ipsum
1588 5075 1714 5136 offendit.

55 5167 90 5220 git
104 5160 251 5226 Magicis,
266 5164 296 5215 et
307 5159 381 5231 quod
392 5159 560 5214 Ptolomeus
575 5173 673 5213 eorum
683 5157 874 5214 nobilissimus
916 5153 998 5209 Solus
1012 5154 1088 5208 enirn
1101 5152 1235 5209 biformes
1249 5155 1429 5229 duplicesque
1439 5157 1472 5212 D.
1484 5166 1512 5214 et
1523 5160 1550 5216 d.
1564 5162 1710 5234 intellexit,

56 5255 200 5310 eumdem
217 5249 250 5305 in
268 5263 400 5320 supremo
414 5246 554 5302 addiderit
568 5246 753 5319 subjugalem,
769 5248 830 5320 ipse
844 5247 874 5304 in
917 5247 946 5296 et
958 5242 1026 5298 dum
1041 5243 1093 5298 hoc
1104 5241 1235 5298 distincte
1247 5251 1399 5317 aperteque
1413 5247 1543 5303 omnibus
1557 5250 1715 5326 intelligen-

55 5345 170 5400 musim
181 5355 246 5396 sua
256 5336 396 5401 meminit,
406 5340 471 5409 post
479 5343 619 5408 peractam
630 5342 774 5408 troporum
786 5337 877 5409 dispo·
917 5331 984 5386 dum
999 5331 1123 5403 proferre
1136 5333 1255 5398 studuit,
1275 5333 1389 5389 modum
1405 5334 1433 5388 in
1451 5334 1649 5408 distinguendo
1664 5363 1712 5402 ex-

56 5434 201 5489 altionem
224 5427 270 5483 ita
282 5427 379 5482 dicens
394 5439 401 5474 :
416 5426 543 5492 Quorum
556 5441 613 5480 non
633 5431 665 5480 ut
685 5424 876 5500 intelligentiae
916 5419 1008 5475 cessit·
1026 5419 1096 5476 Cum
1109 5421 1185 5475 essim
1201 5421 1233 5476 D·
1250 5437 1308 5476 '¹¹¹³
1321 5421 1475 5494 0⁸⁶0qu
1487 5425 1633 5484 Ulfifflssst
1645 5449 1713 5504 tm·

55 5525 150 5582 „lum
166 5515 257 5580 ratio
269 5513 535 5591 comprehendatur,
549 5531 648 5572 serum
662 5515 750 5574 oculis
763 5533 875 5590 quoque
916 5509 993 5566 vium
1005 5513 1034 5564 et
1045 5509 1136 5582 prima
1148 5509 1324 5578 finaliumet
1333 5525 1397 5567 cum
1406 5511 1562 5587 eademque
1574 5517 1715 5590 primasit

184 5619 332 5684 Parnon.
354 5615 415 5680 ct..
1239 5703 1241 5710 ,
1556 5613 1597 5678 ³⁷
