3896 6170
179 395 185 404 ⁸
223 317 293 378 itm
742 306 771 360 S
792 303 989 360 GUlLLEtlll
1008 301 1160 358 ABBA'l'lS
1179 301 1349 358 lllRSAUG
1765 299 1818 358 lltl

221 456 339 514 surgere
352 454 408 492 nan
419 435 517 508 possit,
533 433 567 486 ad
582 431 657 484 laune
679 427 802 501 quotidie
824 443 934 482 summo
946 426 1018 482 dilu·
1008 426 1219 498 Acymbalurn
1229 443 1280 482 sua
1290 427 1454 497 intempore
1464 423 1752 495 percutiaturaprrore
1762 427 1822 495 quad

222 519 724 586 calovenitairnulcurninlirmario,
740 516 1021 587 ibiqueantelectum
1061 522 1155 570 tamen
1181 517 1302 587 ipsemet
1327 514 1422 570 statim
1448 513 1577 585 percutit,
1600 528 1660 566 cum
1686 513 1823 583 pradictum

223 621 292 688 eJ'us,
314 633 377 670 cum
401 613 522 668 dixerint
536 625 646 663 tersum
669 609 801 670 Pretiosa,
824 605 858 658 de
880 605 1020 668 omnibus,
1062 604 1177 658 cubum
1167 621 1225 675 Janr
1244 609 1375 674 paratum
1390 618 1451 658 esse
1465 601 1576 664 vident
1594 599 1736 656 fratribus
1730 602 1824 656 lamna

222 724 284 778 quea
296 703 391 768 habet,
407 703 450 755 vel
464 699 609 770 acquirere
625 701 726 766 potest,
745 694 906 758 suscitatur,
919 693 1020 764 siquid
1062 692 1091 745 in
1105 692 1190 746 choro
1209 693 1323 746 lectioni
1336 689 1510 746 vacantibus.
1525 688 1561 742 Hi
1580 693 1645 743 sunt
1663 693 1827 759 actamquae

222 795 268 862 sit,
281 792 355 864 quod
371 790 424 846 srbr
433 806 465 842 ιι
450 785 569 850 icatur
585 791 617 839 ut
632 789 770 855 praeparet
784 781 857 835 ad'
834 798 894 852 eJus
911 797 1020 852 praepa-
1061 781 1223 835 cellerarius
1237 781 1431 851 suffraganeos
1444 777 1538 832 babet.
1552 777 1661 832 Primus
1671 776 1715 847 qui
1728 792 1771 846 per
1781 793 1828 832 om·

221 883 372 938 rationem.
388 878 480 932 lllio
504 875 589 930 etiam
612 879 739 942 tempore
765 869 832 924 illuc
854 870 949 924 venire
964 885 1019 924 non
1061 869 1109 924 nia
1123 870 1211 924 vicem
1227 867 1501 939 ejusabsentisagit,
1517 873 1546 922 et
1559 865 1828 937 deomnibusrespan·

222 970 336 1034 omittit,
353 974 385 1023 ot
401 966 450 1021 alii
468 962 583 1027 infirmi,
609 961 632 1016 si
654 959 720 1031 quid
734 975 849 1013 necesse
859 957 973 1025 habent,
985 958 1020 1013 ab
1061 958 1118 1026 det,
1134 958 1169 1014 de
1181 957 1305 1030 quibus'
1298 973 1358 1030 lpse
1372 957 1445 1012 solet
1456 955 1634 1027 respondere.

222 1076 256 1116 ea
273 1073 399 1130 quaerere
412 1053 529 1127 possint.
542 1061 602 1115 lua.
608 1049 740 1118 JQuoties
754 1047 886 1118 generale
900 1047 1020 1118 piscium
1339 1045 1461 1102 CAPUT
1484 1043 1583 1100 XLIV.

221 1149 306 1204 datur
320 1151 385 1218 post
405 1147 512 1198 sextam
527 1139 633 1204 statim,
655 1137 737 1192 ιιι’
715 1154 739 1191 ει
759 1135 857 1191 ιιιιιιιιιι
874 1136 1021 1207 jejunatur
1350 1136 1387 1190 Ile
1397 1137 1574 1203 praecatario.

222 1244 409 1310 postumam,
421 1236 512 1286 totum
527 1245 587 1283 esse
598 1225 855 1297 debetdlsposrtum
869 1230 898 1280 et
910 1225 1061 1280 ordina·
1098 1222 1320 1292 (uaJSecundus
1330 1227 1383 1289 est
1397 1239 1446 1293 qm
1456 1237 1598 1276 annonam
1617 1219 1721 1292 recipit,
1729 1225 1831 1291 quemet

222 1331 283 1380 tum
298 1324 328 1378 in
342 1320 467 1378 scutellis
481 1334 566 1390 super
579 1315 704 1371 tabulam
708 1331 784 1385 ,quae
797 1313 875 1368 estin
884 1313 1020 1369 vestibulo
1060 1316 1261 1379 granatarium
1274 1326 1417 1366 vocamus.
1426 1309 1498 1364 Huic
1511 1309 1623 1380 quando
1638 1307 1732 1363 messis
1743 1313 1833 1362 esttata

223 1411 340 1476 cellarii,
357 1415 389 1465 ut
403 1409 479 1480 prior
494 1407 536 1460 rel
557 1406 642 1460 etiarn
665 1403 785 1458 domnus
802 1401 873 1456 abba
894 1402 1017 1467 veniens,
1061 1399 1185 1464 collecta,
1204 1416 1281 1471 prior
1290 1398 1449 1464 innotescit
1461 1398 1559 1470 quanti
1574 1397 1661 1452 modu
1674 1395 1708 1452 de
1720 1395 1763 1450 lla
1775 1395 1832 1451 etde

222 1507 374 1572 arctaquam
386 1496 530 1554 consideat
543 1494 578 1548 ad
592 1493 709 1560 scillam,
724 1492 818 1546 videre
837 1491 934 1562 possit,
955 1491 1021 1562 quid
1062 1489 1110 1543 illa
1128 1487 1288 1543 obedientia
1310 1487 1367 1542 sint
1381 1486 1501 1552 venturi,
1522 1491 1552 1541 et
1575 1485 1649 1556 quod
1662 1485 1744 1540 semel
1760 1483 1832 1550 audit,

223 1587 303 1644 sitin
318 1582 582 1656 singulisscutellis,
606 1581 629 1635 si
652 1580 689 1634 sit
708 1580 824 1652 aequale,
840 1585 869 1634 et
889 1580 929 1634 ita
952 1579 1022 1634 ιιιιι-
1062 1577 1450 1649 usquedumsitredditams
1443 1575 1703 1647 incomposito[ol.,
1713 1571 1835 1646 computo]

223 1695 297 1742 sum,
324 1682 356 1731 ut
377 1672 516 1748 prioribus
540 1687 596 1726 non
621 1669 737 1724 veniant
758 1667 888 1722 meliores
915 1673 1020 1739 par-,tes
1062 1664 1244 1722 suatenebit.
1260 1665 1383 1720 Pistores
1397 1663 1708 1736 suutsubejusmauu.
1718 1662 1775 1728 Qui,
1785 1677 1835 1716 cun

223 1762 420 1837 multumque'
413 1780 443 1817 ιιι
456 1762 509 1816 hoc
522 1775 625 1830 genere
636 1772 819 1830 personarum
837 1755 961 1827 acceptio
973 1772 1019 1810 ca·
1031 1739 1236 1810 Blrumentum
1264 1753 1433 1825 acceperint,
1462 1753 1534 1808 duas
1556 1752 1663 1824 speeies
1688 1751 1763 1823 panis
1782 1755 1837 1804 suat

222 1861 312 1912 vetur.
1061 1843 1208 1910 reddituri
1224 1848 1259 1898 ut
1272 1842 1409 1914 quidquid
1427 1842 1465 1898 sit
1482 1841 1518 1897 ab
1541 1841 1596 1896 alio
1614 1839 1748 1896 conductu
1761 1839 1835 1912 penis,

259 1942 371 1998 Debet
381 1940 466 1994 etiam
476 1937 550 1992 idem
566 1935 728 1991 cellerarius
738 1949 844 2000 carere,
857 1949 893 1988 ne
902 1932 932 1988 in
941 1948 1019 1994 com·
1061 1936 1157 1987 tamen
1171 1931 1219 2002 qui
1233 1931 1343 1986 dandus
1353 1935 1397 1985 est
1406 1929 1432 1984 fr
1432 1929 1550 1994 atrebas,
1559 1929 1649 2000 possut
1656 1943 1716 1983 esse
1723 1927 1835 1999 optumus.

224 2031 304 2087 muni
316 2031 433 2084 fratrum
449 2025 566 2099 prandio
582 2025 625 2078 rel
640 2038 719 2076 coena
733 2022 793 2093 ipse
807 2037 871 2076 cum
885 2020 1020 2075 fratribus
1061 2017 1136 2092 Ergo
1160 2020 1196 2075 de
1215 2021 1317 2076 maltro
1342 2019 1423 2091 panis
1447 2017 1504 2073 albi
1527 2017 1670 2088 octoginta
1681 2014 1765 2084 libra,
1777 2013 1838 2085 nigri

223 2121 259 2176 ad
272 2117 452 2174 reficiendum
465 2115 562 2170 sedeat
575 2127 711 2182 unquam,
727 2110 782 2165 nisi
804 2121 854 2165 aut
875 2109 1020 2180 phleboto·
1062 2109 1146 2164 etiam
1157 2109 1238 2180 penis
1254 2109 1289 2164 de
1304 2109 1406 2164 maltro
1418 2107 1571 2179 octoginta,
1582 2123 1653 2178 quas
1667 2105 1725 2178 ipse
1737 2105 1838 2176 diligen·

224 2215 328 2273 matus,
345 2212 395 2260 aut
408 2204 464 2258 alia
478 2201 791 2269 infirmitategraratus.
800 2198 870 2251 Cum
882 2196 1022 2252 servitori·
1062 2201 1106 2252 ter
1119 2197 1264 2270 dispensat
1277 2197 1418 2264 omnibus,
1439 2201 1525 2268 prout
1544 2195 1757 2260 constitutionis,
1772 2195 1837 2264 teor.)

222 2297 276 2352 bas
290 2294 417 2351 reficiens
431 2292 467 2346 ad
482 2306 608 2345 mensam
632 2289 767 2358 majorem
782 2286 805 2342 si
820 2285 927 2358 aliquid
941 2301 1022 2356 spor·
1062 2286 1106 2340 vel
1128 2287 1265 2357 cujusque
1286 2301 1377 2342 causae
1405 2286 1478 2340 ratio
1501 2285 1597 2352 dictat,
1623 2283 1665 2340 vel
1686 2281 1840 2356 procidentia

223 2387 304 2452 serit,
318 2384 361 2438 rel
375 2380 501 2454 fregerit,
514 2380 544 2433 in
554 2377 677 2450 capitulo
687 2375 797 2430 veniam
808 2375 895 2445 petit3
911 2374 936 2428 si
950 2373 1023 2428 soni·
1064 2374 1203 2428 cellerarii
1214 2373 1335 2444 judicat.
1352 2375 1363 2398 ⁹
1377 2377 1526 2428 Annonam
1545 2388 1657 2444 quoque
1667 2373 1839 2442 jumentamm

223 2481 284 2538 tum
297 2472 404 2536 fecerit,
420 2475 532 2524 tantum
546 2466 674 2522 inclinat.
689 2469 758 2534 (uu.)
773 2464 812 2518 Eo
827 2462 882 2528 die,
895 2478 950 2534 quo
960 2478 1023 2516 sen·
1062 2460 1246 2518 nihilominus
1260 2462 1322 2533 ipse
1335 2461 1435 2516 tribuit
1448 2460 1564 2516 ostiario
1582 2461 1668 2515 etiam
1686 2460 1723 2514 ad
1733 2475 1792 2514 usus
1801 2457 1841 2511 ba·

222 2561 313 2617 tentia
326 2558 441 2630 Regula
462 2557 496 2621 (c.
522 2554 569 2624 st)
590 2552 625 2607 de
650 2551 698 2606 illo
720 2551 834 2622 legitur,
855 2550 884 2604 in
899 2549 1020 2621 capitulo
1062 2550 1177 2620 spitum,
1204 2549 1427 2622 quotiescunque
1441 2549 1594 2605 necessitas
1614 2549 1713 2621 pascit.
1732 2547 1771 2603 Ad
1790 2547 1840 2616 eJ'm

222 2649 327 2705 habent
341 2649 375 2702 de
386 2648 446 2718 ipso
461 2644 561 2698 fratres
576 2641 754 2696 charitatem.
769 2641 779 2663 ⁸
795 2639 874 2704 Quod
886 2645 981 2694 tamen
997 2638 1021 2694 si
1062 2638 1148 2692 etiam
1168 2655 1264 2692 curam
1283 2638 1336 2694 hoc
1350 2637 1510 2710 specialiter
1534 2638 1660 2708 respicit,
1678 2652 1713 2692 ne
1734 2651 1841 2708 unquam

225 2737 357 2803 secunda,
382 2740 483 2808 quarte
503 2731 546 2788 vel
569 2737 648 2786 sexta
675 2729 744 2784 feria
758 2728 787 2784 in
801 2727 1023 2799 Quadragesima
1062 2727 1143 2798 panis
1157 2727 1365 2798 aliquantulum
1382 2725 1628 2782 meliorfratribus
1643 2727 1748 2782 inlecta
1759 2726 1841 2795 jacea·

223 2826 358 2891 evenerit,
378 2840 467 2894 usquc
482 2823 511 2876 in
526 2819 680 2876 crastinum
702 2817 839 2883 differtur,
857 2833 890 2872 eo
905 2817 980 2888 quod
992 2817 1022 2871 in
1062 2814 1138 2869 tibus
1152 2815 1235 2870 desit.
1245 2816 1356 2886 [uu.)Si
1367 2831 1450 2886 quam
1461 2814 1664 2886 negligentiam
1679 2814 1732 2887 ipsi
1740 2811 1842 2886 pistores

222 2917 268 2973 his
289 2910 501 2988 praenominatis
521 2908 628 2968 diebus.
645 2923 702 2961 raon
723 2905 778 2960 nisi
801 2905 857 2961 duo
876 2905 1022 2977 pulmenta
1062 2903 1275 2972 commiserunt,
1296 2904 1338 2959 vel
1365 2910 1532 2958 consuetum
1546 2920 1697 2960 numerum
1712 2902 1842 2976 panisnan
1920 2971 1921 2974 Ἴ

223 3000 492 3060 consuetudinaliter
504 2998 616 3053 dentur.
638 2995 691 3051 Ubi
701 2995 768 3049 dum
782 2993 894 3065 legitur,
910 3009 1023 3064 semper
1063 2991 1213 3058 reddendo,
1225 2993 1268 3046 vel
1277 2993 1369 3064 ipsum
1384 3007 1486 3064 panem
1500 3007 1557 3047 uon
1571 2997 1631 3048 tarn
1646 2992 1758 3058 bouum,
1771 3005 1843 3062 quam

223 3092 307 3148 debet
317 3091 362 3161 ipe
371 3094 472 3161 praesto
480 3102 552 3142 esse.
565 3083 634 3154 (un.)
640 3083 694 3149 Qui
704 3083 789 3139 etiam
802 3082 966 3154 insequenti
976 3081 1022 3136 die
1032 3093 1053 3154 fl
1062 3087 1175 3153 oportet
1187 3081 1325 3149 faciendo,
1340 3081 1426 3149 (erar.)
1445 3081 1499 3136 hoc
1512 3081 1573 3153 ipse
1591 3081 1680 3136 refert
1689 3080 1724 3136 ad
1738 3080 1842 3152 priorem

223 3195 322 3234 rursus
333 3177 362 3232 in
374 3175 497 3246 capitulo
506 3172 616 3227 reniam
626 3171 706 3242 petit,
716 3184 802 3240 seque
812 3184 891 3223 reum
907 3167 942 3222 de
951 3167 1022 3222 mul·
1062 3175 1091 3224 et
1103 3169 1292 3236 cellerarium,
1309 3176 1343 3224 ut
1357 3185 1408 3240 per
1421 3185 1470 3224 eos
1485 3169 1642 3226 secuudum
1650 3167 1844 3239 modumculpe

222 3268 259 3324 tia
274 3264 452 3338 negligentiis
465 3278 516 3333 per
528 3260 701 3316 occasionem
724 3256 891 3312 obedientie
905 3256 1021 3310 conflte-
1061 3256 1257 3328 corripiantur.
1280 3257 1360 3313 Unde
1374 3257 1404 3312 in
1420 3256 1585 3312 dormitorio
1602 3273 1724 3330 semper,
1739 3255 1784 3312 sed
1800 3255 1844 3309 ali·

221 3356 298 3408 tur.'
312 3353 393 3419 Quod
407 3352 431 3406 si
441 3351 488 3405 ille
503 3354 618 3421 propter
632 3345 824 3401 infirmitatem
839 3346 883 3399 vel
896 3344 1020 3416 aliquam
1062 3345 1174 3416 quando
1200 3345 1303 3401 alicubi
1324 3351 1440 3417 propter
1458 3343 1585 3400 laborem
1600 3345 1717 3414 dormit,
1729 3343 1790 3417 quia
1801 3343 1845 3396 fre

221 3435 615 3494 inevitabilemnecessitatem
629 3447 751 3504 praeseas
765 3447 822 3486 non
834 3429 928 3498 fuerit,
938 3431 1020 3501 adju·
1061 3439 1181 3504 quanter
1194 3433 1220 3489 ei
1232 3434 1380 3505 contingit,
1393 3439 1426 3490 ut
1440 3434 1600 3490 necessario
1613 3435 1724 3492 tardius
1735 3449 1764 3489 se
1775 3431 1845 3488 collo·

221 3531 267 3580 tar
281 3527 342 3595 eJ‘ue
357 3524 430 3578 idem
446 3522 512 3576 facit
526 3538 576 3594 pro
592 3537 622 3576 se
641 3527 669 3574 et
684 3535 736 3590 pro
750 3519 808 3582 illo,
824 3519 1020 3590 quibusetiam
1061 3528 1105 3578 cet
1119 3539 1205 3596 quam
1219 3523 1277 3580 alii.

222 3619 300 3686 prlor
310 3611 513 3683 indulgentiam
530 3610 635 3680 pariter
647 3613 767 3679 exoptat.
787 3607 841 3662 Sed
851 3607 950 3674 sireis,
961 3607 1020 3662 sive
1349 3611 1467 3670 CAPUT
1484 3611 1568 3669 XLV,

222 3703 269 3757 ille
288 3702 360 3756 hanc
382 3699 490 3754 veniam
511 3698 620 3768 facerit,
642 3713 705 3750 cum
730 3695 827 3750 eadem
852 3696 1020 3751 nominatim
1327 3702 1364 3756 lte
1388 3701 1496 3757 casem
1516 3703 1590 3760 vine,

222 3791 289 3846 dicit
303 3804 443 3850 excessus,
468 3787 492 3842 si
515 3803 585 3859 quas
606 3784 715 3840 noviter
737 3783 885 3838 commisit.
910 3785 979 3839 lnde
1003 3801 1022 3840 a
1098 3789 1157 3856 (aa.
1173 3787 1368 3856 aar.)'l'ertius
1384 3794 1428 3844 est
1441 3789 1637 3860 suffraganeus
1651 3787 1794 3852 cellerarii,
1807 3785 1846 3857 qui

221 3881 314 3953 priore
328 3878 474 3933 absolutus
489 3875 525 3930 ad
539 3874 623 3947 pedes
638 3874 699 3943 eJ'us
716 3873 791 3927 venit
803 3886 809 3920 τ
823 3875 892 3942 Joa.)
901 3879 931 3927 et
944 3874 1022 3944 prior
1062 3875 1157 3931 vinum
1171 3882 1200 3931 et
1213 3878 1377 3934 cerevisiam
1390 3876 1501 3949 recipit,
1517 3883 1546 3932 et
1563 3875 1698 3934 custodit.
1718 3875 1848 3932 Vindemia

221 3961 1022 4042 imperatutpsalmusprimussimulcamcollecta,Ornni·
1062 3969 1266 4031 consummata,
1287 3966 1361 4022 sicut
1381 3966 1544 4038 granatario
1563 3966 1598 4020 de
1613 3981 1737 4032 annona,
1754 3965 1778 4020 ei
1792 3978 1849 4036 qua·

218 4063 314 4126 potans
323 4054 564 4124 scrnpitarnollear
574 4067 625 4123 pro
636 4049 676 4104 eis
685 4048 874 4104 communiter
883 4049 918 4104 ab
928 4050 1020 4106 0mni-
1062 4069 1117 4124 que
1130 4052 1270 4110 indicatur
1283 4071 1301 4110 a
1314 4054 1409 4127 priore
1426 4059 1547 4127 quantas
1568 4054 1624 4110 vini
1642 4055 1772 4112 carradas
1784 4049 1847 4124 (tlt)

221 4145 274 4200 bus
288 4150 351 4217 post
365 4143 488 4215 psalmos
504 4141 584 4196 Verba
596 4155 655 4193 inco
667 4143 797 4193 cantetur
806 4141 905 4208 (aar.);
916 4144 1022 4194 attunc
1061 4141 1096 4196 de
1110 4142 1159 4197 illo
1173 4143 1246 4198 etde
1260 4144 1307 4200 illo
1322 4143 1426 4199 debeat
1438 4149 1609 4217 exspectare.
1624 4141 1691 4217 Ipse
1710 4147 1813 4199 acetum
1826 4144 1850 4195 ct

219 4236 322 4290 fratres
337 4238 414 4287 stant
425 4230 511 4284 versis
530 4228 566 4284 ad
581 4228 698 4282 invicem
717 4226 839 4282 vultibus
854 4245 861 4280 :
875 4233 904 4281 et
917 4227 940 4282 si
955 4228 1020 4283 talis
1060 4229 1158 4302 sinape
1172 4231 1222 4286 dat
1230 4232 1421 4299 refectorario,
1432 4235 1443 4258 ·
1456 4233 1567 4305 quoties
1581 4232 1677 4288 scitea
1691 4229 1850 4288 infundenda

222 4329 266 4378 est
280 4323 350 4382 dies,
366 4321 401 4376 ad
416 4319 544 4375 ordinem
568 4315 773 4389 procumbunt;
791 4316 955 4384 sinautem,
970 4334 1020 4372 su·
1060 4335 1121 4375 esse
1144 4319 1215 4374 cibo.
1237 4320 1270 4377 ln
1291 4320 1405 4376 cellaria
1425 4320 1531 4376 dormit
1553 4337 1618 4378 cum
1641 4319 1793 4388 celleraria,
1806 4317 1849 4375 sed

221 4427 272 4482 per
285 4410 385 4466 sedilia
398 4407 579 4462 submittunt.
596 4405 626 4460 si
649 4421 682 4459 ea
696 4404 741 4458 die
756 4419 807 4476 pro
821 4402 952 4460 defuncto
965 4371 1051 4460 ali·D
1060 4423 1205 4480 nunquam
1221 4408 1282 4464 sine
1296 4409 1412 4466 lumine.
1431 4413 1501 4478 tao.)

221 4516 276 4570 quo
296 4499 377 4554 Verba
389 4494 614 4567 areo,p1mmissa
628 4492 755 4547 omnium
768 4491 912 4563 signorum
928 4494 1021 4565 pulsa·
1345 4498 1575 4556 omum,

219 4589 297 4642 tione
307 4585 419 4641 recitari
431 4583 525 4650 debet,
542 4583 594 4638 bac
605 4581 738 4653 primam,
755 4579 857 4636 deinde
871 4583 1020 4653 pradictus
1327 4588 1364 4643 De
1385 4589 1487 4643 αιωηο
1509 4589 1593 4644 «ηιμ,

218 4676 344 4749 psalmus
358 4672 477 4737 canitur,
485 4670 521 4726 ad
534 4670 663 4726 ultimum
679 4675 737 4724 tres
750 4669 851 4740 psalmi
866 4687 916 4740 pro
929 4670 1019 4725 tribu-
1097 4673 1377 4740 'Quartueestcellre
1391 4675 1559 4748 prorisoriu
1569 4674 1765 4740 exterioribus,
1774 4689 1850 4746 quem

218 4763 325 4818 latione
336 4767 403 4816 sunt
417 4758 545 4826 canendi,
562 4765 591 4814 et
604 4774 668 4814 cum
693 4758 1020 4815 benedicamuallamina
1061 4761 1199 4820 decanum
1222 4764 1294 4820 ailla
1313 4765 1508 4836 appellamus,
1528 4764 1576 4820 bic
1593 4771 1729 4839 procurat
1748 4764 1849 4828 milam,

220 4849 400 4906 clauduntur·
1060 4850 1168 4916 hortos,
1183 4851 1279 4908 vinem
1291 4858 1320 4907 et
1332 4857 1413 4924 prata
1425 4869 1488 4924 que
1503 4851 1582 4910 aella
1591 4853 1733 4927 adjaceat,
1747 4849 1850 4924 sepibus

255 4946 315 5002 tuo.
320 4949 327 5004 J
337 4937 387 4994 Est
395 4941 491 4992 autem
497 4933 680 5002 consuetudo,
692 4940 725 4990 ut
738 4934 762 4990 si
774 4933 938 4990 cellerarius
949 4951 1019 5006 prae·
1059 4939 1245 5008 circumdare,
1260 4940 1338 5012 ligna
1357 4941 1393 4996 ad
1414 4941 1508 4998 focum
1533 4941 1703 5010 laciendum,
1717 4947 1748 4997 et
1759 4939 1783 4996 si
1795 4953 1851 5011 qua

219 5025 290 5082 scire
305 5031 398 5098 potest
410 5041 512 5098 panem
527 5025 570 5078 rel
584 5023 671 5078 alium
685 5023 778 5080 elbam
801 5029 869 5079 tanc
889 5039 1018 5082 neccssa-
1058 5031 1126 5084 suut
1149 5028 1312 5100 hujusmodi
1333 5029 1407 5085 infra
1424 5031 1469 5086 rel
1491 5036 1570 5088 extra
1591 5032 1746 5088 claustrum
1765 5043 1851 5084 ueces-

217 5115 293 5172 rium
302 5113 468 5188 tempestive
478 5111 630 5184 praeparari
641 5127 696 5166 non
705 5111 891 5184 posse,signis
900 5119 1018 5168 autver·
1058 5115 1147 5183 sariaJ
1160 5116 1267 5172 faenum
1281 5132 1394 5189 qaoque
1408 5117 1439 5172 in
1453 5119 1533 5175 lectis
1546 5119 1667 5176 fratrum
1680 5117 1797 5191 singulis
1808 5131 1851 5170 aa·

217 5204 260 5260 bis
269 5203 415 5260 sacristam
423 5201 586 5265 admoneat,
597 5203 677 5272 tear.)
689 5205 828 5272 quatenus
839 5201 946 5269 horam,
957 5217 1019 5274 quac
1059 5202 1104 5259 nis
1112 5204 1306 5271 sternendum,
1322 5211 1351 5260 et
1360 5207 1549 5280 sarcophagos
1556 5207 1585 5264 ia
1592 5209 1766 5281 speltarum
1780 5207 1849 5278 ipso·

218 5294 335 5348 missam
348 5291 538 5362 subsequitur,
555 5305 618 5343 cum
634 5289 793 5360 pulsatione
813 5290 926 5346 diflerat
947 5307 1018 5362 qua·
1058 5307 1123 5347 rum
1137 5297 1166 5348 et
1179 5291 1290 5348 tabulae
1303 5291 1410 5366 ligneas
1425 5311 1490 5350 cum
1506 5295 1848 5353 malleolisadmiuistmre.

218 5399 307 5454 usque
321 5389 432 5454 tempus
442 5396 504 5436 esse
513 5377 680 5451 pulsationis
692 5377 727 5432 ab
737 5395 771 5434 eo
781 5385 925 5449 agnoscat.
936 5379 1018 5445 Quod
1058 5379 1111 5436 llic
1130 5380 1217 5437 etiam
1239 5387 1342 5453 preest
1360 5383 1498 5455 lignariis,
1509 5401 1631 5458 quarum
1648 5401 1772 5460 operam
1791 5396 1849 5436 cum

218 5470 242 5526 si
255 5471 328 5528 forte
342 5469 506 5542 neglexerit,
524 5467 585 5538 ipse
601 5465 685 5522 debet
702 5467 837 5523 malleum
843 5468 965 5536 auferre,
981 5484 1017 5524 aa
1057 5468 1251 5542 multiplieiter
1264 5471 1294 5528 ιιι
1308 5472 1480 5530 monasteria
1501 5474 1592 5530 soleat
1605 5474 1779 5549 impendere,
1793 5483 1849 5526 ma·

253 5575 327 5648 (tlt)
344 5575 478 5643 Omrada',
491 5572 661 5642 vehiculum,
677 5573 836 5646 plaustrum
852 5593 858 5629 :
876 5574 949 5630 Gall.
964 5574 1108 5642 clarata,
1124 5577 1242 5633 chariat.
