3856 6176
77 229 111 293 ill
507 219 672 278 nannum
689 217 761 274 PRO
781 216 918 274 ORDINE
937 217 966 274 S.
988 215 1190 274 undantem.
1611 223 1666 284 490

75 353 184 410 bulliens
208 349 340 404 horarum
363 351 391 402 et
420 346 506 400 horas
531 342 688 407 canonicas,
716 343 759 396 vel
788 340 990 403 deAvidelicet
1009 341 1159 398 honestum
1174 345 1203 396 et
1224 341 1354 398 festivum
1369 344 1513 402 servitium
1538 347 1601 421 ipsa
1619 349 1665 406 die

75 441 168 517 pdterio
186 455 216 494 cx
230 437 328 493 ordine
342 436 416 508 quod
438 434 613 490 tantumdem
630 433 729 498 valeat,
745 431 769 487 si
784 432 826 488 ita
865 431 954 502 possit
970 431 1062 486 facere
1080 431 1213 486 fratribus
1227 439 1256 488 et
1270 433 1436 504 refectori03
1452 435 1554 494 tabulae
1569 444 1676 496 tamen·

74 528 275 606 potiusroluerint.
284 523 822 596 Silentiumloquendiomninoteneant.
864 519 1004 576 refectorii
1018 535 1074 576 nen
1087 520 1144 576 sint
1156 528 1303 592 cooperta.
1315 524 1401 580 Lecta
1412 541 1476 581 vero
1491 527 1521 582 in
1531 529 1662 600 capitulo,

74 623 106 678 lle
116 631 189 674 umen
209 617 257 688 qui
280 616 355 673 ferra
369 621 454 678 tenet,
470 613 494 668 si
516 629 629 668 uerene
643 613 689 680 sit,
705 612 826 669 breviter
865 615 895 666 et
913 610 1039 682 exposita
1061 611 1196 682 praedicta
1214 613 1364 680 sententia,
1380 631 1444 670 cum
1458 615 1565 674 dictum
1581 618 1666 674 fuerit

72 709 121 780 qnod
134 707 181 762 vult
191 705 312 761 indicare
326 710 419 776 potest
428 703 532 759 famulo
549 702 597 774 qui
611 702 701 758 focum
716 701 784 756 facit
797 705 826 756 et
865 716 883 754 a
897 700 1010 773 priore:
1031 723 1042 750 c
1067 701 1231 772 Loquamur
1250 702 1285 759 de
1307 703 1405 758 ordine
1426 710 1522 762 nostro
1538 725 1551 760 n
1568 707 1666 764 statim

72 801 227 870 inceperat,
252 811 314 866 qua
338 793 440 848 debent
459 809 519 847 esse
534 792 614 848 valde
628 791 701 848 sicca
716 796 824 846 stante
865 795 1023 862 prostratus
1046 789 1076 845 in
1096 790 1156 846 loco
1178 789 1226 844 ubi
1249 806 1311 846 mos
1335 798 1386 860 est,
1415 794 1490 850 dicat
1514 810 1520 844 :
1543 816 1558 850 a
1578 797 1665 852 Istam
1763 841 1769 848 .

70 885 203 944 multosdies
216 884 250 938 de
264 883 580 956 indusetapraepamm.
865 879 1064 948 obedientiam,
1090 897 1152 952 quae
1176 879 1246 934 mihi
1270 880 1396 953 injuncta
1412 889 1464 952 est,
1487 901 1551 940 mea
1572 886 1664 960 eulpa,

93 977 141 1047 Ejus
152 973 337 1030 sollicitudinis
351 977 395 1028 est
409 972 548 1044 ampullas
562 969 685 1026 vinarias
698 975 727 1026 et
740 986 826 1042 aquo·
865 969 1049 1041 negligenter,
1060 976 1089 1024 et
1098 969 1202 1042 tepide.
1213 975 1242 1026 et
1255 971 1344 1027 multo
1359 972 1443 1027 aliter
1457 990 1542 1046 quam
1555 979 1667 1048 oportet

71 1061 366 1126 nabbiohehdomada,
375 1060 403 1116 id
412 1067 464 1129 est,
474 1066 575 1134 quarta
584 1060 654 1116 feria
664 1066 693 1115 et
703 1059 825 1115 Sabbato
866 1061 966 1126 tracto,
982 1065 1011 1113 et
1024 1059 1054 1114 in
1068 1075 1102 1114 ea
1113 1059 1143 1113 in
1158 1059 1255 1114 multis
1270 1059 1380 1116 offendo
1395 1062 1557 1132 Dominum,
1572 1071 1601 1120 et
1614 1080 1666 1120 no·

70 1157 140 1220 lesan,
154 1152 221 1208 omni
235 1151 280 1208 die
294 1151 390 1206 vinum
411 1157 440 1206 et
460 1167 562 1223 aquam
578 1149 613 1204 ad
636 1149 736 1204 missas
750 1149 823 1204 cele·
865 1153 938 1204 atros
952 1147 1088 1218 seniores,
1109 1166 1173 1204 mea
1186 1149 1283 1222 culpa;
1300 1154 1329 1205 et
1340 1151 1454 1224 requiro
1474 1152 1540 1208 inde
1553 1153 1666 1210 absolu·

71 1243 157 1298 bnndas
165 1247 280 1313 portare,
297 1240 478 1297 offerentibus
492 1240 527 1295 ad
542 1245 691 1310 utramque
709 1237 824 1294 missam
865 1238 971 1294 tionem
986 1244 1150 1294 nostramet
1167 1238 1320 1312 seniorum.
1341 1259 1352 1290 a
1369 1240 1429 1306 Quo
1446 1241 1520 1298 dicto
1542 1241 1668 1300 absolvat

67 1333 143 1386 haias
166 1329 331 1398 ministrare,
356 1329 487 1384 candelas
513 1328 548 1384 ad
575 1328 709 1383 lectiones
734 1333 763 1382 et
795 1327 825 1382 in
865 1343 941 1393 eum,
959 1328 1007 1399 qui
1030 1328 1184 1399 capitulum
1200 1329 1327 1384 tenetde
1346 1329 1390 1384 his
1404 1330 1528 1400 eliensis,
1545 1348 1614 1404 quas
1628 1331 1669 1390 ibi

68 1419 364 1476 natudnislaudibus.ad
375 1419 496 1491 primam
507 1418 651 1474 collectam
662 1417 823 1474 accendere.
866 1417 1074 1472 enumeraverit
1087 1437 1093 1486 ;
1120 1418 1196 1472 etde
1219 1417 1349 1476 omnibus
1370 1419 1497 1492 reliquis,
1513 1439 1574 1494 quae
1593 1422 1622 1478 in
1635 1439 1668 1480 eo

67 1510 113 1574 Qua
123 1509 251 1566 mmudnae
262 1509 368 1570 laudes.
380 1509 403 1562 si
413 1509 488 1564 ultra
499 1509 613 1563 modum
625 1512 654 1562 et
663 1507 826 1562 indecenter
867 1511 942 1560 sunt.
957 1507 999 1562 Ad
1011 1508 1092 1578 cujus
1101 1505 1284 1564 absolutionis
1295 1509 1379 1564 linem
1391 1526 1524 1582 responso
1535 1511 1570 1566 ab
1580 1511 1670 1569 omni·

67 1599 208 1664 nidaverint,
232 1598 411 1664 secretarius,
434 1597 480 1652 cui
502 1598 586 1668 hujus
606 1596 647 1652 rei
672 1613 739 1652 cura
759 1602 828 1651 tunc
867 1594 919 1650 bus
932 1612 995 1650 cum
1012 1596 1376 1662 omnidevotionisalfectu,
1389 1605 1419 1654 ut
1433 1607 1554 1674 mosest,
1567 1603 1666 1670 Amen,

65 1704 178 1742 commissa
187 1688 249 1752 erit,
260 1693 326 1742 ante
336 1687 456 1758 gradum
469 1686 692 1741 satisfactionum
706 1693 827 1757 proster·
839 1674 859 1732 Β
869 1683 953 1739 radat
963 1685 998 1739 ad
1011 1685 1109 1756 pedem
1123 1687 1194 1758 ejus,
1206 1693 1235 1740 et
1246 1687 1487 1759 deindejubeatur
1497 1690 1539 1744 ire
1549 1707 1667 1748 sessum.

67 1783 279 1848 ununquemque
289 1776 351 1848 ipsa
360 1776 476 1832 collecta
485 1793 573 1846 usque
584 1775 621 1830 ad
635 1777 828 1830 Benedicomus
905 1773 997 1830 Finito
1011 1775 1144 1846 capitulo,
1166 1782 1195 1830 et
1216 1775 1289 1831 dicto
1312 1777 1393 1832 Verbo
1407 1794 1478 1844 meo,
1503 1777 1527 1834 si
1546 1779 1609 1850 ipsa
1622 1781 1669 1836 die

65 1867 306 1934 satrianensem
337 1882 392 1938 quo
414 1865 536 1937 incoepto
565 1865 642 1920 nulla
671 1869 830 1936 exspectata
870 1861 924 1917 dici
940 1863 1032 1930 debet,
1049 1863 1078 1920 in
1092 1865 1190 1921 eodem
1206 1864 1328 1938 capitulo
1348 1865 1444 1921 dicant
1456 1866 1557 1922 tratres
1572 1885 1622 1939 pro
1637 1885 1670 1926 eo

65 1955 147 2009 licentia
169 1955 287 2021 recedat,
311 1961 341 2010 et
367 1961 434 2010 anta
447 1962 477 2012 et
492 1960 568 2010 retro
593 1970 649 2010 non
661 1953 753 2009 faeiat.
772 1953 830 2008 Hoc
871 1951 1671 2026 quinquagesimumpsalmum,quocompletocumGlorio

66 2044 124 2098 nodo
134 2045 290 2109 satisfaciat,
306 2060 474 2115 quocunque
488 2043 534 2098 die
556 2043 717 2113 hujusmodi
738 2043 828 2113 negti·
869 2043 958 2105 Potri,
972 2047 1001 2096 et
1013 2045 1096 2098 Pater
1114 2049 1215 2111 noster,
1232 2042 1308 2100 dicat
1327 2043 1571 2113 hebdomadarius,
1589 2048 1622 2106 dt
1638 2063 1671 2104 ne

65 2135 132 2202 genua
151 2134 276 2201 ereniat;
296 2139 327 2188 et
349 2133 414 2188 inde
438 2139 536 2205 postea
557 2133 587 2188 in
606 2133 728 2204 capitulo
743 2131 828 2186 aliam
871 2145 919 2184 nos
934 2132 1060 2196 inducor,
1072 2131 1361 2203 Soleurnsocseroum
1375 2139 1465 2200 tuum,
1478 2138 1614 2191 Dominus
1628 2152 1672 2192 vo·

65 2222 145 2276 auiam
157 2239 209 2278 nnn
222 2228 311 2294 petat.
871 2220 1672 2296 hiscum,Ornnfpotenssencpiternelleus,reticererelumulo

87 2311 174 2382 thuia
184 2313 266 2382 hujus
277 2310 509 2377 ministerii,etin
519 2311 562 2364 his
571 2310 743 2383 qnaescripta
752 2315 827 2376 sunt,
871 2313 927 2374 tuo,
942 2314 971 2364 et
983 2309 1102 2383 reliqua.

64 2399 206 2456 etinnultis
221 2401 286 2456 aliis
302 2417 364 2472 quae
374 2399 479 2472 scripta
492 2399 831 2471 nonsunt,multiplexet
909 2398 989 2462 Quod
1012 2399 1036 2454 si
1056 2404 1186 2472 suscepto
1210 2400 1292 2456 Brevi
1316 2418 1367 2474 pro
1388 2401 1529 2472 defuncto,
1545 2403 1608 2476 ipsa
1627 2404 1673 2462 die

62 2489 119 2544 rude
127 2491 254 2562 implicita
263 2507 332 2546 cura
344 2495 394 2554 est,
410 2506 466 2544 non
479 2489 527 2544 uni
540 2495 663 2556 tantum,
675 2489 724 2544 sed
735 2488 831 2543 multis
871 2493 1004 2542 canentes
1031 2489 1112 2544 Verbo
1135 2505 1206 2552 meo,
1230 2489 1259 2546 in
1279 2493 1484 2549 monasterium
1503 2493 1572 2550 ituri
1596 2499 1672 2564 sunt,

62 2579 640 2652 conmendariatqueintereosdivididebet;
651 2595 831 2634 unuseorum
872 2577 1036 2649 priusquam
1051 2582 1128 2644 eant,
1138 2578 1302 2650 predictum
1316 2583 1454 2654 psalmum
1465 2599 1528 2640 curu
1544 2584 1674 2656 capitulis

61 2667 86 2720 sit
94 2670 211 2739 magster
225 2671 360 2734 aliorum,
371 2669 407 2724 ad
421 2669 501 2740 cujus
515 2667 726 2740 dispositionem
741 2666 831 2722 caeteri
874 2672 903 2722 et
922 2669 1038 2722 collecta
1051 2667 1155 2722 dicant.
1173 2667 1202 2724 Si
1217 2674 1312 2726 autem
1328 2672 1489 2744 praedictam
1503 2674 1675 2730 sententiam

61 2765 132 2825 agant,
145 2760 298 2830 maioribus
307 2759 400 2814 causis
411 2758 530 2816 serratis
541 2757 657 2814 arbitrio
671 2756 779 2812 abbatis
789 2757 832 2812 vel
873 2755 1023 2828 contigerit
1037 2755 1087 2812 tali
1102 2755 1147 2812 die
1161 2757 1226 2830 legi,
1244 2775 1300 2830 qua
1313 2777 1370 2816 non
1390 2762 1479 2833 possit
1493 2763 1607 2820 refectio
1626 2764 1675 2818 ho·

59 2845 145 2914 prioris.
873 2845 1037 2901 norabiiiter
1057 2845 1128 2914 fieri,
1144 2846 1218 2902 sicin
1232 2849 1318 2904 estin
1334 2849 1435 2922 vigiliis
1450 2851 1578 2920 Quatuor
1591 2853 1674 2910 Tem·

276 2942 368 3006 πῃ
391 2937 507 2994 CAPUT
527 2937 585 2992 Vll.
851 2954 973 3018 ¹porum
998 2942 1028 2991 et
1049 2935 1212 3007 hujusmodi
1232 2937 1342 3006 diebus,
1365 2945 1446 3012 petat
1466 2943 1629 2999 cellerarius
1657 2960 1675 2998 a

324 3029 360 3084 de
374 3030 539 3084 camerario.
871 3026 965 3100 priore
977 3033 1006 3082 et
1018 3025 1139 3098 capitulo
1156 3026 1298 3084 licentiam
1314 3044 1369 3101 quo
1385 3029 1496 3086 differre
1505 3032 1594 3104 possit
1605 3033 1676 3090 refe-
1776 3083 1780 3090 .

82 3116 217 3174 &memmi
241 3123 287 3174 est
311 3133 461 3189 procurare
483 3115 579 3170 omnia
602 3115 779 3180 vestimenta,
803 3120 832 3171 et
872 3113 994 3167 odonem
1013 3111 1042 3167 in
1065 3111 1151 3168 aliam
1170 3113 1256 3182 diem,
1276 3131 1333 3186 qua
1351 3115 1497 3174 honestius
1516 3123 1545 3173 et
1563 3119 1674 3195 plenius

57 3202 223 3266 ammenta.
240 3214 271 3264 et
287 3209 374 3262 lectos
388 3212 417 3261 et
430 3210 587 3262 stramenta
602 3206 748 3270 lectorum,
770 3221 832 3277 quae
872 3201 934 3256 steri
949 3201 1053 3259 valeat.

58 3290 161 3350 fratribus
174 3304 240 3353 sunt
262 3296 423 3352 necessaria
442 3301 471 3350 et
487 3297 570 3366 juxta
584 3295 712 3366 reguiam
727 3293 832 3350 habere
944 3291 1043 3347 Senam
1057 3292 1094 3347 II.
1111 3323 1141 3338 -
1160 3293 1196 3347 lle
1211 3291 1349 3364 hospitum
1364 3311 1463 3352 curam
1478 3297 1600 3356 habente.

59 3396 176 3455 domasa,
201 3387 314 3443 rasoria
338 3402 449 3458 quoque
470 3391 498 3439 et
522 3385 641 3452 forfices,
658 3384 777 3438 tersoria
796 3384 832 3438 ad
907 3381 1006 3434 Frater
1029 3380 1077 3452 qui
1101 3381 1136 3435 ad
1159 3381 1352 3454 suscipiendos
1375 3385 1500 3458 hospites
1523 3387 1674 3460 deputatus

59 3473 194 3536 mendum.
206 3476 329 3547 tersoria
340 3476 369 3530 in
383 3476 506 3530 claustro
521 3474 681 3546 pendentia.
699 3473 828 3540 tersoria,
873 3474 925 3536 est,
941 3468 969 3523 in
985 3469 1047 3541 ipsa
1061 3469 1203 3541 hospitum
1219 3472 1302 3527 domo
1322 3473 1380 3530 haec
1399 3482 1556 3547 praeparata
1570 3477 1674 3534 habere

59 3566 251 3637 enanuoergie
262 3565 400 3630 mandati,
413 3570 442 3620 et
453 3563 548 3618 omnia
560 3580 627 3618 vasa
639 3564 714 3634 ejus,
731 3562 833 3616 vitreas
874 3558 971 3613 debet:
983 3559 1080 3626 lectos,
1090 3560 1198 3625 sedilia,
1215 3578 1336 3628 mensas,
1346 3566 1535 3635 manutergia.
1545 3583 1672 3641 mappas,

58 3648 185 3710 dormitorii
200 3656 271 3714 facit
292 3661 322 3710 et
344 3654 443 3720 reficit,
460 3670 524 3710 cum
540 3670 610 3724 opus
628 3658 680 3714 est,
697 3653 746 3708 dat
759 3651 833 3706 ferra
874 3649 1304 3720 scyphos,scutellaecoclearia,
1315 3651 1441 3719 baccilia,
1451 3660 1479 3710 et
1493 3655 1518 3709 si
1532 3672 1593 3726 quae
1607 3663 1675 3714 sunt

58 3739 286 3807 quibusterrantur
297 3745 364 3816 equi
378 3743 488 3798 abbatis
501 3749 528 3798 et
544 3743 656 3814 prioris,
665 3748 692 3804 et
707 3741 831 3796 omnium
873 3738 1053 3808 hujusmodi;
1070 3739 1146 3810 ligna
1164 3757 1296 3812 quoque;
1318 3759 1429 3814 panem,
1450 3760 1515 3800 vero
1530 3752 1559 3800 et
1576 3751 1674 3817 potum

55 3825 177 3900 hospitum,
189 3834 298 3906 quibus
315 3833 389 3888 ferra
401 3832 463 3887 dari
481 3831 566 3886 abbas
580 3831 624 3886 vel
639 3830 716 3902 prior
728 3847 832 3902 praece-
873 3833 902 3882 et
915 3833 1016 3883 caetera
1039 3827 1152 3894 cibaria,
1171 3829 1208 3884 ad
1230 3845 1300 3901 opus
1322 3830 1467 3904 hospitum
1488 3850 1539 3906 per
1552 3835 1673 3892 famulos

55 3919 116 3984 petit.
130 3921 263 3978 frutribus
278 3939 392 3994 quoque
414 3921 443 3976 in
467 3921 520 3976 iter
535 3920 702 3992 profecturis
717 3937 830 3992 cappas,
873 3915 926 3971 sihi
940 3918 1097 3988 deputatos,
1114 3917 1143 3972 in
1159 3917 1270 3973 cellario
1284 3919 1393 3992 recipit.

53 4003 163 4077 baniolas,
189 4013 327 4070 calcaria.
349 4010 442 4066 Semel
469 4010 497 4064 in
520 4027 594 4066 anno
619 4009 747 4066 renovari
766 4009 833 4063 facit
909 4005 1073 4078 Quicunque
1081 4005 1185 4070 abbati,
1200 4008 1242 4062 vel
1250 4009 1346 4081 priori,
1357 4011 1497 4068 seualicui
1508 4013 1542 4068 de
1550 4013 1672 4070 elaustro

3 4133 4 4168 ,
53 4093 125 4154 fenum
146 4100 176 4158 io
203 4101 342 4158 omnibus
367 4099 447 4156 lectis
466 4099 584 4155 fratrum
609 4105 638 4154 et
660 4105 728 4154 tunc
746 4099 831 4154 etiam
873 4095 950 4166 loqui
966 4097 1032 4162 ruit,
1053 4096 1222 4167 legationem
1237 4114 1318 4153 suam
1338 4099 1404 4155 huic
1416 4101 1500 4156 debet
1513 4102 1670 4176 injungere.

3 4249 4 4260 χ
52 4189 157 4246 nmdari
168 4191 386 4248 dormitorium.
872 4185 935 4256 lpse
949 4201 1024 4252 uero,
1045 4186 1115 4240 nihil
1137 4185 1203 4240 inde
1222 4185 1306 4243 alicui
1325 4188 1420 4260 aliquo
1438 4191 1521 4247 modo
1533 4192 1669 4264 indicens,

325 4279 442 4336 caput
457 4279 533 4336 v111.
838 4275 908 4376 Dad
927 4274 1067 4343 abbatem,
1090 4276 1132 4331 rel
1145 4274 1269 4348 priorem
1282 4276 1455 4336 voluntatem
1476 4281 1593 4352 hospitis
1607 4299 1671 4355 per·

220 4371 331 4428 Samso
349 4369 372 4426 1.
388 4395 418 4408 -·
430 4370 467 4424 De
482 4370 634 4424 cellerario.
871 4364 954 4430 ferat,
968 4371 996 4420 et
1011 4369 1109 4437 postea
1124 4365 1198 4436 quod
1216 4365 1276 4437 ipse
1287 4366 1442 4424 decreverit
1456 4371 1514 4428 nat.
1531 4370 1561 4428 Si
1575 4378 1671 4429 autem

73 4455 259 4516 hdredernrii
277 4456 467 4512 ministerium
480 4456 603 4528 pertinet
617 4455 712 4510 omnia
726 4471 787 4529 quse
801 4455 831 4512 in
871 4455 965 4522 fratri,
981 4455 1073 4524 quiin
1095 4455 1285 4524 claustroest,
1310 4457 1442 4530 loquendi
1466 4477 1529 4516 cum
1548 4461 1670 4536 hospite,

3 4552 4 4620 l
50 4556 102 4610 fane
117 4553 143 4604 et
154 4555 235 4620 potu,
253 4553 288 4604 et
301 4547 420 4602 diversis
433 4546 558 4602 ciborum
573 4543 724 4616 generibus
736 4543 831 4598 fratri·
871 4545 915 4601 vel
927 4545 1084 4617 propinquo
1100 4545 1142 4599 eei
1157 4550 1289 4601 extraneo
1304 4563 1435 4604 concessa
1449 4549 1561 4608 licentia
1574 4551 1669 4623 fuerit,

51 4627 86 4688 ius
96 4643 156 4692 sont
167 4637 346 4703 necessaria,
362 4636 517 4692 secundum
528 4635 690 4690 facultatem
705 4631 756 4687 loci
770 4649 833 4705 pro·
873 4635 954 4690 istius
969 4639 1012 4690 est
1029 4635 1122 4706 ipsum
1140 4635 1256 4690 fratrem
1277 4636 1312 4690 de
1330 4637 1452 4695 claustro
1471 4641 1506 4695 ad
1532 4642 1671 4716 hospitem

3 4703 4 4750 ¹
51 4735 131 4794 utare,
146 4727 244 4786 omnia
261 4743 333 4784 vasa
343 4725 449 4782 cellarii
464 4729 493 4780 et
506 4723 641 4795 coquina,
656 4727 686 4778 et
700 4723 830 4794 scyphos,
872 4724 982 4778 ducere.
1000 4724 1080 4790 Quod
1092 4723 1115 4778 si
1131 4723 1225 4781 abbati
1251 4727 1293 4781 vel
1308 4727 1394 4799 priori
1413 4745 1469 4784 non
1489 4731 1626 4802 placuerit
1640 4741 1672 4791 ut

3 4813 5 4890 l
51 4815 173 4882 armna.
195 4823 227 4874 et
257 4821 367 4874 caeter-a
392 4831 459 4870 vasa
484 4813 634 4879 refectorii,
662 4818 692 4867 et
719 4829 832 4868 omnem
873 4812 1130 4886 simulloquantur,
1149 4814 1603 4890 necverbum,necsignum,nec
1618 4823 1670 4878 ali-

51 4895 124 4962 btmm
139 4907 226 4968 trium
238 4906 432 4967 necessariam
443 4903 644 4976 supellectilem
660 4901 831 4978 ministrare.
874 4919 956 4974 quem
968 4907 1070 4958 nutum
1083 4903 1135 4977 ipsi
1150 4903 1231 4959 fratri
1244 4903 1327 4960 faciat
1338 4921 1393 4977 quo
1404 4907 1512 4982 aliquid
1526 4910 1591 4967 inde
1604 4929 1669 4984 per·

51 4986 110 5049 Pater
122 4997 207 5053 totius
223 4994 457 5067 congregationis
482 4992 564 5050 debet
579 5009 648 5055 esse,
665 4992 700 5047 de
715 4991 791 5048 sanis
804 4996 834 5046 et
872 4991 964 5064 cipere
977 4992 1101 5064 quolibet
1115 4992 1197 5048 modo
1212 4994 1311 5050 valeat.
1686 5045 1688 5050 .

51 5083 142 5140 anime
169 5085 301 5144 infirmia
325 5083 458 5140 fratribus
486 5082 700 5138 sollicitudinem
717 5081 830 5148 habere,
908 5081 1000 5152 Ipsius
1022 5087 1064 5136 est
1089 5099 1145 5152 pree
1172 5082 1304 5138 omnibus
1327 5085 1447 5141 sollicite
1469 5087 1616 5144 observare
1634 5089 1669 5144 de

50 5181 124 5236 lfftcr
140 5177 299 5232 consilium
313 5173 422 5230 abbatis
444 5173 487 5228 vel
506 5173 608 5245 prioris
629 5171 664 5226 de
677 5171 832 5243 majoribus
872 5171 1006 5226 fratribus
1028 5172 1075 5243 qui
1090 5171 1118 5226 in
1133 5170 1300 5228 obedientiis
1311 5181 1386 5236 sunt.
1403 5177 1516 5230 eumad
1534 5183 1671 5232 monaste-

51 5264 117 5318 ansis
129 5267 197 5322 nihil
214 5267 326 5321 sacer-e.
873 5261 946 5316 rium
958 5261 1087 5324 redeunt,
1103 5267 1198 5316 utrum
1214 5262 1334 5318 famulos
1346 5263 1461 5318 idoneos
1473 5271 1502 5319 et
1515 5265 1612 5320 cellam
1628 5285 1670 5326 re-

73 5351 210 5424 Rogandua
224 5361 274 5412 est
294 5353 331 5408 ab
350 5369 383 5408 eo
402 5357 509 5415 cantor,
524 5357 557 5406 ut
574 5355 640 5406 ante
651 5350 759 5422 aliquot
773 5351 833 5406 dies
872 5351 999 5422 gularem
1011 5350 1141 5412 habeant.
1151 5359 1180 5406 et
1188 5352 1326 5423 quomodo
1335 5369 1365 5408 se
1377 5353 1490 5408 incuria
1497 5356 1669 5424 contineant,

52 5451 194 5505 hannem
208 5461 283 5502 eum
299 5449 330 5499 et
352 5441 521 5516 prenuntiat
547 5441 573 5496 ei
597 5441 671 5496 diem
691 5457 747 5513 quo
766 5456 831 5496 sen·
871 5447 904 5496 ut
913 5441 937 5496 si
948 5441 1160 5498 extraordinem
1169 5441 1275 5514 aliquid
1285 5441 1410 5510 fecerint,
1418 5443 1670 5512 zszclamorem

51 5533 114 5590 tabe
136 5553 188 5594 sua
206 5537 245 5592 de
270 5532 376 5605 regula
393 5531 513 5606 legenda
529 5536 572 5589 est
599 5530 629 5587 in
646 5529 778 5604 capitulo,
799 5534 831 5588 ut
871 5529 936 5588 inde
950 5547 1034 5604 super
1046 5548 1093 5588 eos
1103 5529 1368 5604 incepitulotaciat.
1637 5521 1640 5527 “

145 5637 290 5699 Parnon.
317 5633 378 5695 ul..
1514 5641 1553 5702 16
