3986 6184
169 254 192 310 iil
822 253 1103 313 PROLEGCMENA.
1745 256 1775 314 il
1808 261 1811 268 '

162 379 230 450 cipue
242 375 387 433 mataneis
397 375 441 432 vel
454 376 623 450 supparibus
636 378 819 451 scriptoribus
833 395 867 436 ea
881 380 939 436 col-
949 380 1085 452 Agiuules
1102 379 1301 438 onerabantur.
1319 379 1439 453 Obliqua
1459 382 1549 438 multa
1570 386 1600 438 et
1617 386 1779 439 unusversa

164 468 244 539 ligere,
264 466 394 539 uotisque
412 471 442 522 et
454 466 694 524 observationibus
707 468 831 526 inserere
845 486 942 526 sumus
981 471 1102 538 inerant,
1111 471 1152 526 ita
1165 471 1240 543 quod
1254 471 1322 526 ordo
1341 475 1433 528 textus
1453 471 1642 545 Epistularum
1660 473 1778 530 minime

164 558 281 628 majorem
294 555 325 612 in
339 556 455 612 modum
468 556 607 612 delectati.
618 559 778 628 Adjecimus
792 558 835 614 his
846 558 944 615 lunda·
981 566 1151 628 servaretur,
1166 577 1263 623 verum
1278 577 1339 632 qum
1352 578 1385 616 ex
1400 577 1456 617 uno
1471 565 1585 618 auctore
1595 579 1622 634 pr
1629 561 1779 618 clareban-

162 646 237 702 tiones
249 644 431 716 etprivilegia
441 647 677 702 monasteriorum
687 648 782 702 Sancti
795 647 940 726 Stephani,
981 653 1029 706 tur
1042 650 1072 704 in
1086 649 1212 721 qualibet
1225 650 1338 721 pagina,
1352 667 1408 722 teg
1421 691 1427 718 ,
1449 651 1638 720 &Augustini
1647 651 1779 708 continuo

158 751 251 792 amnon
272 733 461 790 Sanctissimae
484 735 630 792 Trinitatis
648 736 881 804 Cadomensium;
897 753 942 792 eo·
981 739 1126 811 scripturae
1147 739 1244 794 ordine
1266 739 1387 808 inverso,
1402 740 1639 811 expendebantur.
1663 742 1782 797 Verum-

156 841 209 882 rum
221 823 295 880 enirn
305 831 403 878 auctor
412 823 466 879 init
478 840 511 878 ac
522 825 608 880 veluti
621 825 792 882 fundatorB.
803 824 941 881 1001000-
983 833 1154 883 tamencum
1168 829 1278 884 nullum
1298 829 1376 884 aliud
1401 829 1543 901 exemplar
1566 830 1641 899 (licet
1663 830 1781 887 diuersis

158 928 214 978 cus;
232 911 263 968 in
284 928 394 968 summo
412 912 598 968 versabantur
614 913 774 968 discrimine
794 914 943 986 <quemad
983 916 1157 973 diversarum
1180 917 1328 988 regionum
1353 917 1419 972 viris
1445 917 1543 987 doctis,
1560 925 1589 974 et
1602 919 1780 992 antiquariis,

158 1001 257 1056 modum
269 1001 330 1056 suis
341 1001 409 1056 locis
422 1001 616 1071 indicavimus)
633 1007 718 1075 atque
730 1003 789 1058 haec
801 1003 864 1075 ipsa
877 1020 943 1059 exo·
984 1006 1081 1078 Anglis
1099 1007 1264 1078 prasertim,
1288 1007 1480 1073 Nortmannis,
1501 1013 1530 1062 et
1543 1009 1635 1080 Belgis
1653 1010 1782 1081 scripsis-

158 1089 261 1162 patant
272 1089 349 1146 docti
358 1090 410 1146 viti
420 1091 563 1162 permulti.
580 1092 639 1147 lllae
652 1093 770 1148 tandem
783 1092 943 1148 adnotatio·
984 1111 1053 1160 sam,
1067 1094 1102 1150 cb
1112 1095 1196 1167 idque
1204 1095 1340 1167 plurimas
1348 1095 1463 1150 Parisiis
1473 1095 1658 1153 Bibliothecae
1667 1099 1783 1155 lustras·

158 1195 199 1239 aaa
210 1194 263 1234 non
276 1180 448 1251 spernendis
462 1181 663 1249 monumentis,
678 1182 708 1237 in
721 1183 835 1254 pulvere
847 1187 876 1238 et
887 1182 944 1238 situ
985 1182 1058 1254 sem)
1065 1184 1240 1256 suppeditari
1253 1184 1400 1256 potuisset,
1416 1200 1529 1240 omnem
1542 1201 1649 1253 curam,
1669 1203 1782 1244 omnent

157 1266 324 1336 ineuntibus,
336 1268 440 1326 luerea
453 1269 534 1325 nobis
545 1271 692 1327 decorata.
986 1272 1120 1340 laborem,
1128 1273 1352 1340 amnestudium,
1362 1289 1475 1328 omnem
1486 1273 1607 1347 denique
1615 1274 1784 1334 industriam

186 1358 409 1417 Elaeubrationes
423 1359 452 1415 in
466 1360 605 1432 Epistulas
613 1361 645 1416 B.
654 1361 745 1430 Pauli,
754 1366 869 1434 propter
882 1377 945 1433 ope·
985 1361 1101 1417 adhibui
1114 1368 1145 1418 ut
1159 1379 1244 1434 quam
1259 1362 1473 1433 castigatissime
1484 1363 1708 1421 Commentarius
1720 1365 1785 1438 iste,

160 1447 192 1501 tis
208 1447 385 1520 simultatem,
406 1449 530 1520 primum
544 1449 674 1506 obtinent
687 1451 795 1520 locum,
812 1451 862 1506 SS.
877 1452 946 1506 Am·
987 1451 1023 1506 ad
1048 1451 1145 1506 limam
1166 1452 1268 1524 sapius
1283 1456 1312 1507 et
1324 1452 1455 1508 incudem
1468 1454 1604 1509 revocatis
1627 1455 1784 1521 sententiis,

159 1536 270 1595 hrodum
283 1544 314 1594 et
327 1537 517 1609 Augustinum
532 1538 665 1596 continuo
678 1541 777 1607 ferme,
793 1540 836 1595 bis
845 1544 948 1595 auttcr
989 1541 1133 1606 ederetur3
1153 1540 1289 1613 impedire
1313 1540 1496 1596 nihilominus
1511 1540 1539 1595 id
1555 1559 1647 1614 opera
1661 1543 1787 1615 nequivit

156 1627 322 1686 solummodo
333 1628 800 1700 SS.HieronymumetGregorium
814 1631 947 1701 Magnum
990 1628 1057 1700 quin
1072 1635 1166 1684 errata
1178 1629 1354 1701 irrepserint,
1369 1630 1442 1685 sicut
1456 1636 1485 1686 et
1492 1630 1522 1684 in
1533 1633 1696 1703 appendice,
1713 1633 1788 1704 quod

156 1715 434 1790 inmedinmpmfert,
445 1717 678 1789 praeiertquesuae
692 1719 838 1774 sententiae
849 1723 949 1774 auctor
959 1699 980 1758 Β
990 1719 1084 1773 minus
1098 1719 1223 1774 studiose
1237 1719 1440 1791 diligenterque
1452 1718 1648 1793 chalcographi
1664 1737 1726 1778 sese
1740 1722 1789 1778 he·

157 1808 334 1864 nottenhem
343 1807 492 1862 citavimus
504 1808 536 1862 B.
550 1807 711 1878 Augustini,
719 1813 821 1880 praeter
836 1808 947 1880 paucis·
988 1807 1114 1865 buerint.

156 1898 231 1965 sima3
246 1896 341 1954 sancti
356 1912 421 1951 raro
435 1895 575 1954 Ambrosii
583 1896 754 1963 nullatenus,
765 1897 949 1970 quippeinter
1024 1897 1155 1954 Glossula
1164 1897 1472 1969 quideminterlinearis
1479 1898 1508 1952 in
1516 1899 1690 1971 autographo
1699 1904 1789 1956 exsta·

157 1989 210 2057 ejus
232 2003 321 2058 opera
346 2002 382 2040 nc
409 1985 524 2040 verbum
555 1985 669 2056 quidam
696 1987 846 2042 citatorum
875 2004 892 2041 a
915 1988 946 2042 B.
990 1987 1047 2054 bat,
1058 1987 1108 2041 scd
1122 2002 1187 2042 cunr
1201 1987 1401 2042 obscuritatem
1415 1987 1545 2058 ingerere
1557 1987 1789 2058 videreturilitte·

155 2074 311 2138 Lanlranco,
326 2075 382 2130 etsi
397 2073 503 2130 diutius
525 2075 703 2146 multumque
718 2074 748 2128 in
763 2074 819 2130 illis
832 2073 948 2129 adinve-
988 2091 1049 2130 ram
1071 2075 1146 2130 enirn
1172 2075 1355 2146 grammatice
1375 2077 1505 2148 explanat
1528 2074 1656 2148 subinde)
1671 2077 1790 2149 interje-

157 2163 253 2219 niandis
268 2162 812 2233 desudaverimus,licuitinvenire;sed
827 2163 947 2218 maxime
987 2169 1072 2228 ctam,
1096 2163 1231 2218 nimirum
1251 2163 1417 2236 explicatius
1433 2162 1516 2218 rerba
1539 2163 1708 2220 enodantsm
1729 2166 1790 2236 pla·

158 2253 189 2308 ab
200 2253 325 2325 Epistola
341 2253 377 2306 ad
398 2252 540 2308 Romanos
556 2254 592 2309 ad
607 2253 762 2325 Epistulam
776 2253 811 2307 ad
833 2253 947 2307 Galatas
988 2252 1048 2307 cuit
1056 2253 1187 2322 evulgare
1199 2270 1206 2321 ;
1218 2252 1253 2306 ab
1268 2251 1390 2308 auctoris
1403 2257 1498 2307 tamen
1512 2258 1541 2307 et
1554 2258 1657 2320 mente,
1670 2259 1790 2310 etsensu

156 2359 252 2414 usque3
278 2343 421 2414 siqnidem
445 2342 474 2397 in
494 2343 632 2414 Epistulas
653 2342 689 2397 ad
705 2342 847 2398 Romanos
866 2347 894 2396 et
912 2342 948 2396 ad
988 2341 1148 2410 verborum,
1165 2358 1222 2397 non
1233 2348 1434 2408 transversum,
1449 2347 1483 2397 nt
1497 2342 1586 2408 aiunt,
1603 2359 1726 2414 unguem
1736 2344 1792 2400 dis-

158 2432 308 2488 Corinthios
329 2431 415 2487 uerba
427 2431 481 2487 sub
498 2432 612 2487 nornine
629 2432 663 2486 D.
684 2431 825 2486 Ambrosii
844 2431 948 2503 produ·
989 2431 1069 2488 cessi.
1082 2433 1120 2486 At
1134 2437 1271 2504 quantum
1286 2432 1328 2486 las
1347 2433 1408 2498 luit,
1424 2431 1560 2503 potuique
1574 2432 1709 2501 divinare,
1728 2451 1792 2506 ger-

156 2529 205 2590 cta,
219 2523 247 2578 iu
263 2522 476 2577 Commentario
488 2521 541 2592 ipsi
552 2537 699 2593 perperam
714 2523 836 2592 ascripto
851 2537 948 2576 occur·
991 2537 1076 2576 mana
1089 2519 1239 2576 Lanlrauci
1252 2520 1337 2575 verba
1349 2520 1493 2592 descripsi,
1501 2525 1530 2575 et
1544 2520 1591 2576 uhi
1606 2521 1717 2578 litteras
1730 2539 1793 2579 sen-

157 2611 377 2676 rerenonnnlla;
393 2611 467 2665 haud
476 2610 603 2682 equidem
614 2615 827 2683 consequenter,
836 2611 885 2666 sed
894 2627 951 2665 nna
991 2627 1087 2665 snmve
1099 2610 1238 2683 explicare
1252 2625 1308 2665 non
1327 2610 1459 2676 valerem,
1474 2615 1578 2681 puncta
1592 2611 1721 2683 interp'eci
1730 2611 1791 2668 loco

157 2707 201 2756 sut
213 2701 305 2756 altera
317 2699 394 2755 linea
407 2700 486 2756 iutra
498 2699 608 2772 pagiua
630 2699 777 2755 dimidium
796 2699 950 2754 identidem
990 2698 1139 2754 uerborum
1151 2717 1158 2767 ;
1172 2699 1216 2753 vel
1227 2715 1294 2754 saue
1314 2699 1338 2753 si
1357 2698 1470 2771 quando
1491 2698 1652 2756 obscuriora
1667 2705 1792 2758 attenue-

158 2789 300 2862 desumpta
317 2789 437 2855 videtur,
454 2805 656 2861 nonnunquam
666 2789 721 2844 duo
732 2792 782 2845 aut
794 2787 950 2850 triauerba.
991 2788 1055 2857 nm,
1071 2789 1101 2843 in
1116 2788 1243 2859 margine
1256 2790 1432 2859 conjecturas
1446 2789 1546 2859 adjeci.

158 2879 229 2934 Unde
245 2895 354 2950 magna
375 2877 446 2933 mihi
462 2878 583 2950 suspicio
605 2885 649 2933 est
669 2879 699 2933 B.
725 2871 874 2934 Lanl'rarici
895 2895 951 2933 reto
1028 2878 1102 2932 Loca
1124 2877 1223 2932 divina
1238 2876 1389 2948 Scripturas
1415 2893 1479 2932 cum
1492 2877 1613 2948 unlgmis
1628 2877 1737 2946 Bibliis,
1764 2884 1794 2936 et

158 2967 363 3024 Commentaria
381 2967 472 3022 sancti
492 2966 634 3022 Ambrosii
654 2967 803 3035 exstitisse,
827 2984 889 3040 quae
917 2967 952 3022 ad
993 2965 1147 3021 sententias
1161 2965 1352 3036 B.Augustini
1368 2981 1432 3019 curn
1449 2965 1571 3020 editione
1584 2967 1793 3039 Antuerpiensi,

157 3064 246 3113 nostm
260 3063 392 3129 tempora
405 3057 624 3129 haudquaquam
641 3063 837 3129 pervenerunt,
849 3059 892 3111 vel
909 3058 981 3119 la-G
992 3055 1119 3110 omnium
1137 3052 1364 3123 castigatissima,
1383 3052 1575 3108 contulimus:
1595 3057 1738 3119 Quantum
1757 3056 1793 3112 ad

157 3146 337 3202 tereslieubi.
360 3146 404 3202 Ab
425 3146 479 3200 hac
499 3147 660 3217 conjectura
679 3146 796 3202 minime
820 3146 954 3202 abhorret
994 3144 1023 3198 S.
1033 3141 1224 3208 Ambrosium,
1239 3140 1365 3197 conterre
1377 3141 1457 3198 licuit
1470 3141 1549 3210 nihil,
1566 3148 1682 3215 propter
1704 3145 1792 3201 ratio·

157 3237 290 3292 Antonius
312 3235 482 3292 Possevinus
504 3236 533 3290 in
557 3238 702 3308 Apparatu
718 3252 798 3291 sacro
818 3235 853 3290 de
876 3235 953 3291 hisce
993 3231 1185 3302 nessuperius
1198 3231 1307 3286 allatas.

156 3325 369 3380 Commentariis
381 3340 468 3396 agens
486 3343 492 3378 :
511 3341 524 3376 c
538 3323 600 3379 Jam
617 3341 691 3392 vero,
702 3324 954 3396 inquit,Commen-
1030 3321 1065 3376 Et
1076 3321 1143 3392 quia
1155 3320 1493 3390 B.Lanlrancusglossula
1504 3337 1556 3376 sua
1564 3322 1698 3377 continno
1706 3339 1793 3395 prope

156 3413 279 3470 mriosin
295 3414 435 3485 Epistulas
449 3412 530 3468 Pauli
543 3429 600 3467 non
620 3429 681 3468 esse
699 3411 850 3478 Ambrosii,
870 3415 952 3468 hosce
993 3415 1100 3466 textum
1115 3409 1256 3476 emendat,
1276 3426 1329 3464 nos
1343 3425 1377 3464 ea
1388 3410 1424 3465 de
1439 3426 1470 3464 re
1483 3410 1648 3481 glossulam,
1660 3411 1710 3467 uhi
1723 3412 1793 3468 sim·

154 3503 199 3573 qui
220 3503 282 3558 dati
299 3507 368 3558 sunt
387 3503 477 3574 prelo,
492 3501 541 3557 sed
562 3502 703 3558 interiisse
724 3519 890 3574 persuasum
909 3508 952 3558 est
993 3500 1056 3572 plex
1068 3499 1122 3554 luit
1139 3499 1283 3562 correctio,
1303 3497 1497 3566 subticuimus,
1515 3500 1705 3570 etVulgatam
1719 3502 1792 3558 hanc

155 3591 208 3646 lere
221 3592 395 3652 doctoribus.
413 3612 425 3644 r
992 3590 1185 3662 ipsamsumus
1197 3590 1227 3643 in
1237 3593 1334 3642 nostra
1344 3587 1467 3644 editione
1478 3589 1681 3668 secuti,paucis
1691 3591 1792 3647 saltem

186 3681 340 3752 Agnoveris
356 3681 443 3736 etiarn
465 3681 494 3736 iu
509 3683 561 3736 hoc
580 3680 678 3735 eodem
699 3681 847 3736 Lauicanci
870 3682 951 3737 Com·
992 3678 1113 3751 exceptis
1125 3695 1187 3750 qua
1202 3677 1360 3733 inconsulto
1372 3667 1522 3750 irrepsere,
1545 3680 1666 3751 exempli
1687 3681 1790 3751 gratia,

154 3771 440 3842 mutarioquasdam
454 3769 832 3841 renuntiataquaeAmbrosii
847 3785 950 3825 nornen
990 3769 1221 3824 holocaustomata
1246 3784 1297 3840 pro
1322 3769 1552 3838 holocautomata,
1567 3770 1694 3841 quamvis
1715 3772 1791 3828 idern
1853 3798 1856 3813 ι

153 3875 206 3929 pra
218 3859 370 3926 ecferunt,
385 3875 489 3915 revera
495 3875 557 3914 esse
567 3857 726 3929 Augustini,
734 3858 872 3926 videlicet,
881 3876 945 3931 pag.
990 3863 1101 3912 sonent.

152 3947 211 4016 tit,
225 3951 256 4005 in
270 3950 357 4022 Epist.
374 3949 410 4004 ad
426 3949 551 4016 Calates,
568 3948 605 4003 ad
620 3948 678 4004 lraec
693 3947 777 4003 verba
792 3947 891 4020 capitis
910 3948 944 4005 3:
1024 3947 1076 4002 lllo
1090 3947 1121 4002 in
1136 3945 1345 4002 Commentario
1360 3946 1430 4002 duas
1447 3947 1625 4018 potissimum
1641 3948 1677 4004 ob
1691 3965 1790 4005 causas

152 4039 285 4094 Mediator
303 4042 489 4106 catecasta,
514 4041 540 4093 si
553 4040 643 4093 Filius
654 4039 705 4092 ilci
724 4040 863 4104 naturali,
891 4042 945 4095 etc.
990 4037 1064 4102 (mea
1082 4036 1231 4106 sententia)
1250 4035 1381 4091 brevitati
1393 4035 1502 4092 studuit
1519 4041 1631 4105 auctor,
1647 4038 1790 4094 alteraest

151 4125 218 4182 ltetu
228 4125 346 4194 ibidem,
357 4123 560 4198 pantanus
572 4128 707 4202 conclusit
723 4126 876 4193 Conclusio,
893 4131 946 4181 etc.
989 4124 1121 4196 quoniam
1139 4125 1167 4179 id
1182 4129 1250 4179 tunc
1260 4123 1404 4196 temporis,
1417 4140 1451 4178 nc
1464 4124 1553 4179 inulto
1571 4126 1658 4196 prius,
1679 4124 1788 4182 divina-

150 4213 230 4272 um
245 4214 494 4287 caputiejusdem
503 4213 633 4286 Epistolae
644 4231 707 4286 pag.
722 4212 790 4271 131:
807 4215 948 4270 Elementa
988 4230 1052 4268 rum
1088 4230 1183 4269 rerum
1213 4217 1446 4268 commentatores
1475 4228 1585 4267 sacram
1614 4213 1788 4286 Scripturam

151 4306 236 4372 idest,
252 4307 422 4374 temporibus
432 4307 584 4368 seruitutis,
599 4309 651 4358 etc.
668 4304 785 4358 Exstant
798 4303 857 4360 haec
872 4305 946 4377 apud
986 4305 1129 4365 λακωνικῶς
1147 4301 1419 4375 interpretabantnr;
1434 4302 1523 4356 altera
1537 4317 1612 4367 uero,
1625 4301 1692 4374 quia
1701 4301 1787 4358 studii

147 4393 349 4464 Augustinum,
363 4392 413 4447 lih.
430 4391 617 4464 Expositionis
631 4391 761 4464 Epistola
775 4392 811 4447 ad
821 4353 979 4465 Galatas,D
989 4408 1099 4464 parurn,
1109 4390 1300 4446 meditationis
1314 4390 1553 4462 quamplurimum
1563 4390 1664 4446 diuinis
1678 4391 1789 4447 inScri·

147 4489 209 4538 ante
223 4483 363 4540 medium.
373 4482 411 4539 Et
425 4481 484 4537 haec
496 4481 652 4552 objicienda
665 4481 947 4553 putavi‚quatenussi
986 4480 1078 4552 pruris
1092 4478 1291 4550 intelligendis,
1303 4495 1357 4534 usu
1375 4477 1461 4550 probe
1477 4479 1519 4533 vir
1531 4479 1578 4533 ille
1593 4479 1692 4534 ditinae
1706 4480 1786 4536 theo-

146 4587 200 4643 qtta
213 4573 245 4627 id
259 4587 352 4644 genus
366 4571 526 4637 otlerrderis,
549 4570 645 4636 lector,
659 4570 775 4641 colligas
789 4585 823 4626 ea
840 4571 947 4643 promi·
987 4569 1035 4625 rice
1047 4567 1250 4624 scientissimus
1262 4571 1379 4622 noverat
1392 4567 1601 4623 insumendum.

147 4677 210 4716 teuc
224 4668 256 4717 ct
266 4661 420 4717 0001100100
433 4677 451 4716 a
463 4659 578 4714 librario
596 4659 684 4714 fuisse
699 4660 730 4714 B.
742 4659 890 4716 Ambrosio
905 4677 948 4716 as·
1024 4660 1124 4714 Loeae
1143 4657 1220 4713 Petri
1235 4655 1387 4712 Lombartli
1402 4656 1643 4715 lucubrationibus
1662 4660 1692 4715 in
1712 4661 1789 4717 Pau·

144 4749 267 4821 sauata
283 4749 388 4807 Omnia
400 4749 948 4822 nummpercurrere,atqueadamussim
989 4749 1047 4803 lum
1062 4747 1202 4819 descripta
1223 4761 1255 4802 ac
1269 4746 1349 4802 initio
1375 4747 1649 4803 Commentariorum
1668 4765 1686 4803 a
1705 4749 1787 4805 nobis

145 4853 289 4907 mamre,
309 4843 339 4895 et
362 4838 439 4894 locos
459 4854 493 4894 ex
514 4844 634 4910 utroque
656 4837 829 4894 doctore-ab
846 4839 946 4894 eodem
989 4843 1104 4902 attexta,
1129 4836 1205 4892 aliud
1229 4851 1299 4908 opus
1319 4834 1348 4890 in
1369 4835 1508 4907 Epistulas
1522 4837 1650 4908 Apostoli
1667 4839 1787 4896 edidisse

144 4925 303 4984 lantramno
327 4933 471 4984 mutuatos
496 4928 632 4995 conterre,
654 4927 776 5000 ingentis
799 4935 873 4985 esset
900 4939 945 5002 (ne
986 4926 1172 4982 Lanfrancum
1186 4925 1337 4997 indigitare
1348 4925 1488 4993 videntur,
1496 4930 1593 4998 utpote
1606 4943 1676 4999 quae,
1685 4935 1788 5001 praeter

143 5016 236 5073 dicam
256 5019 396 5073 humanas
412 5017 615 5090 propemodum
633 5017 707 5072 vires
725 5017 894 5088 excedentis)
918 5020 946 5072 et
987 5017 1043 5072 duo
1057 5015 1223 5088 posteriora,
1237 5015 1353 5070 minime
1367 5019 1496 5086 prostant
1507 5014 1537 5070 in
1547 5015 1591 5069 his
1606 5017 1787 5074 Commenta·

142 5103 250 5161 laboris
269 5106 389 5162 forsitan
406 5105 496 5161 vacui.
989 5105 1050 5160 riis.
1059 5105 1143 5160 Forte
1158 5105 1234 5160 aliud
1248 5104 1391 5176 sepultum
1406 5104 1541 5159 hactenus
1555 5105 1678 5176 pulvere,
1690 5105 1786 5162 blattis

175 5196 302 5252 mauce
316 5195 387 5251 adeo
400 5200 483 5251 erant
496 5195 598 5252 littera
612 5211 645 5254 ac
657 5195 854 5252 minutissitnae
871 5196 948 5263 (cca-
987 5195 1127 5265 tineisque
1151 5193 1378 5267 depraedantibus
1400 5209 1524 5248 exesum.
1541 5195 1610 5248 Cum
1625 5211 1690 5248 vero
1711 5195 1786 5250 ullus

140 5290 228 5340 unes
237 5291 338 5340 umen
354 5288 451 5340 atrion
472 5283 626 5356 ineleganti
640 5301 725 5342 mauu
738 5288 880 5355 exarata),
904 5285 946 5340 uti
987 5281 1172 5340 dubitationis
1186 5299 1256 5338 mem
1270 5289 1393 5338 assertor
1405 5298 1545 5354 nusquam
1561 5287 1698 5349 occurrat,
1711 5283 1787 5354 quod

139 5375 233 5430 risum
250 5374 383 5446 lugerent
392 5374 558 5447 aliquando;
572 5373 665 5430 lituris
674 5375 791 5447 insuper
800 5373 947 5430 Commen-
987 5371 1163 5445 publicamus
1182 5371 1423 5428 Commentariurn
1447 5370 1529 5426 nobis
1557 5369 1671 5425 interim
1698 5371 1786 5428 fuerit

140 5465 236 5519 tatius
255 5462 398 5536 plerisque
422 5462 453 5519 in
475 5464 543 5520 locis
567 5463 822 5533 contaminabatur,
838 5463 948 5520 mendis
988 5461 1099 5517 solatio.

139 5569 197 5610 non
215 5552 346 5622 carcha,
366 5554 507 5611 asterhcis
522 5557 552 5609 et
569 5553 657 5610 obelis
679 5553 859 5611 subobscuris
872 5569 948 5610 mar·
1024 5552 1187 5607 Tractatum
1205 5551 1245 5606 De
1271 5548 1446 5606 eucharistiae
1465 5553 1643 5604 sacramento
1660 5550 1790 5622 (repetita
