3856 6176
192 250 261 312 eoa.
687 246 1333 304 a.murmnoiomvruaa.ancu1an
1400 203 1403 210 ⁴
1756 258 1801 316 aa

192 379 278 436 diarit
286 377 364 452 prior
373 391 389 431 a
399 374 516 431 diacono
526 372 647 441 surpite,
659 387 753 428 cernue
765 373 840 440 dioc,
851 372 1132 446 percutiatAleraut.
1148 374 1284 428 Posthac
1299 372 1384 427 abbas
1399 379 1505 444 surget,
1514 377 1543 428 et
1556 374 1652 430 humili
1660 393 1720 432 voce
1728 379 1802 436 dicat.

193 467 330 534 tabulam,
346 465 418 522 sicut
431 461 502 518 solet
520 459 629 532 percuti
642 458 811 532 cymbalum.
826 463 905 527 Quod
921 463 987 517 dum
1029 463 1206 532 Amictorium
1224 468 1350 515 eleutrum
1371 463 1403 514 in
1420 464 1532 516 menduc
1546 463 1664 528 Domini.
1679 469 1705 518 et
1718 467 1802 522 eadem

192 559 234 626 tlt,
246 558 364 626 surgant
372 567 527 617 omnesne,
533 549 707 621 praecedente
717 548 902 604 diaconocum
910 554 989 605 textu
1030 566 1095 604 voce
1109 555 1260 604 conventus
1274 549 1451 620 resspondent
1474 551 1527 618 Oui
1540 553 1603 618 fecit
1617 555 1707 608 culum
1720 561 1741 609 ct
1761 562 1806 609 ter-

193 651 222 700 et
234 641 373 700 conversis
386 656 450 694 cum
464 637 638 694 candelabris
647 641 676 692 ct
685 635 839 699 thuribulo,
855 645 990 710 sequntur
1030 655 1092 692 rom
1111 657 1116 691 ι
1138 638 1239 693 deinde
1260 639 1432 708 praecedente
1453 637 1570 693 diacono
1595 656 1655 694 oum
1679 645 1805 698 conuersis

192 736 345 789 conventus
366 728 397 784 in
421 727 610 792 refectorium,
626 725 699 781 sicut
713 727 745 780 su
759 725 787 780 in
816 727 938 782 Subbato
954 727 990 782 ad
1029 726 1197 782 candelabra
1224 733 1253 781 et
1274 724 1449 781 thuribulum
1478 727 1662 799 portantibus,
1687 739 1808 802 sequatur

191 820 369 878 charitatem.
392 815 436 872 Ibi
455 816 622 872 secretarius
644 813 749 869 habeat
770 816 931 888 analogium
954 817 989 871 do
1029 821 1183 870 conventus
1202 815 1237 870 ad
1253 816 1467 878 monasterium,
1483 817 1632 872 secretorio
1652 821 1808 890 percutiente

190 905 988 982 ecclesinparatum,impositoquedesupertextu‚-iterum
1029 903 1154 959 tabulam
1179 905 1213 958 ad
1241 903 1464 975 completorium,
1488 909 1526 972 et,
1554 905 1626 960 lacta
1642 908 1808 970 consessione.

191 1000 287 1056 mittat
311 999 445 1055 diaconus
468 998 534 1052 thus
558 996 586 1050 in
609 995 796 1060 thuribulum,
816 1001 845 1048 et
863 993 989 1050 ineenset
1029 992 1810 1063 dicantcompletorium,biuiautteruisubsilentio.Post

190 1089 352 1161 analogium
367 1090 528 1144 attextum.
544 1085 580 1140 Et
603 1085 718 1140 sedente
732 1086 839 1156 maj0re
852 1083 945 1154 priore
959 1083 988 1138 in
1029 1081 1242 1153 completorium
1264 1087 1322 1136 tres
1346 1081 1487 1136 orationes
1509 1083 1592 1138 solito
1614 1100 1689 1138 more
1708 1084 1810 1152 iaciant,

189 1179 251 1234 loco
261 1177 381 1244 abbatis,
392 1177 428 1230 ad
438 1176 500 1247 ejus
512 1179 613 1229 nutum
624 1172 738 1244 incipiat
749 1172 882 1227 diaconus
894 1171 989 1225 lectio·
1028 1169 1107 1242 prior
1119 1168 1244 1224 tabulam
1256 1170 1395 1240 percutiat
1403 1171 1492 1225 tribus
1504 1171 1604 1226 ictibus
1614 1178 1676 1243 post
1685 1173 1812 1229 orationes

190 1284 256 1323 nem
270 1266 351 1322 abeo
369 1265 430 1321 loco
444 1265 492 1319 ubi
506 1263 661 1318 dimiserat.
679 1262 714 1316 Et
726 1261 900 1333 percutiente
915 1261 987 1316 rese·
1028 1257 1179 1326 inlautum,
1192 1258 1264 1313 sicut
1276 1259 1386 1313 skillam
1400 1260 1512 1331 pulsare
1522 1259 1602 1314 solet.
1612 1261 1764 1316 Notandum
1776 1269 1813 1317 cst

105 1385 107 1390 ·
189 1355 311 1412 ctorario
325 1354 451 1410 tabulam
466 1370 522 1408 uno
535 1352 602 1418 ictu,
617 1350 713 1418 abbas,
731 1356 760 1405 et
774 1350 876 1404 iratres
890 1348 938 1420 qui
952 1349 988 1403 ad
1029 1348 1170 1414 autem,in
1183 1347 1268 1418 liujus
1277 1346 1333 1400 diei
1345 1346 1488 1418 obsequio,
1500 1347 1566 1421 quia
1575 1348 1600 1403 si
1607 1348 1691 1404 abbas
1699 1350 1814 1406 sufficere

189 1445 275 1516 pedes
282 1441 507 1514 larandosipsius
513 1440 656 1510 adjutores
664 1437 838 1503 exstiterant,
844 1435 988 1491 vedantad
1028 1434 1244 1503 ualet,omnium
1258 1435 1376 1491 fratrum
1389 1439 1474 1508 pedes
1487 1439 1563 1493 solus
1574 1438 1603 1494 in
1614 1439 1666 1495 hac
1677 1441 1720 1494 die
1732 1441 1815 1496 lavare

189 1536 282 1592 locum
292 1533 339 1588 ubi
352 1537 434 1604 potus
448 1529 593 1586 charitatis
614 1535 730 1600 paratus
745 1533 797 1592 est,
814 1528 936 1583 serentes
951 1526 989 1580 vi·
1029 1524 1121 1588 debet,
1137 1527 1258 1579 testante
1274 1525 1348 1579 enim
1362 1525 1445 1581 beato
1461 1525 1625 1594 Benedicta,
1636 1529 1709 1584 vices
1723 1531 1818 1586 Christi

189 1629 265 1679 treas
274 1621 391 1694 phialas,
407 1625 456 1675 aut
469 1617 589 1690 scyphos
600 1623 717 1672 teatrum
732 1616 761 1671 in
774 1615 905 1671 manibus
919 1615 987 1669 suis.
1030 1613 1089 1683 agit
1115 1612 1144 1666 in
1172 1613 1353 1680 monasterio,
1379 1619 1408 1668 et
1439 1614 1560 1670 maxime
1589 1615 1619 1670 in
1656 1618 1707 1671 hoc
1742 1618 1817 1672 mini-

189 1714 225 1769 Et
244 1716 357 1782 accepto
372 1709 437 1763 viuo
449 1707 479 1762 in
493 1706 633 1779 praedictis
647 1706 729 1771 vasis,
745 1710 856 1760 tacente
871 1705 984 1768 lectore,
998 1684 1125 1758 Bsterio.

188 1799 348 1874 praecedant
361 1799 396 1853 ad
409 1797 540 1869 gradum,
557 1795 631 1851 sicut
645 1799 769 1852 mosest.
784 1793 987 1849 Retectorarius
1062 1791 1144 1846 Faria
1168 1797 1246 1847 sexta
1267 1797 1332 1847 aute
1355 1797 1494 1848 nocturna
1522 1794 1653 1864 pulsetur
1682 1793 1773 1850 tabula
1795 1795 1819 1849 in

186 1906 263 1957 vero,
281 1905 315 1944 ex
328 1903 384 1960 quo
405 1891 518 1958 accepto
535 1889 604 1957 potu
623 1883 762 1956 decipiunt
784 1884 825 1938 ire
838 1882 986 1954 paulatim,
1027 1879 1160 1947 claustro,
1176 1885 1205 1936 et
1218 1886 1284 1936 ante
1294 1881 1447 1944 cellarium,
1457 1887 1558 1936 etanta
1572 1883 1687 1938 domum
1701 1883 1819 1940 infirmo-

187 1978 328 2053 peroutiat
340 1976 466 2032 tabulam
482 1990 562 2029 suam
578 1989 723 2044 quousque
738 1973 773 2027 ad
789 1972 908 2044 gmdum
922 1987 987 2043 per·
1027 1987 1101 2032 rum,
1118 1971 1154 2025 ad
1168 1970 1328 2026 excitandos
1343 1970 1523 2025 dormientes.
1539 1971 1609 2027 Post
1622 1972 1761 2028 orationes
1780 1990 1823 2029 so-

186 2069 320 2136 reniant3
337 2081 470 2138 quocum
488 2063 677 2136 pervenerint,
696 2067 740 2118 ter
762 2066 812 2116 aut
832 2065 932 2132 quater
944 2059 985 2113 le·
1025 2059 1099 2126 litas,
1115 2059 1225 2114 sicutin
1237 2059 1335 2131 quinta
1347 2059 1425 2125 feria,
1442 2059 1601 2130 quindecim
1616 2060 1718 2133 psalmi
1732 2061 1823 2116 dicen-

187 2157 339 2215 stinautius
350 2153 490 2229 percutiat
504 2158 532 2208 et
545 2152 729 2208 cesset.Tunc
740 2150 870 2206 omnibus
884 2148 985 2203 humili
1024 2151 1081 2214 tur,
1108 2147 1230 2203 candelae
1268 2147 1493 2220 exstinguantur,
1517 2149 1651 2204 lectiones
1681 2150 1711 2205 in
1738 2151 1822 2223 primo

185 2264 252 2303 voce
265 2243 422 2302 dicentibus
438 2243 595 2306 benedicite,
610 2237 984 2295 sacerdoshebdomadarius
1025 2243 1162 2292 nocturno
1180 2242 1209 2292 et
1226 2237 1347 2292 secundo
1362 2237 1502 2308 legantur,
1518 2237 1594 2294 uude
1616 2239 1695 2294 lecta
1714 2246 1779 2294 suut
1797 2239 1824 2294 in

186 2341 294 2409 surgat,
314 2339 343 2390 ct
354 2331 452 2388 eadem
466 2346 532 2385 voce
546 2327 770 2384 benedictionem
785 2327 877 2383 faciat.
893 2327 984 2381 Bene·
1026 2324 1124 2396 quinta
1135 2325 1214 2380 feria.
1226 2327 1257 2381 ln
1272 2325 1355 2380 tertio
1369 2331 1507 2381 nocturno
1522 2327 1557 2381 de
1578 2327 1707 2400 Epistola
1721 2329 1757 2383 ad
1773 2329 1822 2382 lle·

186 2425 307 2481 dictione
322 2423 406 2488 iacta,
416 2419 543 2492 porrigat
561 2417 647 2472 abbas
661 2416 747 2488 priori
761 2421 860 2489 potum
879 2420 908 2469 et
921 2414 984 2469 reli·
1024 2413 1113 2469 braeos
1127 2417 1246 2479 Fratres,
1261 2417 1421 2482 festinemus
1436 2417 1558 2484 inpredi,
1574 2421 1603 2472 et
1617 2423 1721 2472 caetera
1736 2418 1825 2472 omnia

185 2514 257 2587 quis,
283 2511 357 2568 sicut
379 2515 445 2565 sunt
467 2507 585 2579 priores,
610 2505 740 2561 osculans
758 2521 855 2560 corum
871 2520 981 2569 manus,
1024 2503 1161 2574 usquead
1176 2503 1296 2574 primam
1310 2503 1633 2578 sicutiuquintaleria.
1647 2506 1691 2561 ad
1707 2506 1824 2578 primam

184 2599 412 2662 ministrantibus
427 2598 452 2652 ei
467 2595 601 2652 iratribus
620 2595 668 2667 qui
682 2611 746 2649 cum
760 2594 821 2666 ipso
836 2599 933 2665 potum
947 2592 984 2646 ad
1024 2590 1134 2660 pulsata
1156 2589 1251 2645 tabula
1266 2595 1415 2661 surgentes
1437 2591 1520 2646 nudis
1538 2592 1659 2663 pedibus
1674 2593 1778 2648 vadant
1791 2595 1823 2648 ad

183 2692 303 2765 gradum
318 2689 497 2753 detuleruut;
513 2685 673 2740 ministrato
688 2689 756 2754 potu
776 2681 938 2753 majoribus,
955 2686 983 2736 et
1023 2679 1238 2744 monasterium,
1250 2684 1278 2734 et
1288 2679 1327 2734 sic
1342 2685 1476 2735 maneant
1490 2697 1598 2748 omnes,
1610 2683 1703 2738 donec
1716 2681 1826 2754 impleo-

182 2779 422 2850 infantibus,post
432 2771 764 2846 majoresnoeedatabbas
774 2772 810 2825 ad
820 2771 980 2836 diaconum,
1023 2773 1071 2822 tur
1082 2768 1140 2822 dici
1154 2767 1286 2834 officium,
1304 2769 1358 2824 nisi
1374 2769 1584 2838 jussuabbatis
1599 2773 1764 2826 calceentur
1778 2788 1825 2842 pro

182 2871 232 2944 qui
245 2867 421 2926 collationem
434 2864 511 2936 legit,
524 2869 551 2918 et
563 2866 722 2934 exspectato
732 2863 788 2916 lino
797 2860 910 2932 incoepti
920 2877 983 2914 ver·
1023 2855 1111 2911 nimia
1129 2857 1280 2928 asperitate
1301 2858 1424 2928 frigoris.
1442 2859 1560 2922 Quodsi
1584 2860 1724 2927 evenerit,
1740 2860 1826 2915 oliveio

182 2975 231 3016 sus
245 2957 370 3032 praebeat
388 2954 414 3010 ci
437 2958 544 3026 potum,
569 2951 670 3006 dehinc
684 2950 774 3006 tribus
798 2949 853 3004 illis
878 2948 927 3020 qui
947 2949 982 3003 do
990 2997 1012 3056 G
1023 2949 1134 3000 tentum
1147 2945 1396 3003 intereruntnudis
1410 2947 1538 3018 pedibus.

180 3045 357 3104 candelabris
365 3049 393 3100 et
406 3041 549 3098 thuribulo
560 3039 694 3104 serviunt,
708 3035 888 3094 servitoribus
898 3036 982 3090 abbe·
1059 3033 1182 3089 Primam
1207 3045 1350 3090 stolones
1371 3037 1454 3090 horas
1475 3035 1540 3102 diei,
1559 3042 1666 3108 praeter
1688 3055 1826 3112 resperas,

181 3137 218 3193 tis
240 3133 409 3192 candelabra
433 3137 462 3186 et
478 3129 654 3186 thuribulum
675 3125 789 3182 interim
808 3125 979 3180 tenentibus.
1023 3122 1161 3194 usquead
1178 3139 1307 3194 resperas
1335 3122 1449 3179 Sabbati
1468 3124 1566 3180 dicant
1580 3125 1657 3182 sicut
1681 3127 1712 3182 in
1732 3127 1831 3198 quinta

180 3225 236 3292 Qui
250 3223 409 3295 etsoyphos
422 3237 438 3275 a
449 3220 565 3274 diacono
580 3222 609 3272 et
622 3216 657 3274 ab
670 3215 710 3270 eis
724 3214 900 3286 recipientes,
915 3230 982 3286 por·
1022 3209 1101 3276 torio,
1111 3217 1225 3282 excepto
1238 3211 1313 3282 quod
1324 3211 1353 3266 in
1367 3211 1466 3282 quinta
1479 3211 1549 3267 seria
1563 3213 1593 3268 in
1604 3215 1664 3269 alto
1680 3219 1830 3270 enutrimur

180 3307 562 3374 tentadtnbulamabbatis,
578 3311 780 3376 etsupeream
799 3303 982 3374 pensabilia
1021 3297 1130 3370 hymni,
1150 3300 1316 3355 intonantur
1336 3301 1445 3373 psalmi,
1474 3307 1626 3357 cantaretur
1651 3304 1828 3374 antiphonae:

181 3400 262 3467 actis,
272 3397 397 3472 predicti
407 3395 556 3451 servitores
571 3391 689 3459 abbatis,
706 3391 754 3463 qui
766 3407 830 3446 cum
840 3407 874 3445 eo
883 3395 982 3462 potum
1022 3387 1052 3442 in
1066 3387 1187 3444 hisvero
1202 3389 1299 3444 diebus
1313 3389 1422 3444 duobus
1436 3389 1495 3444 haio
1513 3391 1609 3446 omnia
1624 3391 1657 3446 in
1672 3391 1788 3447 silentio
1803 3396 1831 3444 ct

181 3489 218 3546 ad
238 3488 359 3562 gradum
373 3485 544 3550 detulerunt,
567 3488 633 3537 ante
648 3481 741 3552 ipsum
763 3479 883 3552 gradum
898 3478 983 3533 simul
1022 3475 1052 3530 in
1068 3476 1205 3532 directum
1221 3477 1367 3546 dicuntur;
1379 3479 1452 3533 dicta
1467 3477 1567 3550 prima,
1579 3485 1695 3551 septem
1709 3481 1832 3552 psalmos

179 3575 305 3641 veniant,
321 3579 350 3631 et
363 3577 429 3628 ante
443 3577 473 3627 et
492 3575 567 3626 retro
585 3569 698 3634 saciant,
715 3573 744 3622 et
756 3573 855 3641 postea
873 3583 982 3621 sessum
1023 3569 1052 3618 et
1064 3564 1192 3620 litaniam
1206 3565 1236 3620 in
1251 3567 1308 3621 alto
1322 3567 1426 3622 dicant.
1437 3566 1538 3622 Postea
1549 3568 1671 3623 sedeant
1688 3586 1788 3624 omnes
1803 3569 1830 3622 in

181 3665 299 3733 radant3
315 3663 416 3737 quibus
427 3660 513 3716 abbas
520 3658 650 3714 similiter
660 3656 837 3729 potumlerat
853 3655 982 3711 osculans
1023 3653 1156 3722 elaustro,
1172 3661 1201 3710 ot
1208 3655 1364 3710 inchoante
1374 3654 1484 3722 abbate,
1500 3655 1596 3711 dicent
1611 3657 1785 3729 psalterium
1799 3676 1832 3712 ex

181 3771 279 3811 eorum
294 3769 403 3815 manus,
422 3746 647 3806 ministrantibus
661 3745 702 3800 illi
714 3744 849 3800 iratribus
862 3744 919 3799 illis
934 3743 983 3815 qui
1023 3741 1134 3813 integro
1151 3761 1157 3810 ;
1174 3760 1229 3816 quo
1243 3744 1381 3815 completo
1395 3743 1499 3799 vadant
1509 3745 1544 3798 ad
1559 3745 1775 3802 confessionem
1786 3746 1833 3818 qui

181 3843 208 3899 ei
222 3843 257 3899 ad
270 3840 403 3897 lavandos
414 3839 499 3911 pedes
514 3835 615 3909 prioris
630 3839 659 3890 et
675 3833 799 3906 ipsorum
813 3833 980 3888 servitorum
1022 3831 1171 3896 voluerint,
1192 3832 1326 3904 usquead
1339 3833 1437 3887 horam
1453 3831 1545 3888 officii.

180 3932 421 3989 ministraverunt.
434 3985 439 3993 ,
1057 3921 1306 3992 dppropinquante
1321 3922 1390 3976 horu
1405 3920 1498 3987 tertia,
1512 3922 1625 3994 pulsata
1637 3923 1750 3992 tabula,
1763 3923 1834 3980 sicut

217 4021 277 4077 Hoc
291 4020 376 4087 facto,
394 4015 481 4072 abbas
501 4014 537 4069 ad
553 4012 648 4070 sedem
663 4027 743 4066 suam
762 4009 855 4077 vadat,
872 4015 981 4066 etanta
1022 4009 1121 4074 solent,
1136 4016 1256 4081 pergant
1278 4010 1308 4064 in
1328 4010 1536 4067 dormitorium.
1555 4011 1670 4069 Dehinc
1695 4013 1789 4070 abluti
1808 4019 1837 4070 et

181 4125 244 4166 eam
263 4113 328 4166 ante
344 4111 373 4161 et
385 4110 461 4160 retro
475 4101 570 4167 faeiat,
589 4104 754 4171 assurgente
773 4096 826 4153 sibi
841 4103 980 4153 conventu
1022 4097 1166 4169 pectinati,
1182 4099 1293 4170 pulsata
1316 4097 1413 4154 tabula
1428 4099 1532 4154 vadant
1552 4099 1588 4154 ed
1608 4103 1835 4166 monasterium,

180 4199 269 4255 donec
283 4197 393 4262 sedeat;
409 4193 557 4266 priorvero
567 4205 686 4261 surgens
700 4186 826 4260 porrigat
834 4185 875 4241 illi
882 4192 981 4258 potum
1023 4185 1144 4241 attactis
1158 4187 1248 4242 solitis
1260 4187 1433 4243 orationibus
1447 4187 1542 4243 dicant
1550 4187 1683 4246 tertiam.
1699 4191 1772 4248 Post
1783 4196 1839 4247 ter·

180 4288 311 4344 osculans
324 4285 384 4355 ejus
398 4296 529 4348 manum;
545 4280 617 4334 lecto
634 4293 763 4333 sermone
779 4281 915 4347 quantum
930 4275 981 4329 ab·
1022 4274 1092 4329 tiam
1103 4275 1215 4346 pulsata
1227 4275 1325 4332 tabula
1342 4281 1462 4348 pergunt
1483 4275 1513 4331 in
1528 4277 1691 4349 capitulum
1707 4299 1715 4350 ;
1738 4280 1770 4336 in
1783 4297 1839 4351 quo

180 4375 239 4431 bati
254 4375 344 4429 risum
358 4369 454 4436 fuerit,
469 4368 605 4424 innuente
625 4383 658 4421 eo
681 4366 818 4420 diaconus
832 4363 979 4418 lectionem
1021 4379 1118 4418 versus
1145 4364 1174 4418 in
1203 4363 1314 4419 silentio
1338 4363 1457 4431 dicatur,
1480 4371 1508 4420 et
1527 4368 1687 4436 sententia,
1713 4369 1792 4426 sicut
1809 4368 1840 4424 in

180 4463 286 4535 absque
298 4463 446 4524 Tuoutem,
459 4455 717 4521 neminemnam
727 4452 981 4518 elauselibro,ante
1022 4451 1120 4523 quintu
1133 4452 1213 4518 teria,
1224 4453 1259 4508 de
1268 4453 1367 4524 regula
1381 4454 1500 4524 legatur.
1512 4453 1580 4509 Post
1593 4473 1767 4514 sermonem
1777 4474 1841 4514 nar·

181 4543 721 4618 etretroiaciat,etposteadalmaticam
734 4540 907 4596 etstolamet
920 4556 981 4595 ma·
1021 4545 1120 4596 rentur
1134 4549 1163 4596 et
1184 4541 1350 4596 ordinentur
1373 4557 1435 4613 quae
1461 4543 1571 4614 agenda
1593 4551 1667 4602 sunt
1692 4543 1841 4620 usquead

180 4638 308 4713 nipulum
314 4628 980 4707 aasupraanalogiumponatllonversivero
1021 4630 1175 4685 crastiuum
1187 4629 1351 4703 capitulum.
1365 4631 1504 4686 Exeuntes
1514 4631 1549 4687 de
1562 4632 1705 4706 capitulo,
1720 4635 1842 4692 sedeant
1876 4642 1879 4648 '

181 4725 350 4786 candelabra
363 4731 393 4780 et
412 4721 588 4779 thuribulum
606 4737 691 4793 super
717 4736 843 4775 mensam
872 4718 981 4776 abbatis
1022 4717 1050 4772 in
1069 4718 1191 4774 claustro
1212 4735 1267 4774 non
1282 4719 1440 4792 loquentes,
1460 4721 1509 4776 scd
1538 4727 1695 4779 cantantes
1725 4729 1777 4782 aut
1799 4724 1840 4779 le·

181 4819 283 4881 ferant,
300 4819 329 4872 et
342 4819 408 4870 ante
418 4813 509 4884 ipsam
522 4826 649 4866 mensam
661 4814 727 4864 ante
737 4814 767 4864 et
776 4813 852 4864 retro
866 4807 979 4863 iaciant.
1022 4813 1131 4877 gentes.

179 4903 316 4960 Posthac
330 4907 359 4958 et
372 4901 506 4957 diaeonus
520 4903 549 4954 ct
558 4897 693 4966 conversi,
708 4896 844 4969 adipsum
854 4912 982 4951 mensam
1057 4894 1136 4951 Dicte
1151 4912 1234 4962 nona,
1249 4893 1404 4953 induantur
1422 4897 1551 4953 sacerdos
1563 4903 1592 4954 et
1605 4899 1711 4970 levita,
1732 4907 1765 4957 et
1776 4901 1845 4956 roli-

181 4993 321 5058 sedentes,
336 4987 679 5057 bibant,diaoonusjuxta
699 4984 839 5052 abbatem,
856 4984 982 5039 conversi
1023 4983 1071 5054 qui
1094 4984 1141 5055 qui
1156 4984 1190 5038 nd
1215 4984 1339 5041 olllcium
1360 4990 1427 5041 sunt
1450 4985 1592 5042 servituri.
1609 4989 1789 5046 Procedant
1811 4991 1848 5046 ad

177 5077 510 5155 juxtadiaconum,sicut
522 5081 589 5132 sunt
602 5075 720 5146 priores.
731 5073 822 5129 abbas
832 5089 896 5128 vero
907 5074 980 5129 lecto
1022 5073 1110 5128 altare
1131 5074 1260 5128 sacerdos
1279 5079 1308 5129 et
1327 5074 1411 5129 levita
1436 5074 1649 5143 soli,suce1dos
1673 5079 1707 5134 in
1734 5078 1846 5137 casula,

178 5164 617 5239 sermonestatimpercutiatuno
630 5163 688 5218 ictu
698 5161 871 5229 tabulam,et
882 5166 980 5233 postea
1020 5159 1155 5216 diaconus
1172 5161 1202 5216 in
1215 5161 1307 5230 stola;
1322 5163 1455 5234 nullaque
1465 5163 1611 5236 praemissa
1620 5166 1851 5239 supplicatione

176 5264 220 5314 tot
232 5258 337 5314 vicibus
352 5260 421 5329 quot
435 5253 540 5309 vicibus
555 5252 667 5307 skillam
683 5250 791 5324 percuti
804 5250 977 5308 consuetudo
1020 5249 1096 5304 dicat
1110 5250 1238 5306 sacerdos
1260 5251 1382 5318 oreeras,
1405 5251 1539 5308 diaconus
1554 5254 1721 5310 Ftectamus
1737 5275 1848 5326 pennu,

177 5353 221 5402 est
235 5346 357 5403 Sabbato
368 5344 404 5400 ad
417 5343 584 5398 charitatem
597 5344 662 5412 post
675 5339 977 5396 mandatum.Intcrim
1019 5344 1048 5394 et
1061 5337 1096 5392 ud
1111 5340 1229 5394 alteram
1240 5339 1384 5394 collectam
1395 5338 1535 5394 similiter.
1550 5341 1650 5398 Altare
1663 5343 1708 5398 sit
1719 5361 1850 5418 cooper-

177 5436 233 5492 duo
247 5433 390 5491 secretarii
405 5435 569 5504 surgant,et
583 5427 744 5500 analogium
759 5428 976 5484 etdalmaticam
1018 5434 1078 5484 tum
1108 5429 1229 5500 desuper
1258 5444 1315 5483 uno
1343 5432 1454 5483 tantum
1484 5427 1668 5490 linteamine.
1701 5433 1849 5506 Singulos

114 5583 118 5596 ,
177 5541 241 5580 curn
254 5529 345 5593 textu,
355 5527 384 5578 et
396 5521 477 5588 stola,
505 5525 534 5576 et
547 5517 701 5590 manipulo,
716 5517 752 5572 ad
772 5518 976 5574 monasterium
1019 5523 1124 5574 tractus
1139 5519 1194 5575 duo
1204 5517 1233 5572 in
1247 5515 1318 5572 albis
1330 5521 1440 5574 canant.
1455 5517 1551 5575 Passio
1561 5519 1672 5590 absque
1691 5522 1847 5581 Dominus
