3900 6168
5 285 6 288 Ν
74 220 119 279 aa
593 213 703 274 nean
719 215 779 272 an.
799 211 954 274 amena.
977 238 1009 258 =-
1026 213 1097 272 na.
1118 213 1171 274 ιιι.
1203 259 1205 266 .
1649 219 1705 280 no

75 361 138 416 pem,
151 348 183 400 ut
196 341 359 400 Donatistae
373 351 402 399 et
416 342 662 399 Circumcelliones
685 342 1000 414 depredaturAminus
1011 343 1086 398 Deus
1099 346 1191 414 rogat,
1207 357 1221 395 a
1238 342 1286 414 qui
1300 341 1361 398 vult
1375 357 1473 399 omnes
1486 343 1578 400 salvos
1600 345 1663 402 fieri
1677 351 1707 402 ct

75 440 98 488 et
107 437 192 487 vastet
201 432 342 488 hortatur.
902 433 938 487 ad
952 417 1125 503 agnitionem
1138 431 1266 486 veritatis
1280 432 1408 505 uenirell
1420 434 1490 488 Tim.
1506 449 1537 500 11,
1550 433 1586 502 ll,
1596 453 1609 488 ι
1618 434 1706 490 uidet

104 520 152 575 Sed
176 521 310 592 quoniam
335 522 528 594 religiosorum
552 523 710 594 principum
732 523 862 595 superius
902 522 1025 593 seipsum
1038 522 1181 576 etnullam
1196 521 1358 575 tarditatem
1371 522 1465 588 saciat,
1478 528 1506 578 et
1515 523 1629 578 accedat
1638 525 1704 579 huc.

76 610 167 666 mentio
181 610 256 665 sacta
270 617 321 674 est,
337 613 443 683 aliquid
458 613 493 667 de
505 613 563 667 rita
583 629 682 668 eorum
702 619 730 668 et
755 612 862 684 legibus
939 610 1013 676 Quid
1027 610 1203 666 lastinianus
1211 616 1308 665 sancto
1321 627 1399 683 papae
1410 610 1534 666 Jobanni
1548 613 1708 685 promulga-

76 699 151 754 abeis
164 701 350 772 promulgatis
364 702 430 755 huic
445 703 579 772 opusculo
590 703 780 757 necessarium
796 701 862 757 duxi
903 701 940 754 tis
955 700 1063 770 legibus
1079 700 1192 765 scribat,
1205 699 1317 754 audite:
1330 701 1456 756 Petimus
1470 706 1595 756 vestrum
1610 708 1707 774 pater·

76 791 196 844 inserere.
217 791 440 846 Nuncautemab
452 791 513 860 ipso
528 792 683 847 Theodosio
694 792 838 846 ordiamur
854 809 859 844 :
904 805 971 844 num
987 789 1118 843 allectum
1131 794 1163 844 ut
1179 789 1277 844 vestris
1301 789 1337 842 ad
1361 807 1412 844 nos
1432 790 1579 846 destinatis
1604 791 1706 846 litteris

76 878 121 943 bic,
135 885 263 949 suscepto
274 879 354 950 regni
368 878 568 950 gubernaculo.
579 878 715 934 barbaros
730 879 864 934 mirabili·
905 878 1085 932 nranisestum
1105 877 1185 932 nobis
1208 878 1329 944 faciatis,
1346 879 1420 950 quod
1435 895 1494 941 eos,
1511 879 1559 951 qui
1573 881 1707 952 praedIcta

77 975 112 1022 ter
122 967 185 1022 sicit
194 973 222 1022 et
234 967 351 1030 sedavit,
365 974 395 1022 et
409 968 545 1022 Arrianus
559 968 594 1022 ab
606 969 731 1024 ecclesiis
746 968 863 1038 expulit,
905 974 980 1021 recte
995 969 1173 1032 confitentur,
1189 967 1324 1038 suscipiat
1337 975 1428 1022 restra
1443 969 1586 1034 sanctitas,
1604 975 1633 1024 et
1646 985 1704 1036 eos,

77 1061 100 1110 et
112 1072 153 1110 eas
165 1056 326 1111 orthodoxis
342 1057 471 1122 reddidit,
489 1058 589 1112 Persas
611 1057 686 1112 intra
714 1059 785 1114 fines
798 1075 864 1113 suos
906 1055 953 1126 qui
981 1056 1094 1126 judaice
1108 1055 1169 1110 ausi
1183 1061 1249 1110 sunt
1267 1061 1371 1111 rectam
1386 1057 1524 1128 denegare
1539 1058 1623 1113 tidem
1639 1075 1707 1114 con·

78 1153 140 1199 stare
151 1145 251 1216 coegit,
264 1146 416 1200 Maximum
426 1150 577 1214 tyrannum
592 1163 681 1218 regno
692 1148 808 1216 expulit.
817 1149 863 1203 ln·
906 1144 1028 1199 damnat.
1046 1144 1100 1200 Sed
1117 1149 1275 1217 postquam,
1288 1151 1413 1218 utsupra
1424 1146 1582 1215 retulimus,
1594 1147 1706 1219 Longo-

78 1239 143 1288 terea
163 1233 308 1304 paucificata
323 1251 409 1306 regno
423 1234 648 1290 Thessalonicam
660 1236 773 1304 veniens
787 1236 866 1308 regia
906 1233 1019 1288 bardica
1029 1233 1121 1289 rabies
1131 1233 1219 1288 Italia
1231 1233 1334 1288 invasit
1346 1233 1484 1305 regiones,
1493 1252 1544 1307 per
1553 1235 1707 1290 triennium

78 1321 175 1377 licentia
193 1324 327 1397 populum
338 1322 494 1379 inconsulte
507 1325 864 1395 jussitinterlici,Quidum
907 1339 962 1394 quo
973 1322 1134 1394 paganitate
1149 1323 1256 1377 detenti
1271 1330 1347 1389 sunt,
1365 1330 1471 1395 quanta
1486 1341 1633 1396 paenarum
1655 1321 1723 1394 ge·'

79 1411 255 1467 Mediolanum
263 1412 399 1480 uenisset,
411 1429 428 1466 a
440 1413 584 1469 liminibus
594 1413 716 1469 ecclesiae
726 1432 743 1469 a
755 1415 787 1469 B.
801 1415 866 1468 Arn-
907 1427 976 1466 nera
992 1417 1144 1482 quantasve
1155 1427 1266 1466 amaras
1281 1418 1311 1466 et
1319 1412 1527 1468 crudelissimas
1535 1429 1618 1468 neces
1628 1413 1708 1469 chri-

79 1495 158 1553 brasio
173 1499 330 1569 prohibitus
345 1507 397 1566 est,
425 1501 520 1572 sicque
534 1518 706 1572 cognoscens
721 1506 866 1573 peccatum
908 1500 1008 1554 stianis
1026 1499 1183 1565 intulerint,
1198 1507 1306 1555 nonest
1319 1501 1494 1557 faciledictu.
1506 1504 1543 1557 At
1557 1509 1707 1576 postquam

81 1604 148 1642 sunm
156 1590 265 1644 tamdiu
275 1589 351 1644 llevit
362 1595 442 1645 extra
454 1592 598 1646 ecclesiam
608 1591 719 1662 publice
731 1591 866 1664 quamdiu
907 1588 936 1643 in
951 1589 1072 1644 Acciana
1084 1589 1184 1645 haeresi
1200 1587 1339 1660 baptisma
1351 1596 1544 1662 perceperunt,
1561 1591 1646 1662 paulo
1658 1591 1709 1645 mi-

83 1685 122 1750 (ita
131 1683 186 1736 cod.
216 1683 273 1734 loco
300 1677 403 1752 donec]
420 1680 528 1734 veniam
545 1681 657 1745 meruit,
680 1681 746 1735 data
760 1682 821 1752 lege
834 1663 975 1746 utssnus3
992 1679 1041 1733 sed
1056 1679 1097 1733 ita
1110 1679 1303 1734 crudelissime
1326 1696 1376 1751 per
1403 1695 1455 1734 cra
1477 1697 1576 1745 annos,
1606 1679 1708 1750 quibus

82 1769 212 1824 sententia
226 1768 386 1839 principum
416 1767 470 1824 sub
495 1769 737 1825 animadversione
751 1770 867 1840 prolatae
908 1784 964 1822 non
981 1767 1222 1839 gubernaverunt,
1244 1768 1292 1822 sed
1310 1773 1451 1823 vastavere
1474 1768 1596 1834 Italiam,
1612 1773 1709 1840 tyran·

82 1875 156 1931 usque
176 1858 213 1913 ad
231 1874 266 1912 xc
280 1857 340 1911 dies
352 1873 410 1911 non
422 1857 751 1914 obtineantdrmitatem.
908 1855 973 1910 aide
988 1857 1031 1911 usi
1041 1863 1109 1911 sunt
1122 1862 1154 1912 ut
1174 1857 1197 1910 si
1213 1855 1276 1928 quis
1290 1857 1390 1911 barum
1406 1856 1709 1927 calamitatumgnarus

110 1949 243 2012 Quantam
258 1963 323 2001 aero
342 1947 528 2001 reverentiam
543 1963 612 2018 erga
626 1948 801 2003 sacerdotem
815 1947 867 2002 Dei
909 1961 969 2000 esse
982 1945 1112 2010 voluerit,
1124 1946 1199 2017 legat
1214 1945 1394 2018 Dialogorum
1406 1945 1510 2000 librum
1524 1950 1553 2000 et
1566 1946 1711 2016 pontifica-

83 2035 262 2090 llrchadiuset
276 2034 417 2089 Honorius
432 2035 482 2089 alii
496 2037 556 2106 ejus
567 2035 727 2101 habuerint,
744 2037 820 2106 leges
832 2035 867 2090 ab
909 2035 947 2091 lia
965 2035 1051 2090 Gesta
1064 2043 1225 2090 sanctorum
1241 2040 1271 2090 et
1283 2033 1711 2090 invenietealamitatescalami·

83 2126 116 2180 eis
125 2124 303 2195 pramulgatae
316 2129 457 2179 testantur
472 2124 501 2178 in
515 2126 590 2179 hunc
605 2125 734 2179 modum:
745 2123 869 2196 Impera·
909 2129 1000 2180 tatum
1012 2129 1041 2179 ct
1059 2123 1189 2180 miserias
1203 2122 1393 2178 miseriacum.

83 2215 317 2269 mresaannanius
329 2217 357 2268 et
370 2213 514 2272 Honorius
523 2215 866 2285 AugustiTaeonoaoPP.

85 2301 180 2370 presidi
200 2302 340 2374 praelecto.
364 2301 393 2356 Si
408 2301 471 2372 quis
486 2301 515 2356 in
542 2303 595 2358 hoc
615 2320 706 2374 genus
729 2301 869 2374 sacrilegii

83 2389 228 2457 incurrerit,
244 2397 276 2444 ut
291 2391 320 2445 in
335 2390 458 2446 Ecclesia
468 2392 605 2446 catholica
617 2392 727 2447 irruens
742 2391 869 2446 sacerdo-
1070 2371 1209 2429 INCIPIT
1245 2373 1356 2429 LIBER
1390 2375 1555 2432 TERTIUS·

83 2479 147 2534 libas
155 2488 183 2536 et
196 2479 343 2544 ministris,
357 2481 399 2534 rel
410 2479 464 2552 ipsi
476 2481 565 2536 cultui
575 2481 692 2553 locoque
702 2480 808 2552 aliquid
819 2480 870 2534 im·
945 2481 1129 2552 Temporibus
1136 2481 1355 2556 autemAdriani
1371 2482 1476 2538 summi
1487 2483 1635 2556 pontilicis,
1647 2500 1712 2539 cum

84 2573 165 2639 portet
177 2567 300 2638 injuriae3
315 2568 388 2639 quod
403 2567 513 2638 geritur
527 2585 542 2622 a
559 2569 706 2640 provinciae
715 2569 870 2623 rectoribus
911 2586 942 2624 sc
956 2569 1090 2640 prefatus
1100 2586 1173 2641 papa
1188 2569 1294 2624 videret·
1306 2588 1470 2643 oppressum
1482 2571 1577 2627 multis
1591 2572 1713 2627 miseriis

86 2658 325 2720 animadvertatur,
341 2662 426 2727 atque
441 2656 482 2710 ita
496 2657 643 2728 prouincias
656 2658 817 2712 moderator
828 2674 871 2712 sa·
913 2658 1016 2712 direxit
1032 2658 1146 2712 marino
1157 2658 1258 2713 itinere
1273 2676 1339 2714 suas
1355 2661 1522 2731 apostolicas
1535 2661 1646 2716 litteras
1658 2662 1713 2717 Ka-

86 2747 217 2802 ccrdotum
236 2751 265 2801 et
278 2745 422 2800 catholica
442 2745 571 2802 Ecclesiae
598 2746 792 2801 ministrorum
818 2747 873 2808 loci
914 2747 974 2801 rolo
989 2747 1222 2802 excellentissimo
1233 2748 1293 2818 regi
1308 2749 1489 2818 Francorum,
1507 2749 1660 2821 deprecans
1669 2754 1711 2818 ut,

87 2851 184 2906 qnoque
196 2835 286 2907 ipsius
308 2840 338 2889 et
360 2833 446 2889 divini
461 2835 553 2890 cultus
566 2835 698 2905 injuriam
715 2835 829 2904 capitali
842 2834 872 2888 in
914 2835 987 2890 sicut
999 2851 1066 2890 suus
1081 2841 1162 2907 pater
1180 2841 1285 2891 sanctae
1299 2838 1443 2892 memoriae
1452 2837 1596 2910 Pippinus,
1613 2845 1641 2893 et
1653 2839 1713 2910 ipse

87 2925 211 2979 canaictos
225 2924 284 2978 sire
295 2923 435 2978 confessos
451 2925 592 2979 sententia
612 2925 720 2980 noverit
735 2941 795 2979 esse
809 2924 873 2978 viu·
914 2931 1090 2979 succurreret
1104 2929 1207 2980 sanctae
1222 2925 1273 2981 Dei
1288 2925 1417 2981 Ecclesiae
1440 2927 1573 2982 adversus
1592 2926 1733 2986 insulem.

86 3014 234 3069 dicandum.
250 3015 286 3069 Et
297 3017 361 3085 post
372 3030 461 3083 pauca
477 3032 483 3067 :
501 3015 598 3086 Sitque
613 3015 720 3070 cunctis
731 3015 873 3071 landabile
884 3013 984 3082 ctiam
997 3018 1026 3068 et
1039 3013 1210 3068 tirannidem
1225 3013 1361 3069 Desiderii
1372 3015 1446 3086 regis
1454 3015 1713 3088 Langobardorum.

85 3101 159 3158 betas
171 3109 282 3159 atroces
304 3103 494 3158 sacerdotibus
509 3103 626 3175 injurias
640 3107 715 3161 velut
730 3105 873 3177 publicum
914 3103 992 3159 Tunc
1006 3101 1065 3174 ipse
1079 3119 1097 3157 a
1113 3103 1233 3158 Domino
1247 3109 1390 3175 protectus
1406 3104 1527 3160 Karalus
1546 3121 1596 3160 rex
1613 3120 1714 3178 aggre-

85 3192 177 3248 crimen
209 3192 322 3264 insequi
359 3199 388 3248 at
413 3193 449 3247 de
478 3193 581 3250 talibus
609 3196 745 3251 ultionem
781 3212 872 3252 mere·
914 3209 985 3264 gans
1001 3192 1161 3247 universam
1177 3191 1257 3263 regni
1276 3192 1319 3246 sui
1341 3193 1479 3248 exercitus
1503 3193 1715 3250 multitudinem

86 3279 114 3343 n',
128 3287 180 3340 etc.
914 3299 965 3354 per
980 3298 1027 3336 sex
1042 3297 1153 3337 menses
1169 3280 1279 3336 obsedit
1294 3281 1415 3336 eundem
1439 3281 1615 3338 Desiderium
1630 3282 1659 3338 in
1673 3283 1715 3338 ci·

113 3369 180 3434 Quid
206 3387 274 3426 rere
290 3369 421 3426 Martiani
437 3375 466 3427 et
480 3371 672 3429 Valentiniani
691 3374 737 3444 pia
752 3374 874 3430 dualitas
914 3371 1000 3426 vitate
1015 3371 1111 3442 Papia.
1135 3370 1317 3438 Adveniente,
1335 3387 1399 3426 vero
1415 3371 1538 3442 paschali
1552 3371 1715 3439 festivitate,

86 3457 115 3510 ad
127 3457 237 3515 matum
245 3476 347 3532 papam
360 3461 481 3516 Leonem
492 3461 644 3532 scripserit,
653 3464 801 3519 audiamus
818 3483 823 3518 2
840 3465 875 3519 Et
915 3476 1017 3530 magno
1033 3458 1173 3514 desiderio
1184 3459 1221 3513 ad
1229 3460 1420 3530 apostolorum
1434 3459 1532 3516 limina
1544 3451 1714 3533 properavit.

87 3553 161 3613 tuam,
172 3547 315 3620 inquiens,
331 3549 509 3605 sanctitatem
520 3549 708 3622 principatum
724 3553 753 3607 in
766 3553 873 3623 episco-
915 3549 967 3603 Cui
996 3549 1118 3620 pontifex
1142 3549 1315 3604 venerandas
1341 3564 1447 3616 cruces,
1463 3549 1490 3604 id
1507 3554 1550 3605 est
1563 3549 1653 3621 signa,
1668 3550 1716 3604 ob-

87 3641 143 3703 patu
157 3637 221 3692 adei
237 3636 427 3708 possidentem
447 3638 532 3692 sacris
553 3638 656 3694 litteris
684 3640 714 3694 in
735 3639 875 3711 principio
915 3637 989 3691 riam
1004 3637 1090 3700 misit,
1107 3642 1135 3691 et
1150 3638 1295 3693 universas
1318 3638 1408 3692 scolas
1434 3638 1544 3694 miliciae
1563 3645 1591 3694 et
1613 3656 1716 3711 pueros

86 3721 178 3787 iustam
193 3725 554 3796 credimusalloquendam,
569 3727 720 3782 invitantes
733 3734 818 3800 atque
832 3745 877 3783 ro·
916 3732 1061 3798 portantes
1071 3743 1165 3782 ramos
1180 3727 1316 3781 olivarum
1336 3726 1393 3782 sive
1405 3727 1573 3799 palmarum.
1590 3729 1654 3800 lpse
1668 3745 1716 3784 vc-

86 3819 215 3880 gautesut
230 3830 281 3884 pro
296 3813 430 3869 firmitate
443 3815 532 3870 nostri
542 3815 653 3887 imperii
668 3823 696 3872 et
710 3823 786 3873 statu
796 3825 875 3873 aeter·
915 3833 947 3870 ro
960 3815 1210 3870 ercebonnssimos
1231 3833 1288 3883 rex,
1305 3833 1360 3887 qna
1381 3833 1430 3872 ora
1443 3817 1556 3872 easdem
1570 3817 1716 3874 sanctissi-

85 3915 143 3956 aam
154 3902 330 3958 divinitatem
343 3909 393 3958 tua
402 3904 536 3960 sanctitas
555 3905 730 3976 deprecetur.
916 3921 977 3960 mas
988 3921 1084 3960 cruces
1104 3910 1133 3959 et
1147 3905 1228 3976 signa
1250 3905 1403 3976 conspexit,
1420 3906 1516 3961 statim
1531 3907 1566 3961 de
1581 3923 1653 3978 equo
1666 3906 1716 3960 de·

116 3989 237 4053 Qualiter
257 3997 353 4047 autem
371 3992 582 4060 Constantinus,
604 4011 659 4049 non
683 3995 731 4050 ille
755 3995 873 4066 primus,
917 3995 1053 4050 scandens
1069 4011 1132 4049 cum
1143 3993 1364 4048 suisadbeatum
1376 3995 1491 4049 Petram
1508 3995 1645 4066 pedestris
1653 4012 1716 4066 per·

86 4078 129 4132 sed
141 4079 219 4144 alter,
230 4082 398 4152 ccgrromine
411 4080 489 4147 Pius,
501 4081 657 4154 imperator
670 4085 815 4154 scripserit
828 4083 876 4140 do·
917 4083 997 4138 rexit,
1012 4084 1102 4148 Quem
1114 4083 1289 4137 venerandus
1304 4082 1428 4153 pontifex
1436 4083 1466 4138 in
1481 4082 1605 4138 Sabatbo
1619 4087 1716 4137 sancto

87 4167 154 4222 mino
171 4187 250 4242 papae
263 4170 413 4225 advertite.
430 4171 485 4225 Per
509 4171 608 4238 Deum,
625 4172 764 4243 inquiens,
783 4173 875 4228 omni·
919 4171 1032 4227 Paschae
1045 4171 1218 4243 ingr-adibus
1230 4171 1488 4243 ipsiusapostolicae
1502 4172 1574 4226 aulea
1588 4187 1651 4226 cum
1664 4171 1717 4226 cle·

86 4259 218 4325 potentem
234 4275 290 4314 non
305 4264 348 4314 cst
358 4259 431 4330 apud
451 4277 503 4314 nos
523 4260 611 4332 partis
625 4261 774 4332 cujuslibet
787 4261 873 4326 saror,
918 4277 949 4316 ιο
964 4266 993 4316 et
1007 4262 1109 4333 populo
1124 4261 1251 4318 Romano
1259 4261 1436 4331 prestolatus
1447 4266 1501 4319 est.
1521 4260 1574 4326 Qui
1586 4260 1655 4314 dum
1666 4259 1717 4314 ad·

86 4345 129 4400 sed
150 4348 338 4420 equalitatem
363 4349 491 4420 utrisque
504 4351 632 4422 pertibus
654 4350 874 4418 observabimus,
920 4349 1048 4417 venisset,
1065 4348 1375 4420 ominibusgradibusss
1403 4347 1479 4404 Petri
1490 4347 1667 4416 deosculatis,
1682 4349 1719 4404 ad

85 4435 239 4494 nullatcnus
252 4438 450 4494 necessitatem
465 4437 598 4494 facientes
611 4439 640 4494 in
657 4455 877 4512 quocunqueca·
918 4438 1153 4512 praenominatum
1168 4437 1293 4509 pierrenit
1304 4437 1475 4509 pontificem.

83 4521 165 4591 pitulo
179 4526 230 4592 eis,
251 4527 300 4598 qui
327 4545 345 4582 a
374 4527 451 4582 robis
477 4527 642 4598 diliguntur,
660 4545 772 4600 quoquo
795 4529 878 4583 modo
955 4529 1025 4583 Cum
1041 4545 1071 4582 se
1086 4533 1185 4582 mutuo
1204 4527 1354 4598 amplexati
1375 4527 1504 4592 fuissent,
1532 4527 1626 4582 tenuit
1643 4526 1718 4584 idem

84 4619 151 4676 sunt,
168 4617 245 4670 omni
261 4617 367 4671 honore
392 4617 564 4688 competenti
591 4621 620 4672 et
646 4618 836 4672 muniliceatia
851 4623 880 4672 et
920 4615 1177 4672 christianissimus
1190 4632 1237 4669 rex
1253 4632 1367 4670 manum
1378 4615 1625 4689 ipsiuspontilicis,
1637 4623 1666 4672 et
1678 4617 1720 4673 ita

83 4705 255 4775 susceptione
279 4705 379 4776 dignos
410 4723 458 4761 eos
478 4704 653 4787 babebimus.
680 4708 714 4762 Et
740 4707 878 4779 siquidem
920 4706 1039 4761 adbeati
1051 4704 1127 4759 l'etri
1139 4704 1342 4760 contessionem
1357 4721 1421 4760 cum
1435 4705 1565 4760 omnibus
1583 4706 1641 4761 suis
1653 4723 1720 4778 pro·

84 4791 190 4863 utrique
204 4794 397 4859 convenerint,
415 4811 479 4850 ecce
499 4793 578 4862 bene,
592 4795 636 4850 sin
651 4802 745 4852 autem
762 4797 878 4851 minime
920 4811 1022 4867 perans
1030 4800 1112 4848 terrae
1128 4798 1294 4864 prostratus,
1307 4793 1365 4848 Deo
1380 4798 1513 4849 ctsancto
1524 4794 1720 4868 ejusapostolo

1124 2249 1250 2318 Explicit
1266 2249 1335 2302 liber
1344 2249 1490 2304 acciendus.

84 4881 268 4949 convenerint,
290 4888 402 4939 tantum
417 4884 572 4939 cumomni
587 4885 763 4940 humanitate
781 4902 828 4941 eos
843 4885 879 4940 ad
919 4889 983 4939 rota
999 4883 1133 4956 persolvit-
1150 4883 1228 4938 Tunc
1243 4898 1290 4936 rex
1304 4882 1543 4954 obnixaprecatus
1558 4889 1601 4938 est
1611 4885 1721 4957 pontifi·

83 4982 127 5020 τοι
151 4967 320 5040 dirigemus.
351 4971 386 5026 Et
407 4975 605 5043 postpauca:
628 4972 881 5029 Invitareenimet
920 4990 981 5029 cem
1004 4978 1036 5028 ut
1048 4972 1090 5026 illi
1099 4971 1240 5027 licentiam
1254 4971 1517 5028 tribueretltomam
1532 4973 1719 5045 ingrediendi,

84 5069 179 5126 rogare
195 5073 343 5127 possumus
356 5059 392 5114 ad
406 5075 518 5114 omnem
532 5062 756 5136 emendationem
772 5069 801 5117 et
816 5062 880 5118 uni·
921 5061 1019 5118 orandi
1028 5061 1121 5132 gratia
1131 5059 1466 5132 perdirersasccclesias3
1485 5062 1720 5118 etdescendentes

85 5149 166 5200 utem
182 5147 308 5202 omnium
332 5148 567 5214 Christianorum,
594 5151 790 5206 necessitatem
816 5169 880 5207 vero
921 5151 1028 5224 pariter
1042 5150 1078 5206 ad
1092 5167 1193 5221 corpus
1208 5148 1282 5205 beati
1294 5150 1369 5206 Petri
1386 5168 1449 5206 cum
1461 5149 1603 5220 judicibus
1617 5152 1721 5206 Roma·

85 5229 182 5288 inlerrc
193 5234 354 5291 nullatenus
368 5237 507 5293 volumus.
922 5257 1023 5296 norum
1032 5244 1061 5294 et
1071 5240 1251 5306 Francorum,
1265 5247 1487 5312 sesequemutuo
1496 5255 1549 5310 per
1561 5257 1722 5296 sacramen·

116 5321 189 5386 Quid
212 5340 275 5378 aero
289 5324 362 5380 alter
377 5325 578 5382 Constantinus
592 5333 621 5383 et
636 5328 748 5400 llyrenc
762 5328 881 5400 Augusti
922 5335 952 5384 ta
965 5329 1123 5384 munientes
1139 5328 1257 5400 ingressi
1275 5339 1343 5383 sunt
1353 5327 1486 5382 continuo
1504 5327 1632 5395 Rumam,
1648 5331 1724 5386 cclc-

85 5408 283 5466 adbdrianum
306 5429 408 5485 papam
419 5414 553 5481 scribant,
565 5416 721 5471 attendite:
740 5417 882 5488 Rogamus
923 5419 1003 5474 brata
1019 5435 1082 5473 vero
1101 5417 1205 5489 pascali
1233 5415 1393 5482 testivitate,
1418 5419 1519 5487 quarta
1537 5415 1608 5470 seria
1621 5417 1724 5474 oblatis

5 5553 6 5560 ,
85 5503 204 5554 tabam
220 5505 366 5571 patemam
380 5501 595 5576 beatitudinem,
608 5504 698 5576 magis
709 5504 821 5579 quidem
831 5507 883 5563 llo·
924 5505 1033 5580 aragois
1049 5505 1130 5563 donis
1148 5504 1230 5562 beato
1246 5505 1332 5570 P.,ad
1347 5503 1520 5560 obsidionem
1534 5501 1618 5577 Papae
1632 5521 1725 5562 rerer·

214 5599 343 5666 Persea.
368 5603 427 5669 Cla
1567 5607 1608 5670 ab
