3896 6170
113 243 185 304 alat
688 241 736 298 DE
753 239 938 298 TRANSI'I'U
957 241 1175 302 hamulum.
1687 247 1755 309 1186

113 369 248 441 pendium
261 367 393 431 inserant,
403 367 660 438 impraesentiarum
673 366 748 422 male
762 367 989 434 sublatum,Aut
1001 369 1031 424 in
1045 370 1149 426 talibus
1169 372 1283 440 assolet,
1305 371 1349 428 rel
1371 371 1479 442 injuria
1500 372 1660 444 contigerit,
1676 389 1751 430 snm·

112 457 286 530 temporibus
308 456 397 512 nostri
421 455 635 528 praedecessoris
651 462 754 510 sanctae
770 456 914 512 memoriae
955 473 1031 512 marn
1046 459 1128 531 pretii
1140 477 1225 532 quarn
1249 461 1293 516 lex
1307 477 1358 534 pro
1372 461 1494 516 vindicta
1516 462 1605 534 culpas
1620 463 1753 534 exegerit,

112 547 299 603 Adelberonis
314 549 374 618 jam
397 546 583 618 quadriennio
605 545 733 600 habitum
757 546 785 601 in
800 546 914 600 dedica·
955 546 1033 601 nullo
1048 549 1188 604 retinente
1203 548 1288 606 abbas
1303 550 1429 621 accipere
1439 549 1559 604 debebit.
1570 549 1755 606 Obsecramus

111 636 188 691 bone
204 637 292 707 ipsius
316 635 454 690 Ecclesiae.
471 635 617 690 Undenas
640 635 786 705 cupientes
799 637 914 704 protan-
956 625 1070 691 tandem
1085 645 1200 693 cunctos
1224 645 1288 710 post
1311 656 1362 694 nos
1386 645 1519 698 venturos
1533 639 1689 710 pontifices,
1705 657 1756 710 per

111 725 178 779 dere
193 743 264 796 opus
277 723 479 780 misericordie
498 724 528 778 in
543 724 662 778 salutem
688 729 790 778 nostra
804 723 914 788 anirnae,
958 738 1055 780 omnes
1079 727 1191 782 Domini
1211 727 1416 793 miserationes,
1436 735 1465 783 et
1490 745 1541 798 par
1558 729 1755 784 auctoritatam

112 819 199 886 atque
214 814 244 868 in
259 805 437 868 commodum
455 812 593 878 Ecclesia,
616 811 746 884 precibus
762 811 851 883 ipsius
866 809 917 866 ab·
957 812 1105 869 duodecim
1129 817 1331 888 apostolorum,
1345 817 1501 888 prasertim
1522 817 1612 872 sancti
1639 817 1755 873 loannis

114 903 188 958 batis
202 919 311 958 necnon
323 902 540 974 religiosissima
555 907 641 973 atque
655 900 770 971 virginis
780 901 838 955 Deo
848 915 915 956 con-
958 903 1132 958 dilectissimi
1148 905 1270 972 Domini,
1287 907 1367 977 cujus
1390 907 1420 961 in
1442 907 1558 978 prealato
1584 907 1754 962 monasterio

113 997 230 1048 secretae
243 991 314 1046 inibi
339 991 455 1046 reclusae
478 990 598 1045 dominae
621 989 736 1044 nornine
757 989 913 1057 Hodierna,
955 991 1024 1046 dens
1037 991 1157 1047 hahetur
1172 999 1200 1048 et
1216 999 1374 1060 veneratur,
1390 999 1423 1048 ut
1436 993 1755 1050 confirmatumcstinibi

114 1082 299 1152 omniumque
312 1081 434 1135 fratrum
449 1080 496 1152 pia
518 1078 734 1152 supplicatione,
748 1084 833 1150 atque
848 1095 916 1134 una·
956 1080 1124 1135 auctoritate
1138 1080 1213 1136 beati
1225 1083 1292 1137 noni
1306 1081 1407 1137 Leonis
1423 1099 1511 1155 papa,
1521 1088 1550 1136 et
1564 1099 1614 1154 per
1628 1099 1753 1138 amorem

114 1171 184 1226 nimi
196 1187 335 1226 consensu
354 1175 515 1225 nostrorum
540 1169 676 1236 fidelium,
693 1168 869 1223 restituimus
887 1173 916 1223 et
956 1168 1082 1224 omniurn
1098 1175 1268 1234 sanctorum,
1282 1188 1390 1226 necnon
1407 1177 1436 1227 e't
1453 1171 1630 1226 obtestamur
1642 1189 1693 1244 per
1706 1189 1756 1227 no·

116 1260 291 1315 reddidimus
301 1259 394 1330 ipsum
403 1259 506 1325 forum,
522 1257 551 1312 in
565 1257 755 1328 [solemnitate
765 1257 854 1328 ipsius
864 1257 915 1312 de·
955 1261 1044 1312 stram
1059 1275 1143 1330 quarn
1158 1275 1176 1312 a
1189 1259 1247 1313 Deo
1262 1259 1421 1330 accepimus
1435 1264 1613 1330 potestatem,
1623 1265 1655 1314 ut
1664 1277 1754 1331 neque

112 1349 261 1406 dicationis
274 1347 478 1420 perpetualiter
498 1347 672 1405 habendum.
695 1346 733 1402 Ut
755 1345 846 1416 igitur
863 1362 915 1402 nos
955 1362 973 1400 a
987 1363 1017 1400 se
1028 1362 1120 1417 neque
1137 1363 1153 1400 a
1168 1347 1294 1418 quolibet
1303 1348 1416 1403 irritum
1428 1348 1487 1403 lieri
1500 1348 1668 1420 permittant
1677 1350 1754 1406 istud

111 1439 149 1511 pii
159 1437 254 1510 operis
263 1443 440 1492 exsecutores
454 1451 616 1491 mereamur
624 1434 744 1490 coelestis
758 1433 838 1505 regni
853 1434 915 1489 lieri
956 1451 1027 1506 opus
1041 1435 1249 1502 misericordia,
1261 1438 1334 1508 quod
1348 1438 1453 1509 scripto
1466 1437 1598 1510 prasenti
1613 1443 1642 1492 et
1661 1443 1756 1493 aucto·

112 1527 274 1599 participes,
288 1525 424 1596 quidquid
440 1524 612 1594 nostrijuris
627 1523 657 1578 in
672 1521 733 1595 ipso
746 1523 805 1577 loro
815 1522 914 1578 haberi
955 1524 1039 1579 ritate
1047 1530 1150 1580 nostrae
1166 1541 1276 1594 manus,
1284 1525 1502 1597 nominibusque
1512 1532 1674 1582 nostrorum
1689 1527 1757 1581 lide·

113 1615 312 1688 comperimus,
324 1614 362 1668 nil
375 1614 455 1669 nobis
467 1613 669 1684 relinquentes,
683 1618 774 1666 toturn
787 1612 913 1668 seruien-
953 1613 1022 1668 lium
1037 1616 1245 1670 confirmamus.

116 1705 191 1760 libus
201 1705 261 1760 lleo
275 1702 344 1758 inibi
363 1703 444 1758 fratri
458 1701 639 1768 contulimus,
655 1701 797 1773 deputatis
816 1701 945 1784 decemB
989 1702 1046 1773 Ego
1062 1702 1251 1759 Harimnnuus
1262 1703 1395 1760 Metensis
1407 1703 1537 1760 Ecclesiae
1547 1705 1650 1776 praesul
1660 1703 1756 1776 signa·

111 1793 207 1848 solidis
220 1793 297 1847 inter
310 1789 724 1863 primiceriumtbesaurarium
736 1795 821 1860 atquc
831 1806 913 1845 cano·
954 1791 991 1846 vi.

112 1883 190 1938 uicos
204 1881 296 1937 sancti
311 1879 447 1952 Stephani
468 1883 498 1933 et
511 1879 676 1934 advocatum
690 1877 819 1945 civitatis,
846 1896 914 1951 quo·

111 1989 172 2028 rum
189 1971 304 2043 quidem
317 1969 442 2043 quinque
456 1968 561 2022 dantur
575 1984 625 2040 pro
640 1967 820 2022 restitutione
833 1984 915 2022 num·

111 2077 222 2116 morum
237 2059 285 2132 qui
299 2058 354 2114 sibi
377 2059 561 2114 conteruntur
585 2057 620 2111 de
644 2055 762 2128 privatis
781 2058 914 2113 mercatis

112 2157 173 2206 octo
189 2149 309 2204 dierum.
332 2147 388 2203 Alii
411 2146 585 2201 nilhominus
610 2144 715 2200 dantur
730 2145 865 2217 quinque,
881 2151 914 2202 ut

112 2242 315 2308 nosuexacuant
327 2235 358 2291 iu
371 2253 402 2290 se
418 2235 531 2290 dantem
555 2233 667 2289 invidiae
688 2233 718 2289 in
745 2233 826 2288 bonis
847 2251 913 2306 pro·

113 2326 243 2384 rentibus
257 2327 388 2392 iratmm,
404 2324 453 2380 sad
467 2324 611 2396 gaudeant
628 2339 693 2378 cum
712 2323 911 2394 gaudentibus,

112 2423 142 2472 ut
163 2419 216 2472 liat
238 2415 314 2488 quod
336 2415 473 2486 scriptum
489 2420 533 2469 est
548 2430 555 2466 τ
572 2413 648 2480 Quod
661 2414 746 2466 vultis
760 2417 791 2466 nt
805 2414 912 2480 famant

112 2509 185 2561 uobis
196 2507 354 2560 inmineret
366 2519 411 2558 cos
425 2504 519 2557 cadem
529 2504 611 2570 sonte
626 2503 693 2554 illis.
705 2501 845 2556 Praeteres
852 2502 912 2571 jam

112 2595 201 2650 dictus
222 2594 372 2649 advocatus
387 2607 513 2646 seorsum
531 2591 599 2644 item
614 2588 721 2662 accepit
733 2589 829 2644 decem
845 2590 912 2645 soli·

111 2685 160 2739 dos
182 2689 213 2739 et
234 2689 293 2738 tres
307 2681 407 2736 decani
421 2686 506 2751 atque
534 2677 657 2734 scabinio
679 2685 775 2734 ternos
796 2679 908 2747 solidos,

114 2771 219 2843 singuli
231 2771 263 2826 in
276 2769 434 2824 mercedem
449 2767 493 2823 sui
508 2766 603 2834 officii,
612 2771 751 2839 quatenus
764 2782 856 2838 neque
870 2766 913 2822 in-

109 2860 176 2916 ferri
191 2877 209 2914 a
223 2858 360 2930 quolibet,
381 2872 472 2928 neque
486 2855 582 2910 sinant
594 2855 764 2925 injustitiam
779 2855 821 2908 vel
836 2855 913 2926 inju-

990 1879 1107 1952 Signum
1117 1882 1270 1953 primicerii
1280 1881 1476 1938 Adalberonis.

990 1971 1019 2028 S.
1036 1969 1157 2026 Richerii
1172 1972 1376 2030 archidiaconi.

990 2060 1019 2114 S.
1035 2059 1171 2115 Gemoldi
1185 2060 1385 2116 archidiaconi.

990 2147 1018 2202 S.
1033 2147 1158 2204 Udelrici
1172 2148 1371 2204 archidiaconi.

989 2235 1018 2292 S.
1032 2237 1148 2292 loannis
1162 2237 1282 2296 AErarii.

990 2324 1020 2382 S.
1036 2325 1152 2381 Comitis
1167 2325 1301 2386 Folmari.

989 2413 1017 2468 S.
1034 2413 1175 2470 Cuonradi
1190 2415 1311 2470 comitis.

989 2503 1017 2557 S.
1035 2501 1203 2558 Herimanni
1217 2503 1342 2562 comitis.

987 2591 1016 2647 S.
1032 2591 1139 2647 Udonis
1153 2593 1274 2648 comitis.

990 2681 1019 2738 S.
1036 2679 1176 2735 Rothlridi
1191 2680 1226 2735 de
1241 2679 1379 2735 Prisneio.

987 2769 1015 2824 S·
1031 2769 1173 2824 Cuononis
1187 2769 1222 2823 de
1236 2768 1367 2825 Tincher.

988 2858 1017 2914 S.
1035 2858 1192 2912 Barchardi
1207 2857 1343 2912 advocati.

111 2950 181 3004 riam
196 2947 257 3021 pati
271 2944 433 3019 quemlibet.
450 2944 538 3000 Extra
553 2943 606 2999 hos
620 2943 741 3016 denique
756 2943 872 3014 triginta
884 2947 913 2998 at
989 2946 1017 3001 S.
1033 2944 1148 3001 ioannis
1163 2945 1247 3018 primi
1260 2944 1409 3000 scabionis.

110 3039 179 3094 duos
197 3037 314 3098 solidos,
330 3034 415 3090 nullis
428 3033 466 3088 sit
491 3032 615 3099 omnino,
643 3032 686 3086 vel
706 3031 844 3103 exigendi,
868 3033 912 3088 vel
993 3035 1021 3091 S.
1036 3034 1161 3091 alterici.

109 3126 249 3184 retinendi
262 3125 361 3197 iniqua
369 3122 559 3195 presumptio.
573 3121 603 3177 Si
617 3137 748 3192 quarere
761 3120 910 3192 iniustitia,
992 3124 1021 3180 S.
1035 3121 1145 3179 abbatis
1156 3121 1293 3180 Walonis.

479 3441 570 3534 DE
598 3437 936 3538 TRANSITU
964 3437 1369 3540 HERIMANNI.

533 3721 543 3738 ,
588 3657 685 3738 (Huao
701 3653 886 3728 Flaviniao„
905 3651 1045 3714 Chrsalo.
1061 3651 1101 3713 ad
1117 3669 1171 3713 an.
1186 3648 1289 3731 1090.)

141 3949 394 4024 Appropinquante
406 3965 471 4005 vero
483 3948 528 4004 die
543 3947 730 4005 determinato
745 3947 780 4003 ad
793 3948 913 4003 transis·
951 3961 1026 4012 rum,
1043 3950 1076 4000 ut
1084 3942 1145 4001 sine
1159 3944 1234 4010 dolo,
1255 3944 1316 3999 sine
1329 3942 1519 4010 simulatione,
1534 3947 1691 3999 uatztareut
1704 3963 1752 4001 ne·

107 4037 213 4093 rendae
237 4037 413 4094 venerabiles
433 4038 567 4111 reliquias
587 4037 629 4107 (S.
649 4037 816 4105 Clementis),
837 4037 912 4092 vires
951 4033 1061 4105 gotium
1075 4033 1204 4088 Ecclesiae
1214 4032 1243 4088 in
1257 4031 1377 4103 simplici
1389 4036 1418 4086 et
1431 4031 1508 4085 nuda
1518 4030 1644 4098 veritate,
1656 4037 1684 4087 et
1694 4049 1753 4088 om·

111 4133 212 4182 tenuas
226 4128 349 4182 Domino
362 4133 505 4183 annuente
519 4126 913 4199 recepit(Herirnann.),etin
952 4122 1035 4178 nibus
1051 4123 1183 4178 ultimum
1196 4122 1258 4176 vale
1278 4120 1357 4188 dixit,
1377 4136 1441 4174 cum
1460 4118 1583 4174 mirabili
1602 4119 1752 4178 verborum

109 4215 307 4285 transferendo
320 4215 404 4270 beato
418 4215 562 4270 clemente
576 4215 642 4272 Kal.
656 4214 790 4270 Maiicum
801 4229 912 4268 summa
954 4216 982 4266 et
992 4211 1086 4267 uultus
1100 4211 1257 4266 allectione.
1273 4210 1324 4264 Die
1338 4207 1423 4263 tertio
1443 4208 1518 4263 circa
1527 4209 1628 4263 boram
1647 4225 1752 4266 nonam

108 4304 176 4359 cleri
191 4304 337 4377 plebisque
363 4305 512 4360 devotione
526 4304 621 4359 divina
633 4305 726 4376 gratia
739 4263 944 4358 desideriumn
951 4300 1112 4372 intelligens
1137 4317 1220 4355 suum
1243 4297 1396 4354 transitum
1417 4297 1576 4364 imminere,
1605 4300 1752 4354 conuocari

107 4391 911 4466 ejusimplevitattotaurbe,imototaregioneadverbum
951 4391 1155 4462 iratresjussit,
1173 4395 1203 4444 et
1220 4389 1292 4444 lilios
1311 4392 1436 4442 astantes
1457 4387 1631 4442 nedolerent
1644 4405 1709 4443 voce
1724 4394 1753 4445 et

108 4483 911 4554 praedicationnejusastrmteatdeoreeiusroresuperna
952 4496 1038 4535 manu
1053 4479 1233 4552 compescuit.
1242 4480 1268 4533 Α
1278 4477 1379 4549 quibus
1393 4493 1457 4532 cum
1470 4476 1693 4548 interrogaretur
1707 4477 1753 4536 cui

107 4571 268 4626 dulcedinis
278 4571 575 4640 distillante,omnibus
585 4572 731 4638 absolutis,
744 4570 911 4626 etabomni-
953 4584 1000 4624 eos
1024 4568 1165 4622 desolatos
1192 4565 1376 4639 relinqueret,
1404 4564 1472 4636 quid
1494 4565 1534 4620 eis
1556 4564 1721 4637 preciperet
1744 4583 1752 4623 t

37 4654 41 4663 '
106 4659 162 4714 bns
178 4661 260 4732 quasi
275 4660 310 4714 ab
324 4659 384 4733 ipso
398 4663 457 4717 Deo
467 4660 641 4717 absolutione
651 4661 749 4733 petita,
760 4661 875 4716 tandem
882 4660 912 4714 in
954 4657 1117 4712 dominando
1140 4672 1193 4716 uos,
1212 4655 1262 4720 ait,
1287 4657 1355 4718 deo,
1371 4657 1439 4708 state
1454 4657 1485 4708 in
1499 4655 1552 4722 fida
1576 4659 1602 4708 et
1625 4657 1753 4711 docth

106 4747 226 4805 auribus
240 4749 367 4805 omnium
382 4748 560 4817 desideravit,
577 4750 691 4805 dicens:
708 4751 818 4818 Sufficit
828 4751 909 4810 mihi,
954 4747 1026 4800 beati
1045 4746 1128 4809 Patri,
1152 4747 1224 4798 siout
1238 4759 1256 4797 o
1269 4743 1467 4797 successoribus
1488 4745 1547 4811 ejus
1566 4748 1591 4797 et
1605 4743 1713 4798 addistis
1728 4749 1754 4800 ct

106 4856 122 4892 o
149 4843 264 4894 atinam
285 4842 415 4908 respiciat
428 4841 508 4902 Deus,
525 4843 551 4894 at
565 4841 647 4906 flrtiat
671 4839 775 4894 labores
789 4853 871 4901 meos,
887 4843 912 4892 et
954 4835 1083 4888 audistis.
1113 4831 1147 4887 Ει
1174 4837 1239 4903 post
1263 4831 1322 4888 haec
1348 4848 1445 4886 omnes
1469 4830 1646 4898 benedicens,
1672 4832 1753 4904 signo

105 4929 244 4995 suscipiat
259 4930 290 4980 in
302 4943 369 4994 pace
383 4931 516 4997 spiritum
526 4945 619 4982 meum
631 4943 682 4997 per
691 4931 913 4982 intercessionem
954 4921 1044 4978 crucis
1068 4937 1099 4977 se
1122 4921 1252 4987 munivit,
1277 4927 1306 4975 et
1330 4920 1460 4976 invocata
1481 4926 1579 4976 sancte
1602 4920 1751 4988 Trinitate,

104 5019 201 5070 snrrcti
214 5015 371 5079 Clementis,
388 5019 468 5085 cnjus
484 5019 709 5070 sacratissimum
723 5031 821 5086 corpas
835 5017 913 5070 hodie
954 5017 1060 5066 sanctae
1074 5010 1170 5066 Mariae
1183 5027 1214 5065 se
1230 5010 1441 5077 commendans,
1458 5025 1608 5065 commune
1631 5010 1753 5081 patroci-

104 5107 210 5166 sr'dere,
225 5105 342 5172 palpare
353 5109 378 5158 ct
388 5107 541 5172 transferre
554 5108 701 5174 utapniflco
711 5121 826 5161 munere
837 5106 913 5161 nohis
954 5101 1034 5156 nium
1049 5105 1210 5155 sanctorum
1226 5098 1392 5171 implorans,
1408 5099 1496 5154 oculis
1520 5103 1549 5153 et
1575 5097 1703 5167 manibus
1724 5097 1754 5152 in

105 5193 351 5248 decawdonatum
362 5197 400 5246 est
409 5198 418 5246 l
427 5192 485 5248 Sub
494 5193 547 5248 hac
556 5209 622 5248 voce
634 5193 753 5265 populus
763 5193 912 5264 ingemuit,
955 5190 1056 5244 coelum
1067 5188 1191 5257 elevatis,
1202 5187 1264 5243 sine
1274 5189 1331 5242 ullo
1342 5187 1463 5258 strepitu
1474 5187 1548 5242 vocis
1562 5192 1591 5240 et
1603 5190 1681 5240 rnatu
1695 5201 1755 5240 eor·

105 5293 137 5332 et
153 5277 243 5330 fracto
265 5275 406 5347 finemque
429 5275 556 5331 laborum
572 5277 735 5348 imploranti
759 5278 913 5334 condoluit.
955 5279 1041 5350 poris,
1058 5277 1139 5350 quasi
1154 5275 1343 5342 obdormiens,
1360 5276 1490 5346 spiritum
1505 5273 1608 5329 emisit.
1621 5275 1755 5345 Sequenti

104 5361 227 5418 Duobus
236 5362 336 5417 diebus
346 5363 583 5420 intercedentibus
594 5366 679 5437 quaesi
690 5368 823 5439 praesagis
832 5367 916 5422 virini
956 5374 1037 5423 noete
1047 5367 1178 5439 apparuit
1191 5366 1302 5421 cuidam
1322 5365 1422 5419 dilecto
1433 5379 1492 5429 suo,
1514 5377 1598 5433 quern
1621 5361 1651 5416 in
1664 5362 1755 5419 filium

118 5451 260 5514 causitus,
283 5451 413 5508 fidelibus
441 5453 570 5510 Ecclesiae
593 5455 654 5510 fieri
670 5456 801 5528 epistolas
819 5457 914 5530 jussit,
957 5457 1150 5529 adoptaverat,
1162 5455 1211 5529 qui
1228 5471 1290 5509 cum
1303 5453 1403 5525 psalmi
1413 5455 1659 5522 cantarenturprae
1669 5452 1757 5508 tristi·

108 5556 200 5596 orans
217 5546 249 5596 et
261 5539 398 5612 warrens
415 5558 466 5615 per
483 5543 623 5600 viventem
636 5542 666 5600 ia
685 5547 789 5604 saecula
801 5545 915 5604 mulo·
957 5545 1000 5604 tia
1012 5544 1215 5615 obdormierat,
1233 5541 1273 5598 ait
1295 5541 1338 5598 illi
1354 5557 1361 5594 ι
1376 5541 1441 5598 doli
1460 5544 1569 5598 mastos
1589 5556 1644 5595 assa
1664 5543 1758 5600 salvus
