4046 6186
158 305 228 364 1569
407 301 631 360 FRAGMENTA
648 301 696 356 DE
715 299 936 356 PRlVlLEGllS
955 298 1001 353 ET
1018 299 1272 356 AUCTORlTATE
1291 298 1379 355 ROM.
1400 298 1545 358 ECGLES.
1728 303 1797 363 1570

152 437 272 490 Ecclesia
284 436 390 502 recipit,
408 438 497 501 utpote
513 432 645 486 tubarum
659 427 785 498 Spiritus
797 429 896 490 sancti,
906 427 951 479 sed
963 427 1107 498 Aquidam
1114 427 1217 481 olimin
1225 427 1273 482 Dei
1280 433 1474 483 etsanctorum
1480 430 1596 486 Petrum
1603 432 1795 489 sanctionibus

152 521 954 588 etiarnomru'umomuinoprobobitiuml’ctrum,etsucro·
995 522 1189 586 contemptum
1208 516 1244 569 ad
1265 515 1308 570 sui
1324 518 1540 573 ostentationem
1557 526 1586 574 et
1599 521 1794 576 ascribendam

153 629 220 666 rum
231 614 414 666 conciliorum
424 613 563 678 ruputaset
578 611 766 662 institutiones
776 608 952 669 odersittit,it-
994 605 1046 658 sibi
1062 612 1205 659 ventosam
1221 605 1498 677 auctoritatemque
1508 608 1593 662 nullis
1603 609 1745 665 canonicis
1755 612 1795 665 le·

154 703 459 768 losduntouutquenec
468 705 545 752 reete
553 700 679 764 [idriam
690 698 896 750 bonisruorttus
904 697 951 749 ob·
993 693 1156 764 gibusstare
1168 699 1268 765 potest,
1279 694 1453 765 scripserunt
1463 695 1514 749 sibi
1524 713 1622 752 novem
1638 699 1794 754 ordinatio·

154 790 422 852 niout,seduecsedis
431 787 954 854 liomouedeorctisadmodumquidrc-
995 801 1058 837 nem
1070 784 1188 839 Romani
1196 784 1349 854 pontificis:
1363 784 1392 838 in
1404 801 1459 855 qua
1470 802 1553 856 quarn
1568 787 1697 848 nefanda,
1709 805 1794 861 quam

151 883 270 943 suttunt,
282 881 449 947 qutnpottus
458 878 631 930 aduersarios
638 880 760 942 potenter
773 877 950 942 impupnunt,
994 874 1052 928 Deo
1066 873 1183 927 inimica
1199 878 1369 939 statuerunt,
1385 873 1486 928 borreo
1505 874 1636 932 scribere.
1653 877 1706 942 Qui
1724 877 1795 948 legit

151 969 292 1040 Epistulas
305 967 400 1022 autem
412 965 565 1022 Clementis
575 965 608 1020 ed
620 964 871 1028 iacobum,coutra
881 979 952 1032 quas
994 961 1142 1032 intelligat.
1161 961 1248 1016 Porro
1262 962 1297 1016 de
1312 962 1395 1017 modo
1419 963 1536 1018 docendi
1552 965 1680 1022 subditos
1701 983 1793 1038 pauca

151 1057 266 1130 quidam
276 1057 385 1128 garrire
391 1056 530 1120 videntur,
543 1054 719 1110 authenticas
727 1052 880 1107 ostendunt
887 1069 951 1106 suc·
994 1055 1039 1109 hic
1052 1055 1159 1110 inserte
1173 1061 1240 1109 sunt
1252 1073 1257 1108 :
1267 1055 1401 1126 quoniam
1414 1061 1442 1110 ει
1458 1055 1629 1112 laboriosum
1640 1064 1669 1113 et
1678 1059 1794 1114 alterius

151 1163 277 1202 cessores
297 1147 358 1217 eius
376 1146 529 1200 Anacletus
552 1149 581 1198 et
603 1143 771 1207 Alexander,
787 1147 816 1196 et
835 1141 948 1213 quidam
991 1146 1084 1217 operis
1095 1143 1247 1199 arbitratus
1257 1161 1319 1198 sum
1331 1145 1365 1198 ad
1382 1145 1552 1200 hocsacram
1567 1148 1706 1203 deflorare
1721 1149 1793 1205 Scri·

149 1235 198 1290 alii
213 1236 369 1308 pontifices,
391 1239 420 1290 et
441 1251 459 1288 e
482 1234 540 1288 Deo
555 1232 723 1292 Benedictus
748 1230 949 1286 monachorum
991 1239 1115 1305 pturam.
1130 1232 1281 1288 Potissima
1306 1239 1401 1288 autem
1424 1234 1504 1288 adid
1531 1236 1623 1306 operis
1645 1237 1714 1292 mibi
1733 1238 1794 1294 risa

149 1329 240 1394 pater,
259 1325 307 1394 qui
322 1340 355 1378 ex
368 1323 424 1377 illis
438 1323 533 1394 plures
548 1321 703 1376 sententias
720 1320 750 1374 in
764 1319 823 1375 suis
838 1318 949 1391 scriptis
990 1328 1057 1376 sunt
1072 1322 1263 1394 Evangelium,
1279 1327 1308 1377 et
1322 1324 1513 1394 apostolorum
1533 1324 1674 1397 Epistola,
1690 1332 1719 1381 et
1733 1327 1793 1383 Gle-

148 1413 318 1468 inseruerat.
326 1413 418 1469 Sedet
427 1412 461 1467 de
469 1412 630 1483 apostolica
640 1409 714 1466 sedis
723 1409 892 1465 auctoritate
901 1408 948 1464 hic
989 1411 1103 1478 mentis,
1121 1417 1149 1466 et
1164 1412 1304 1482 pastorale
1329 1413 1466 1484 Gregorii,
1488 1418 1518 1468 ει
1536 1430 1621 1486 super
1643 1416 1794 1488 Evangelia

148 1503 273 1571 plurima
286 1503 422 1574 congessi.
438 1502 572 1567 Quaedsm
591 1501 678 1556 etiem
696 1501 731 1555 de
750 1499 892 1570 opusculis
909 1499 944 1557 B.
990 1500 1111 1555 homiliae
1132 1502 1258 1572 ejusdem
1279 1500 1324 1567 40,
1346 1507 1375 1557 ει
1396 1500 1423 1567 8,
1450 1503 1550 1558 ει9ει
1568 1503 1708 1577 l0,super
1723 1506 1793 1562 Eze-

147 1593 326 1662 Hlerouymi,
343 1593 424 1662 qu'us
446 1591 599 1662 eloquium.
621 1595 653 1644 ιιι
677 1589 851 1660 Augustinus
866 1589 900 1642 de
914 1605 947 1642 eo
989 1590 1119 1645 cbielem.
1137 1590 1174 1645 Et
1188 1592 1319 1663 quoniam
1331 1592 1397 1646 dum
1410 1592 1540 1647 brevitati
1549 1594 1658 1658 studeo,
1670 1596 1792 1666 plurima

147 1680 452 1746 aitcontralulianum,
462 1679 496 1735 eb
506 1678 657 1734 Orientein
668 1679 849 1735 Occidentem
858 1678 949 1732 instar
988 1678 1070 1734 utilia
1089 1697 1134 1734 me
1154 1681 1297 1752 praeterlre
1316 1681 1407 1745 doleo,
1424 1699 1523 1736 moneo
1538 1683 1680 1740 curiosum
1702 1686 1791 1742 lecto·

145 1771 216 1824 solis
231 1770 351 1841 refulget
376 1770 509 1835 Quosdam
523 1769 558 1824 de
573 1769 713 1850 opusculis
726 1768 873 1822 beatorum
888 1769 945 1839 Cy·
957 1785 1046 1848 Brem
1063 1775 1095 1823 ut
1107 1786 1170 1823 cum
1187 1775 1275 1832 vacat,
1291 1769 1335 1824 his
1350 1771 1481 1841 aquibus
1495 1772 1553 1826 baec
1564 1771 1701 1828 deflorata
1722 1780 1790 1830 suut

146 1859 249 1931 prisni.
267 1859 414 1923 Ambrosii,
433 1858 583 1929 Augustini
599 1864 627 1912 et
641 1858 759 1912 aliorum
772 1859 897 1911 Petrum.
914 1857 948 1911 Et
988 1859 1112 1913 studium
1128 1859 1274 1926 adhibeam
1291 1867 1389 1914 nonut
1403 1860 1546 1914 defloratis
1562 1861 1667 1932 aliquid
1685 1864 1790 1934 adjun-

144 1949 315 2004 omnimodis
330 1965 444 2020 operam
466 1947 590 2020 impendi
615 1953 646 2002 ut
670 1955 764 2001 essent
785 1946 947 2018 plenissima
987 1953 1046 2018 gat.
1065 1948 1113 2002 sod
1136 1953 1167 2002 ut
1187 1965 1238 2003 suo
1263 1948 1401 2002 desiderio
1422 1949 1584 2003 satisfaciat.
1614 1951 1672 2005 Hoc
1691 1953 1787 2024 itaque

146 2039 316 2093 auctoritate
326 2056 387 2109 quse
398 2039 442 2092 bic
452 2037 579 2107 congessi
606 2036 745 2101 Quoniam
758 2036 947 2107 sicutaliquos
989 2053 1059 2108 opus
1074 2043 1170 2092 vestra
1190 2038 1353 2100 paternitati
1376 2037 1511 2101 dedicavi,
1528 2039 1602 2110 quod
1625 2056 1682 2095 non
1695 2043 1788 2098 solum

145 2127 250 2198 quibus
272 2129 331 2183 haec
350 2129 499 2199 placerent.
518 2127 558 2180 ita
571 2142 628 2180 non
647 2126 792 2180 defuturos
811 2126 946 2196 quosdam
988 2131 1091 2181 sanctae
1103 2126 1263 2197 apostolicae
1277 2127 1346 2190 sedi,
1368 2127 1415 2182 sed
1432 2127 1510 2181 omni
1525 2127 1653 2184 Ecclesiae
1667 2135 1696 2185 et
1711 2130 1789 2186 omni

145 2217 195 2288 qui
205 2217 250 2270 bis
259 2217 426 2280 inviderent,
435 2233 492 2272 non
501 2216 637 2288 ignoravi.
650 2217 789 2271 Praeterea
798 2215 946 2286 antiquum
988 2215 1062 2269 clero
1077 2216 1256 2286 profuturum
1270 2215 1375 2287 putavi.
1393 2215 1515 2271 Obsecro
1536 2221 1632 2271 autem
1646 2218 1788 2289 legentem

145 2306 275 2361 ordinem
290 2306 435 2362 electionis
449 2323 499 2360 seu
518 2305 735 2360 consecrationis
742 2304 861 2359 Romani
876 2322 946 2376 pon·
986 2303 1017 2358 in
1029 2304 1156 2361 Domino,
1169 2309 1202 2360 ut
1215 2321 1266 2376 pro
1280 2304 1351 2360 meis
1362 2303 1519 2359 excessibus
1531 2303 1567 2358 ud
1575 2305 1728 2363 Dominum
1742 2306 1788 2362 in·

144 2396 231 2451 tiliois
244 2401 274 2451 ει
288 2395 356 2450 cleri
370 2397 432 2467 ejus
445 2395 511 2450 huic
529 2394 608 2466 operi
626 2394 751 2450 inserere
764 2394 856 2449 libuit.
872 2394 946 2449 Nam
987 2392 1123 2449 tercedet.

647 2721 1055 2837 FRAGMENTA
1100 2725 1287 2835 LIBRI
1331 2741 1334 2748 ’

143 2944 190 3007 De
206 2944 402 3026 privilegiis
413 2951 447 3010 et
462 2947 663 3010 auctoritate
677 2943 834 3010 Ecclesiae
842 2944 1002 3009 nomana
1017 2949 1192 3026 statusque
1208 2943 1440 3020 ecelesiastici,
1450 2949 1484 3008 et
1494 2943 1658 3008 adversus
1665 2959 1784 3010 rerum

189 3032 1732 3112 ecclesiasticaruminvasores,Simoniaeosetechlsmaticos‚Guibertinosetflenricianos.

473 3211 591 3280 (Beros.
606 3211 712 3266 Annot.
724 3209 760 3264 ad
772 3226 818 3264 an.
837 3206 915 3272 1059,
931 3224 959 3261 n.
972 3207 1022 3275 st;
1040 3205 1117 3274 1080,
1133 3224 1162 3262 n.
1173 3205 1229 3276 31;
1249 3205 1325 3274 1080,
1341 3225 1369 3263 u.
1386 3207 1441 3278 32.)

836 3360 1083 3375 ψ

530 3483 553 3538 Ι,
948 3487 1036 3547 etur,
1052 3486 1081 3536 ει
1094 3488 1192 3553 postea
1201 3483 1395 3539 notificaretur
1407 3484 1629 3558 ipsi,praefatum
1644 3490 1781 3548 violantes

288 3575 324 3628 lte
338 3573 448 3627 Nicotui
456 3574 583 3640 junioris
595 3587 670 3638 popa
684 3571 797 3624 decreta
982 3573 1135 3635 decretum,
1153 3573 1265 3642 elegere
1283 3573 1367 3644 (quod
1380 3573 1421 3628 eis
1435 3591 1492 3629 non
1508 3577 1616 3644 licebatl
1633 3580 1711 3652 prius
1725 3581 1780 3636 Ca·

176 3663 252 3717 Sunt
267 3667 362 3716 antem
387 3661 434 3732 qui
460 3659 602 3730 obJ'iciunt,
625 3659 772 3714 Nicolaum
795 3657 940 3713 iuniorem
982 3660 1094 3714 daloum
1124 3661 1314 3728 Parmensem,
1336 3663 1616 3733 posteaGuibertum
1634 3669 1783 3724 Ravenna·

139 3752 256 3805 decreto
277 3750 410 3822 synodico
434 3750 566 3804 statuisse
590 3754 622 3803 ut
644 3749 765 3803 abeunte
789 3749 941 3819 apostolico
981 3757 1049 3814 tem,
1066 3751 1214 3806 induentes
1227 3769 1274 3807 eos
1286 3753 1447 3823 apostolicis
1463 3753 1628 3826 insignibus,
1650 3765 1780 3814 vocantes

138 3841 287 3911 pontifice,
309 3857 454 3894 successor
471 3840 630 3910 eligeretur,
648 3845 677 3893 et
690 3839 789 3894 electio
806 3840 867 3909 ejus
881 3839 941 3909 regi
984 3841 1160 3910 apostolicos,
1184 3847 1326 3911 apostatas
1347 3848 1375 3896 et
1399 3843 1565 3900 Antichristi
1585 3863 1781 3917 praecursorea

137 3931 346 3984 notificaretur.
363 3929 448 3984 Facta
469 3945 533 3983 vero
556 3928 703 3994 electione,
716 3934 744 3983 et
757 3932 788 3982 ut
802 3928 880 3998 prius
895 3927 936 3982 di·
984 3928 1124 3984 Praeterea
1148 3937 1243 3983 autem
1268 3930 1401 4001 preeletns
1422 3931 1584 4000 Guibertus,
1605 3941 1655 3989 aut
1678 3936 1732 4002 sui,
1750 3942 1782 3990 ut

136 4025 218 4074 ειιιιιι
234 4025 288 4088 est,
304 4019 364 4090 rogi
378 4019 530 4082 notificate,
544 4018 585 4072 ite
597 4018 711 4072 demum
736 4017 858 4088 pontifex
873 4033 941 4071 con·
981 4036 1038 4074 suae
1050 4020 1124 4090 parti
1139 4019 1262 4073 favorem
1290 4019 1472 4086 ascriberent,
1493 4023 1623 4092 quaedam
1637 4023 1666 4077 in
1682 4024 1781 4078 eodem

136 4114 310 4162 secraretur.
329 4109 408 4172 Quod
430 4108 453 4162 si
475 4107 681 4162 admittendum
702 4112 753 4172 est,
777 4112 809 4160 ut
831 4107 940 4160 ratione
981 4109 1093 4163 decreto
1101 4107 1238 4172 addendo,
1251 4107 1378 4177 quiedam
1391 4109 1534 4168 mutando,
1549 4109 1590 4163 ita
1607 4110 1783 4166 illudreddi·

135 4197 246 4252 factum
274 4197 395 4262 dicatur,
422 4196 569 4267 objicimus
589 4197 624 4251 ad
649 4196 702 4250 boc
728 4195 939 4257 confutandum,
981 4197 1158 4252 deruntase
1170 4196 1319 4261 dissidens,
1332 4202 1363 4251 ut
1378 4202 1429 4251 aut
1441 4213 1540 4269 pauca,
1549 4199 1782 4255 autnullaexem-

134 4287 289 4358 praefatum
306 4303 409 4357 regem,
426 4292 456 4341 et
467 4287 617 4358 optimates
641 4287 701 4356 eJ'us
717 4303 746 4340 se
761 4301 795 4340 ea
808 4285 941 4339 constitu·
981 4287 1071 4358 plarie
1099 4285 1151 4340 sibi
1177 4286 1376 4340 concordantia
1403 4287 1514 4341 valeant
1537 4287 1666 4342 inveniri.
1691 4289 1779 4354 Quale

139 4377 221 4431 tione
237 4376 368 4447 indignos
380 4371 497 4430 fecisse:
516 4375 649 4446 primum,
668 4375 742 4446 quod
755 4380 861 4445 postea,
877 4391 940 4428 cum
983 4383 1077 4430 autem
1093 4377 1235 4430 decretum
1250 4381 1301 4438 est,
1319 4375 1391 4446 quod
1408 4391 1469 4429 ase
1480 4375 1520 4430 ita
1534 4375 1693 4448 discrepare
1706 4377 1782 4433 vide-

140 4466 280 4536 praefatus
294 4464 425 4519 Nicolaus
436 4465 629 4519 coloniensem
640 4463 879 4534 archiepiscopum
893 4479 943 4534 pro
984 4469 1041 4530 tur,
1053 4463 1160 4533 utquid
1172 4462 1201 4516 in
1213 4477 1245 4516 eo
1258 4461 1435 4532 potissimum
1455 4463 1530 4518 credi
1545 4463 1657 4533 debeat,
1671 4465 1781 4535 ignore-

140 4555 202 4608 suis
213 4553 373 4608 excessibus
383 4553 572 4624 corripuisset,
584 4551 814 4623 gravitertulere,
822 4567 944 4622 eumque
984 4552 1098 4606 turb...
1119 4551 1375 4606 Excommunicatio
1396 4556 1491 4606 autem
1521 4569 1583 4624 quae
1608 4553 1639 4607 iu
1664 4555 1780 4625 praefeto

139 4645 232 4715 hujus
244 4643 285 4697 rei
299 4643 391 4714 gratia
404 4645 552 4713 (quantum
567 4641 595 4695 in
611 4657 641 4696 se
655 4645 724 4704 eratl
742 4657 759 4695 a
773 4647 878 4712 papatu
893 4642 943 4695 de·
985 4641 1096 4695 decreto
1110 4639 1275 4694 terribiliter
1284 4639 1458 4711 profertur,a
1468 4641 1612 4710 Guiberto,
1628 4648 1679 4696 aut
1693 4659 1710 4698 a
1723 4643 1783 4700 suis

138 4749 276 4807 posuere.
285 4748 445 4803 nomenque
458 4732 585 4802 ejusdem
599 4729 628 4784 in
639 4746 745 4784 canone
760 4729 942 4786 consecratio·
983 4729 1140 4784 fautoribus
1152 4729 1242 4784 indita
1260 4730 1436 4784 solummodo
1455 4730 1588 4796 creditur,
1605 4732 1739 4804 quoniam
1752 4733 1782 4789 iu

136 4825 183 4879 nis
200 4821 345 4878 nominari
363 4827 490 4880 vetuere;
508 4821 627 4891 ideoque
648 4820 792 4874 decretum
815 4818 1782 4912 ejusdemDentiquioribushujusdecretiexemplaribuslongealiter

132 4913 329 4986 iureirritum
342 4927 404 4966 esse
417 4909 539 4975 debebit,
551 4910 608 4980 qui,
617 4915 778 4964 cumatoto
791 4909 857 4964 orbe
870 4926 943 4982 papa
984 4908 1112 4964 babetur.
1138 4907 1175 4962 Et
1195 4908 1255 4963 baec
1280 4908 1392 4978 quidem
1421 4925 1507 4980 super
1531 4926 1579 4964 eos
1607 4911 1709 4975 veniet,
1733 4911 1781 4983 qui

134 5003 306 5062 haberetur,
316 5001 397 5072 juxta
407 4997 942 5070 eorumdemsententiameisdempepa
984 5015 1046 5054 eam
1061 4999 1091 5052 in
1105 4997 1150 5052 sui
1163 4997 1285 5052 favorem
1311 4996 1415 5052 ibidem
1432 4999 1568 5065 indidere,
1588 5005 1617 5060 et
1637 5016 1722 5071 super
1734 5015 1781 5054 eos

134 5092 276 5155 nonfuit,
292 5090 443 5162 quasinon
463 5106 496 5144 ex
516 5089 576 5151 Dei,
594 5089 643 5143 sed
665 5103 698 5144 ex
718 5105 815 5144 eorum
831 5094 942 5144 tantum
984 5086 1032 5158 qui
1054 5103 1116 5141 eam
1138 5085 1294 5140 timendam
1312 5085 1406 5140 dicere
1426 5091 1611 5159 presumunt.
1635 5088 1726 5158 Super
1749 5085 1782 5140 il·

133 5183 280 5256 penderet
301 5181 452 5244 voluntate,
469 5177 630 5250 quempiam
650 5177 795 5250 quodlibet
818 5195 878 5233 esse
898 5178 942 5232 vel
982 5175 1025 5230 los
1048 5176 1173 5248 quidem,
1188 5181 1220 5230 ut
1234 5175 1360 5230 incidant
1381 5176 1411 5230 in
1434 5176 1542 5230 foveam
1569 5191 1652 5246 quam
1673 5174 1780 5241 fodere,

134 5289 194 5328 non
213 5285 287 5326 esse.
305 5269 448 5324 Romanus
459 5268 534 5322 enirn
549 5267 682 5340 pontifex,
698 5273 730 5322 ut
743 5266 943 5338 sapientesno·
984 5271 1011 5320 et
1033 5271 1065 5319 ut
1084 5264 1279 5336 apprehendet
1301 5281 1349 5319 eos
1375 5264 1466 5335 captio
1491 5279 1576 5334 quam
1594 5263 1777 5331 occultavere,

134 5371 219 5432 runt,
230 5377 289 5417 non
304 5360 387 5414 modo
402 5359 504 5431 deponi
517 5374 573 5412 non
588 5362 689 5428 potest,
704 5357 753 5412 sed
763 5357 848 5411 etiam
858 5356 941 5411 Chri·
983 5360 1036 5410 etc.

134 5457 234 5509 stiano
250 5453 343 5522 jurca
357 5449 482 5521 quolibet
497 5464 554 5501 non
577 5451 669 5510 potest
684 5446 817 5518 judicari.
835 5445 941 5500 Deinde
1363 5441 1399 5495 11.

134 5544 208 5616 quie
223 5557 289 5596 cum
303 5540 333 5593 in
346 5538 444 5592 eodem
458 5536 570 5590 decreto
584 5541 699 5590 cautum
713 5541 797 5600 esset,
806 5541 837 5589 ut
846 5535 941 5590 Romae
1221 5534 1258 5586 lte
1270 5530 1396 5587 daiberto
1406 5529 1550 5597 antipapa.

133 5629 286 5706 pontilicis
300 5627 399 5686 electio
413 5642 432 5682 a
445 5626 573 5683 Romano
597 5626 672 5682 clero
686 5630 716 5682 et
729 5624 833 5699 populo
848 5639 944 5695 egere·
1019 5623 1087 5679 Post
1108 5621 1234 5695 prestita
1258 5618 1373 5676 domiuo
1389 5633 1441 5674 suo
1455 5615 1555 5674 beatre
1577 5618 1779 5677 memoriosae·
