3896 6170
246 278 315 339 1095
767 275 797 332 S.
816 271 1013 332 GUlLLELlll
1032 277 1184 342 aaaarls
1201 279 1371 336 illRSllUG.
1782 287 1839 348 llltlb

245 404 362 462 mnsam
375 406 427 469 est,
443 401 540 458 ornnia
551 400 668 456 veninat
683 402 718 456 ad
733 417 834 456 ananus
848 400 936 473 ipsius
951 403 1108 466 came-Ain
1122 409 1204 460 nocte
1218 405 1376 476 contigerit,
1391 404 1420 458 in
1438 408 1569 476 promptu
1592 404 1627 460 sit
1644 421 1676 460 ea
1692 412 1797 464 mnam.
1813 411 1841 466 n

244 494 321 560 rarii,
338 491 553 557 necimmerito,
571 492 637 563 quia
655 490 817 562 frequenter
837 491 947 558 accidit,
963 497 995 546 ut
1005 492 1040 546 da
1080 494 1262 560 camerarius,
1279 494 1302 549 si
1315 493 1360 550 cni
1371 493 1485 548 habenti
1498 494 1554 549 duo
1568 494 1682 565 pellicia,
1696 497 1749 551 vult
1759 499 1843 554 addrre
1917 519 1918 524 ¹

244 581 374 638 omnibus
396 581 479 635 rebus
506 581 651 636 annuatim
675 579 853 636 nascentibus
872 597 971 652 parum
988 582 1041 636 ha·
1081 580 1172 636 adime
1193 598 1243 652 pro
1266 581 1459 636 misericordia
1478 587 1506 637 et
1527 583 1650 646 tertium,
1671 589 1717 638 aut
1739 587 1843 641 fasciola

242 670 359 726 beamus
373 670 402 725 in
416 669 572 724 subsidium
587 670 649 724 vitm
663 670 837 740 temporalis,
854 669 1039 741 praeterquod
1082 677 1197 740 propter
1219 671 1302 724 tibias
1323 671 1509 736 infirmantes,
1525 671 1560 734 is,
1578 673 1625 744 qui
1639 679 1787 744 accepturus
1801 683 1843 744 est,
1917 699 1918 724 r

242 758 366 814 denariis
394 765 436 812 est
461 753 693 830 comparandum.
716 758 795 822 Quod
818 774 882 811 cum
902 758 1040 829 pervices
1082 758 1205 829 apriore
1220 759 1319 830 accipit
1334 760 1486 814 licentiam.
1501 761 1531 815 Si
1541 761 1583 814 cui
1599 777 1661 816 rere
1673 779 1751 816 unum
1762 781 1847 834 parca·
1917 745 1918 826 l

242 847 353 926 etteniat
370 848 405 902 de
429 847 515 913 rictu,
536 846 668 918 quidquid
692 846 728 900 ad
753 846 884 900 vestitum
907 847 1039 917 pertinet,
1081 847 1202 918 ligarum
1215 849 1249 903 de
1265 849 1385 921 pellibus
1399 849 1487 904 ovinis
1508 850 1593 903 ctiam
1616 851 1675 904 sine
1695 851 1847 908 licentiata·
1917 835 1918 900 l

134 999 141 1012 ,
242 938 296 992 hoe
310 953 366 991 nun
383 953 432 1008 per
454 936 527 990 uices
549 936 598 990 sed
618 951 730 1005 semper
751 941 778 990 et
793 953 864 1007 pene
878 953 912 990 ex
924 941 983 992 toto
997 941 1039 991 est
1082 937 1220 992 merarius
1239 938 1357 1002 dederit,
1376 947 1490 1009 propter
1502 938 1555 992 hoe
1569 955 1624 993 non
1637 946 1752 995 meretur
1763 941 1848 995 rellan

242 1025 472 1098 comparandum.
810 1023 813 1032 ’
1081 1025 1172 1094 giens,
1185 1026 1228 1079 rel
1245 1026 1378 1096 recipiens
1389 1026 1565 1098 reprehendi.
1582 1029 1592 1050 ·
1607 1027 1701 1082 Frater
1715 1032 1796 1080 annm
1805 1029 1848 1083 lra-

440 1131 442 1134 ·
504 1112 621 1169 CAPUT
644 1115 781 1169 xxxvii.
1082 1114 1119 1168 tri
1142 1113 1296 1184 quamlibet
1318 1121 1423 1168 restem
1447 1131 1527 1169 snam
1549 1121 1641 1185 potest
1659 1121 1848 1187 praetoremn

244 1205 315 1273 Quid
329 1205 480 1272 unicuiqae
494 1204 583 1271 fratri
596 1206 716 1271 stragulis
730 1206 815 1257 conis
829 1205 860 1258 dc
874 1207 1041 1258 rrcrtirncnlis
1081 1209 1176 1257 autem
1202 1203 1308 1274 absque
1333 1203 1446 1258 licentia
1460 1203 1560 1275 prioris
1574 1203 1657 1260 debet
1673 1205 1744 1260 dare.
1762 1205 1849 1260 babent

565 1294 718 1346 tribuatur.
1081 1299 1176 1346 autern
1192 1293 1343 1363 unicuique
1357 1292 1429 1358 dari,
1446 1309 1507 1363 quea
1521 1310 1578 1348 snae
1588 1294 1748 1348 conueniant
1762 1296 1849 1365 quanti-

279 1384 333 1451 (un.
362 1381 433 1449 aar.)
457 1379 581 1444 Quilibet
601 1389 696 1434 autem
717 1382 804 1434 trater
825 1380 937 1434 assidue
958 1379 1041 1436 debet
1081 1380 1848 1452 tatisimuletqualitatiQuodsineglexeritcamerarina.

242 1471 345 1528 habere
359 1485 448 1524 unum
461 1469 595 1533 froccum,
610 1474 647 1527 et,
664 1470 687 1523 si
709 1470 769 1522 sieri
786 1475 886 1540 polest,
903 1469 974 1524 duas
988 1486 1040 1524 cn·
1081 1469 1117 1522 ab
1132 1471 1286 1541 accipiente
1294 1488 1379 1542 super
1387 1470 1439 1525 hoe
1448 1477 1541 1543 potest
1549 1470 1850 1543 admoneri.Superlmc,

241 1561 342 1616 cullas.
367 1557 475 1622 Quibus
497 1559 631 1629 parandis
658 1575 675 1612 a
695 1558 819 1629 quolibet
841 1559 928 1613 fratre
945 1564 1040 1612 vetera
1081 1574 1143 1628 qnae
1154 1559 1285 1629 praedicta
1297 1566 1373 1618 sunt,
1390 1560 1550 1631 quicunque
1564 1559 1683 1631 amplius
1697 1559 1799 1630 quidde
1813 1560 1853 1614 lec
1917 1546 1918 1638 l

241 1647 412 1704 camerarius
424 1647 550 1718 requirit,
565 1652 597 1701 ut
607 1647 759 1701 secundum
773 1663 805 1700 ea
817 1647 950 1702 metiatur
958 1663 1039 1702 nora.
1082 1663 1185 1717 genere
1198 1647 1301 1702 habere
1311 1648 1440 1714 voluerit,
1452 1649 1692 1720 hocprolectonee
1703 1649 1851 1720 projustitia,
1917 1653 1918 1712 l

241 1740 350 1800 Novum
362 1735 512 1808 pellicium,
530 1735 553 1790 si
572 1737 633 1790 lieri
648 1742 750 1807 potest,
766 1736 884 1806 singulis
897 1736 982 1790 datur
995 1752 1133 1818 arn-Bnee
1148 1753 1198 1806 pro
1213 1736 1416 1802 misericordia,
1431 1736 1480 1791 sed
1506 1753 1556 1808 pro
1571 1753 1674 1810 magna
1687 1743 1805 1792 censetur
1816 1753 1852 1792 ou·
1917 1793 1918 1816 ¹

241 1826 294 1893 nis,
311 1831 340 1881 et
354 1825 383 1880 in
398 1824 550 1880 festivitate
564 1825 592 1880 S.
613 1825 766 1890 Michaelis,
787 1826 829 1878 rel
845 1825 957 1879 interim
973 1825 1040 1880 dum
1082 1825 1251 1896 perlluitate.

241 1920 395 1972 conventus
409 1913 543 1968 fueritad
563 1913 724 1984 prandium,
739 1913 896 1985 ponitnrin
912 1915 973 1984 ejus
987 1914 1041 1968 lec·
1117 1915 1219 1970 Omnia
1242 1915 1352 1986 pellicia
1376 1920 1442 1970 sunt
1468 1915 1578 1970 vellaria
1600 1915 1676 1970 ovini
1699 1921 1727 1970 et
1747 1916 1851 1987 capitam

241 2010 312 2058 tum.
325 2003 391 2066 Quae
406 2001 580 2073 pelliciorum
596 2001 757 2056 distributio
766 2002 1040 2058 incamerariisolius
1080 2004 1253 2073 coopertoria
1270 2021 1335 2058 vero
1350 2010 1399 2058 aut
1423 2003 1498 2059 ovini
1515 2009 1565 2058 aut
1577 2005 1685 2070 cattini,
1701 2010 1748 2058 aut
1758 2004 1853 2075 leporini

242 2098 286 2148 est
299 2092 425 2146 arbitrio.
442 2090 485 2145 Ab
501 2089 569 2161 ipsis
583 2096 688 2154 autem,
706 2090 807 2161 quibus
821 2091 934 2157 dantur,
945 2093 985 2146 rel
995 2109 1039 2146 eo·
1081 2099 1131 2146 aut
1144 2093 1252 2163 putonii
1265 2097 1294 2147 et
1308 2109 1452 2164 nunquam
1472 2093 1507 2148 de
1521 2092 1577 2148 ullo
1588 2110 1693 2164 genere
1706 2094 1854 2164 majoriane
1917 2105 1918 2122 ¹

241 2198 304 2237 rum
319 2185 419 2251 rogatu
433 2178 595 2234 nominibus
604 2179 663 2234 suis
671 2179 706 2232 ab
719 2181 922 2235 aliisnotanda.
934 2182 1039 2236 lterum
1081 2180 1246 2235 tiaratiorris.
1263 2181 1383 2236 Froceus
1397 2187 1427 2236 et
1440 2181 1550 2235 cuculla
1569 2181 1604 2236 de
1626 2181 1677 2236 tali
1694 2187 1757 2236 sunt
1770 2197 1852 2252 panno,

239 2271 270 2326 in
284 2270 356 2324 sesto
372 2271 401 2324 S.
418 2268 532 2322 Martini
543 2267 728 2339 novipedules
739 2269 774 2322 ad
790 2269 876 2323 lectos
887 2275 1039 2338 ponuntur.
1081 2272 1165 2334 (aar.)
1180 2271 1262 2340 quale
1277 2270 1306 2324 in
1320 2270 1373 2324 hae
1386 2269 1853 2341 provinciainvenitur,qnodtamen
1917 2273 1918 2350 ᾗ

240 2360 274 2416 In
284 2357 370 2414 Coena
384 2356 495 2412 Domini
506 2357 648 2421 autem,si
663 2357 723 2412 steri
735 2362 835 2429 potest,
852 2358 1041 2414 calceamenta
1081 2373 1137 2412 non
1151 2358 1188 2412 sit
1201 2358 1298 2429 agnini
1320 2358 1441 2424 velleris,
1458 2359 1500 2413 rel
1521 2359 1594 2413 alius
1606 2359 1734 2430 pretiosae
1752 2359 1853 2412 muna·
1917 2411 1918 2428 ,

243 2450 356 2513 dantur,
369 2453 398 2502 et
413 2446 466 2501 hoc
481 2447 572 2500 modo.
585 2446 752 2516 Priusquam
764 2447 865 2501 iratres
879 2446 1041 2502 deecclesia
1081 2445 1174 2500 tionis.
1190 2460 1239 2502 ue.
1265 2447 1295 2502 Si
1311 2447 1422 2518 quando
1437 2447 1494 2501 tale
1518 2447 1587 2518 qnid
1609 2448 1804 2520 comparaverit
1821 2447 1854 2501 rel

243 2536 363 2593 exierint
377 2552 462 2607 super
476 2535 596 2606 perticas
612 2541 669 2590 tres
685 2552 851 2607 suspensae
869 2536 1041 2591 lamulisca-
1081 2536 1246 2602 vendiderit,
1275 2537 1448 2591 camerarius
1475 2537 1666 2608 negotiatione
1694 2553 1744 2592 sua
1764 2554 1792 2590 ex
1808 2543 1853 2590 tate
1917 2551 1918 2594 l

241 2625 356 2682 merarii
377 2624 407 2680 in
428 2624 581 2695 capitulum
598 2629 793 2695 apportantur,
816 2629 845 2679 et
867 2642 952 2696 super
970 2641 1041 2696 qua·
1081 2631 1206 2696 peracta,
1221 2625 1380 2692 mercatori,
1395 2642 1459 2680 cum
1476 2641 1531 2696 quo
1547 2627 1708 2696 negotiatus
1717 2631 1854 2690 estserae-
1917 2615 1918 2700 l

239 2721 306 2772 tuor
325 2715 404 2786 palos
424 2719 506 2767 lerrae
534 2712 632 2767 intixos
654 2713 721 2785 ipsa
744 2713 855 2784 perticae
877 2714 1037 2768 mittuntur.
1081 2713 1147 2768 dum
1161 2715 1234 2784 quod
1246 2715 1389 2785 negotium
1401 2721 1453 2774 est,
1469 2720 1498 2768 et
1512 2731 1644 2785 persona,
1660 2715 1807 2784 aliquantos
1819 2713 1855 2766 ad·
1917 2729 1918 2776 l

240 2805 392 2876 Postquam
417 2807 512 2856 autern
533 2803 638 2872 regulae
653 2802 792 2856 sententia
808 2803 932 2875 exposita
944 2803 1038 2867 tuerit,
1080 2803 1135 2856 lmc
1149 2803 1242 2857 reddit
1256 2811 1356 2875 sponte
1368 2803 1567 2863 suadenarios,
1582 2803 1772 2875 propterillud
1782 2803 1806 2857 S.
1817 2802 1856 2855 ae·
1917 2781 1918 2860 l

236 2893 353 2965 jubente
367 2892 470 2947 domno
483 2890 594 2958 abbate,
610 2891 754 2961 consurgit
762 2892 933 2947 camerarius
944 2898 971 2947 et
985 2893 1040 2946 ad·
1080 2891 1182 2945 nedieti
1198 2892 1384 2964 precipientis
1397 2894 1481 2962 (deq,
1499 2909 1522 2946 c.
1536 2891 1590 2958 57),
1603 2898 1639 2946 ut
1649 2909 1694 2946 res
1707 2897 1856 2946 nostrasem·

237 2983 316 3055 jutor
329 2981 426 3052 ipsius,
442 2997 476 3034 ac
491 2997 541 3051 per
563 2997 611 3036 eos
633 2981 695 3052 ipsa
709 2981 904 3036 'calceamenta
919 2997 1068 3057 megan-c
1081 2997 1130 3052 per
1138 2981 1277 3035 vendatur
1288 2981 1370 3037 vilius
1383 2997 1467 3052 quam
1483 2981 1603 3035 aliorum
1622 2981 1774 3036 hominum.

239 3077 296 3137 tur,
313 3070 436 3126 armario
450 3075 479 3124 et
493 3071 554 3140 ejus
569 3071 698 3141 adjutore
713 3087 747 3124 ea
761 3069 938 3140 eligentibus,
956 3077 983 3125 et
998 3071 1039 3126 eis
1115 3069 1231 3133 Quoties
1249 3070 1392 3142 loquimur
1410 3070 1440 3124 in
1459 3071 1582 3124 claustro
1611 3070 1673 3142 ipse
1697 3075 1738 3124 ret
1762 3069 1857 3139 adjutor
1917 3073 1918 3122 3

238 3160 274 3216 ad
288 3177 402 3214 manum
416 3158 641 3230 suggerentibus.
661 3158 769 3223 Quibus
784 3158 902 3228 singulis
916 3159 1039 3230 singulo-
1080 3157 1150 3228 ejus,
1168 3159 1216 3229 qui
1230 3159 1335 3212 clarem
1359 3175 1476 3214 camerae
1495 3163 1598 3231 portat,
1615 3175 1758 3229 nunquam
1772 3158 1854 3212 deest:
1917 3145 1918 3218 l

238 3266 302 3306 rum
313 3249 431 3304 fratrum
446 3247 561 3302 nomina
576 3248 606 3302 in
617 3246 757 3302 breviculo
778 3254 845 3302 sunt
859 3248 990 3318 ascripta,
1010 3253 1039 3302 et
1079 3251 1147 3301 tunc
1167 3247 1241 3302 enim
1266 3247 1414 3302 auditurus
1435 3254 1478 3302 est
1503 3263 1520 3301 a
1539 3247 1662 3318 singulis
1681 3248 1746 3320 quid
1760 3247 1803 3300 ille
1818 3251 1857 3300 aut
1917 3237 1918 3308 ᾗ

238 3344 353 3406 assula3
370 3343 484 3408 excepto
504 3337 529 3392 si
550 3337 597 3408 qui
617 3336 726 3390 noviter
737 3336 900 3404 adveniunt,
916 3353 1035 3408 quorum
1079 3335 1146 3405 qnid
1160 3336 1288 3408 illeopus
1302 3336 1395 3392 habet.
1412 3337 1492 3401 Quod
1510 3337 1535 3391 si
1548 3337 1701 3409 aliquoties
1713 3333 1855 3407 neglexerit,
1917 3325 1918 3398 J

238 3427 354 3484 nemina
366 3433 434 3482 tune
447 3425 531 3480 scribi
545 3443 601 3480 non
612 3431 739 3497 pessunt.
761 3426 894 3496 Ideoque,
905 3443 967 3497 quae
982 3425 1036 3481 illia
1077 3423 1256 3480 inclamatur.
1274 3425 1312 3480 Ea
1327 3432 1422 3480 tamen
1439 3425 1498 3480 rice
1521 3426 1593 3481 alter
1614 3443 1715 3482 eorum
1737 3431 1790 3481 stat
1804 3428 1857 3478 ante
1917 3417 1918 3484 J

237 3523 304 3573 sunt
318 3516 420 3583 danda,
437 3515 619 3584 singulariter
634 3521 700 3570 sunt
714 3532 859 3587 suspensa.
873 3519 944 3586 tun.)
955 3516 1036 3570 Aeci·
1077 3527 1227 3578 cameram,
1243 3513 1314 3568 dans
1329 3513 1572 3584 quaedandasnnt,
1587 3520 1622 3569 nt
1635 3516 1737 3569 tratres
1750 3519 1857 3582 tempora
1917 3545 1918 3564 2

237 3607 346 3680 pientes
360 3612 455 3660 autem
470 3622 540 3660 nora
558 3605 587 3660 in
608 3605 704 3659 eadem
723 3605 793 3658 hora
805 3604 926 3659 reddunt
942 3610 1037 3660 vetera
1077 3599 1181 3655 silentii
1191 3601 1268 3672 loqui
1278 3619 1391 3656 necesse
1398 3619 1454 3656 non
1465 3602 1595 3657 habeant.
1605 3605 1617 3624 ⁶
1628 3603 1772 3659 Interdum
1780 3607 1857 3655 aulem

237 3695 309 3750 bene
321 3695 431 3761 abluta;
447 3694 469 3748 si
484 3699 579 3748 lamen
590 3693 738 3764 plusquam
753 3709 840 3748 unum
856 3709 907 3763 par
919 3692 1035 3747 diurna·
1076 3696 1170 3760 petest
1185 3689 1295 3745 evenire
1309 3697 1341 3745 ut
1354 3691 1457 3761 aliquis
1471 3691 1511 3744 vel
1528 3690 1668 3746 brevitate
1685 3692 1812 3763 temporis
1825 3687 1857 3740 rel

236 3784 409 3844 liumhabet,
420 3789 452 3838 ut
467 3782 637 3854 pauperibus
648 3782 759 3836 dentur.
1076 3779 1132 3832 alia
1152 3778 1305 3850 impeditus
1330 3779 1507 3842 necessitate,
1524 3779 1547 3834 si
1564 3780 1634 3851 quid
1652 3796 1765 3836 necesse
1778 3777 1858 3846 habet,

272 3875 312 3928 De
327 3872 474 3928 stamineis
489 3880 518 3927 et
532 3871 723 3939 lemoralibuS,
739 3871 782 3924 rel
797 3871 820 3926 si
837 3888 898 3942 quae
919 3876 986 3926 sunt
995 3871 1035 3926 si·
1076 3883 1132 3921 non
1142 3867 1398 3938 possitexquirere;
1413 3868 1457 3921 eui
1467 3868 1518 3921 soli
1529 3868 1602 3938 quod
1613 3869 1675 3924 rerlt
1689 3868 1775 3938 signis
1791 3868 1858 3919 inno·
1917 3867 1918 3870 ’

236 3961 325 4030 milia,
339 3959 409 4017 nihil
422 3961 499 4016 allud
514 3965 558 4015 est
570 3960 763 4022 constitutum,
780 3977 864 4032 qnam
881 3960 954 4032 quod
971 3977 1036 4015 cum
1076 3961 1181 4010 tescere
1199 3973 1254 4010 nen
1278 3955 1381 4011 valenti
1404 3957 1518 4011 omnino
1542 3973 1598 4012 non
1623 3964 1669 4012 est
1684 3957 1857 4018 interdictum,

234 4051 342 4107 suerint
354 4051 520 4119 inveterata,
532 4049 681 4120 neomagis
696 4049 828 4120 proficua,
845 4050 885 4104 eis
894 4049 997 4104 ablutis
1008 4054 1036 4104 et
1058 4085 1062 4097 .
1077 4045 1143 4116 quin
1156 4045 1296 4117 permissu
1309 4045 1456 4100 camerarii
1466 4051 1592 4117 tempore
1606 4053 1766 4119 opportuna
1780 4060 1859 4098 eame-

235 4159 286 4214 per
305 4143 381 4213 ipsos
403 4140 506 4194 fratres
525 4139 680 4194 centenario
695 4139 822 4202 redditis,
836 4139 891 4193 alia
902 4145 968 4193 sunt
982 4137 1034 4193 tri-
1076 4151 1138 4188 ram
1162 4134 1339 4205 ingrediatur
1366 4140 1396 4189 et
1419 4134 1540 4189 breviter
1562 4136 1724 4190 necessaria
1740 4136 1860 4190 duntaxat

235 4231 355 4285 buenda.
381 4231 416 4284 Et
439 4235 471 4284 ut
486 4229 538 4283 boc
555 4229 642 4283 semel
657 4227 747 4282 dicam
766 4229 833 4298 quid
847 4229 881 4282 ad
898 4228 1032 4282 amictum
1075 4223 1225 4294 loquatur;
1239 4223 1262 4278 si
1283 4229 1378 4278 tamen
1396 4223 1547 4278 necessitas
1566 4223 1731 4292 imminens,
1748 4231 1860 4292 etnsque

234 4319 428 4390 unusquisque
445 4318 563 4372 fratrum
584 4317 687 4372 habere
710 4322 801 4388 potest
821 4316 989 4387 regulariter
1004 4321 1033 4370 et
1073 4311 1107 4365 ad
1124 4312 1281 4382 proximum
1297 4317 1409 4384 tempus
1422 4312 1553 4384 loquendi
1571 4329 1627 4368 non
1644 4320 1739 4385 potest
1755 4309 1858 4367 dillerri.

235 4424 287 4479 pro
301 4406 503 4462 consuetudine
515 4405 650 4476 generali,
659 4405 893 4476 primosuntduae
905 4392 1063 4469 cucullati]
1108 4401 1217 4466 Frater,
1232 4401 1311 4471 eujus
1329 4401 1469 4472 pellicium
1489 4401 1531 4455 rel
1545 4402 1719 4457 stamineum
1734 4402 1775 4458 rel
1788 4403 1862 4455 lerno-

234 4499 263 4548 et
276 4511 349 4550 unus
369 4495 558 4560 froccus,an
576 4493 722 4558 staminea,
743 4494 854 4565 ducque
875 4493 1029 4561 femoralia,
1073 4488 1142 4543 ralia
1157 4489 1197 4544 ita
1210 4494 1278 4544 sunt
1292 4490 1430 4560 disrupta,
1447 4495 1480 4546 ut
1492 4490 1585 4546 adhuc
1603 4493 1719 4546 ualeant
1732 4488 1860 4552 resarciri,

233 4583 289 4638 duo
301 4583 379 4654 paria
390 4584 543 4650 calcerum,
560 4598 645 4636 unum
658 4599 721 4637 eum
740 4583 868 4654 corrigiis
877 4583 912 4637 ad
923 4589 1028 4648 noctes,
1072 4577 1196 4633 diluculo
1210 4578 1290 4650 ponit
1301 4595 1334 4634 ea
1348 4577 1377 4632 in
1392 4579 1555 4634 loeoadboc
1566 4579 1861 4651 deputato,utreniens

234 4671 291 4725 duo
315 4671 395 4742 paria
414 4670 579 4741 caligarum,
609 4671 665 4724 duo
693 4670 814 4742 pellicia,
840 4673 978 4742 capellum
996 4671 1031 4726 de
1072 4668 1184 4738 adjutor
1195 4669 1343 4724 carcerarii
1359 4676 1452 4741 portet
1465 4670 1533 4725 loris
1544 4670 1578 4725 ad
1593 4677 1728 4728 sartores.
1740 4674 1862 4726 Postves-

232 4760 352 4832 pellibus
379 4759 468 4814 ovinis
491 4759 549 4814 sire
569 4759 691 4826 cattinis,
708 4761 832 4832 quinque
850 4761 929 4832 paria
942 4760 1031 4832 pedu·
1071 4773 1154 4829 peras
1168 4764 1263 4813 autem
1275 4765 1432 4830 reportans,
1450 4760 1560 4831 reponit
1576 4761 1606 4814 in
1621 4762 1753 4816 eumdem
1767 4762 1863 4824 locum,

232 4850 313 4904 lium.
330 4847 1031 4921 lldlectumcapitale,eoopertoriumlaneopanno
1071 4852 1104 4901 ut
1125 4845 1160 4900 ab
1183 4863 1227 4914 eo,
1252 4847 1288 4902 ad
1316 4864 1400 4919 quem
1423 4850 1565 4920 pertinent
1590 4850 1773 4922 recipiantur.
1788 4850 1798 4870 '
1814 4847 1860 4903 ilbi

232 4933 395 4999 obductum,
411 4949 520 5004 sagum,
533 4931 752 4988 brachiolineum
766 4933 836 5002 (tlt)
847 4951 900 5005 quc
912 4934 1031 4990 femora-
1071 4934 1216 4990 sciendum
1233 4942 1285 5000 est,
1304 4937 1379 5008 quod
1401 4941 1461 4990 tam
1487 4937 1516 4992 in
1537 4937 1687 4992 duodecim
1706 4936 1861 4994 lectionibus

229 5022 272 5077 lia
293 5021 506 5092 succinguntur,
521 5021 642 5092 corrigia
665 5023 786 5089 cervina,
803 5039 857 5095 qua
880 5029 909 5077 et
931 5023 1030 5078 stami-
1071 5041 1156 5096 quam
1180 5025 1209 5079 in
1233 5025 1349 5097 priuatis
1368 5024 1477 5092 diebus,
1503 5042 1677 5099 quaecunque
1691 5027 1730 5083 ibi
1749 5025 1861 5098 reposita

230 5129 326 5178 neum,
338 5117 367 5168 et
385 5111 413 5166 in
428 5127 484 5182 qua
499 5111 601 5182 pendet
614 5111 744 5166 cultellus
758 5129 822 5166 cum
838 5112 947 5183 ragina,
963 5129 1029 5168 acus
1070 5121 1146 5181 sunt,
1162 5115 1279 5169 ⁴etiamsi
1303 5130 1360 5170 non
1378 5116 1578 5180 resarciantur,
1604 5121 1670 5170 ante
1692 5115 1860 5172 collationem

229 5217 293 5258 eum
303 5202 351 5256 lilo
363 5206 392 5255 et
406 5201 516 5271 vagina.
1068 5203 1153 5275 recipi
1169 5202 1298 5258 debeant.
1317 5203 1347 5258 Si
1368 5209 1463 5258 autem
1480 5204 1631 5276 aliquando
1646 5206 1774 5276 contigit,
1786 5209 1815 5258 ut
1827 5204 1859 5256 ab

266 5292 401 5346 Sacerdos
425 5297 454 5346 et
473 5289 606 5345 diaeonus
628 5288 719 5344 officio
747 5306 797 5344 suo
825 5289 973 5362 iungentes
994 5309 1026 5347 ex
1068 5293 1162 5366 aliquo
1183 5293 1352 5363 negligatur,
1375 5299 1439 5364 post
1463 5293 1678 5365 completorium
1702 5293 1857 5349 intransitu

230 5381 432 5437 consuetudine
454 5379 560 5436 babent
573 5379 628 5434 tria
644 5379 801 5444 ierrmralia,
816 5385 847 5434 ut
860 5382 885 5435 si
904 5383 971 5453 quid
986 5383 1026 5437 eis
1067 5389 1159 5452 potest
1173 5381 1747 5454 recipere,dummodosequentibusullana
1757 5399 1854 5439 meram

264 5561 337 5633 (tta)
354 5561 423 5619 Vide
435 5563 556 5622 indicem
571 5579 670 5624 recum
684 5559 865 5620 ereticorum.
