3872 6162
103 253 160 318 1065
604 253 814 313 CONSTITUT.
835 255 1005 315 tirasone.
1027 287 1059 301 -
1078 259 1148 316 LlB.
1167 259 1204 317 Il.
1658 265 1726 328 1066

18 413 19 456 p
100 383 225 440 caverint
238 383 307 451 (non
324 379 400 436 eninr
415 379 485 436 soris
507 385 671 451 exspectare
692 379 885 454 presumunt),
896 384 1037 449 Aeorum,
1053 383 1126 439 sicut
1141 388 1169 439 et
1179 385 1297 458 quisque
1312 389 1380 441 ωηο
1392 388 1519 443 ordinem
1532 405 1642 461 regens,
1662 393 1729 450 illuc

101 472 269 528 aduenientes
287 469 322 524 ad
342 469 462 540 modum
489 469 599 524 reniam
622 485 678 524 non
693 477 800 542 petunt.
822 471 889 526 Post
929 475 1024 527 venire
1046 489 1102 527 non
1115 473 1242 546 negligit,
1258 479 1286 530 ct
1299 474 1417 546 singulis
1438 493 1488 548 pro
1500 481 1636 551 temporis
1651 497 1729 536 com-

102 561 283 634 aspersionem
294 560 368 614 sacta
378 575 435 613 una
446 558 573 612 oratione
583 558 620 612 ad
629 559 791 629 praedictum
800 560 889 614 altare
929 559 1054 630 petentia
1069 561 1245 630 charitative,
1258 560 1380 618 breviter
1394 572 1499 631 tamen,
1514 567 1648 637 loquitur.
1657 569 1728 624 Cum

100 651 192 706 ibidem
204 650 245 704 eis
261 647 419 704 benedictio
434 653 478 701 est
495 647 699 718 exspectanda3
712 648 778 719 quia
788 649 889 703 necsic
930 647 1068 703 ministris
1089 649 1216 704 reficiens
1240 651 1274 706 ad
1299 653 1406 707 scillam
1421 655 1509 709 sedet.
1528 656 1579 710 llic
1593 662 1645 724 est,
1658 675 1728 729 quo·

101 737 275 804 lenientibus,
288 737 343 791 nisi
357 753 408 808 pro
425 736 563 808 corporali
587 737 764 802 necessitate,
787 737 852 792 lieet
873 753 890 790 a
930 753 1040 808 cunque
1058 737 1178 793 domnus
1193 738 1279 793 abbas
1301 741 1341 795 rel
1363 745 1439 813 prior
1460 745 1663 814 proficiscatur,
1680 748 1728 820 qui

101 828 213 899 regulari
228 826 298 881 hora
312 826 451 881 recedere.
477 827 514 880 nt
536 825 560 878 si
581 825 657 879 infra
677 825 890 897 completorium
930 825 958 880 in
970 827 1092 882 claustro
1104 827 1355 898 jugitermoratur,
1372 833 1457 903 etqui
1470 834 1607 906 praecipue
1621 837 1731 907 pondus

100 915 311 988 supervenerint,
328 915 364 969 ad
376 931 486 968 crucem
502 921 666 975 nonornnt;
680 916 729 970 sed
743 915 890 971 lactaitem
931 913 1018 968 totius
1035 915 1141 970 ordinis
1158 921 1259 987 portat.
1272 919 1390 990 Propter
1403 923 1476 991 quod
1492 928 1587 978 tannen
1601 925 1730 982 altiorem

101 1005 217 1061 oratione
227 1005 262 1058 ad
277 1002 440 1076 pradictum
456 1003 545 1056 altare
560 1001 665 1057 ibidem
680 1009 853 1074 exspectant.
863 1009 892 1058 et
931 1003 1006 1058 inter
1019 1005 1120 1060 iratres
1131 1022 1187 1061 non
1202 1007 1286 1062 habet
1298 1008 1435 1064 ordinem.

101 1099 207 1165 accepta
220 1099 283 1164 post
301 1090 516 1163 completorium
536 1089 727 1146 benedictione
738 1090 773 1145 ad
789 1091 819 1148 S.
835 1091 893 1146 lda-
968 1091 1006 1146 Ut
1030 1099 1123 1147 autem
1149 1110 1182 1148 eo
1204 1095 1359 1165 expeditior
1381 1097 1417 1151 ad
1437 1098 1511 1154 idem
1539 1100 1661 1156 odicium
1683 1104 1731 1172 sit,

104 1183 165 1238 riam
178 1186 271 1236 orant.
287 1181 439 1235 Venientes
453 1179 539 1234 etiam
553 1179 603 1243 ita,
619 1185 652 1234 ut
665 1195 716 1234 nec
736 1195 821 1234 eoenae
839 1197 896 1235 ser·
936 1179 1077 1234 armarius
1092 1198 1236 1253 nunquam
1252 1184 1292 1238 illi
1310 1185 1415 1256 aliquid
1432 1191 1558 1258 tempore
1574 1191 1732 1248 refectionis

104 1274 217 1328 vitorum
230 1272 376 1335 interesse,
393 1285 445 1323 nee
456 1275 553 1340 postea
564 1275 630 1322 ante
642 1268 818 1324 collationem
834 1285 896 1340 pos·
936 1269 977 1322 rel
997 1269 1154 1324 collationis
1182 1271 1313 1342 injungit.
1333 1287 1378 1327 un.
1403 1273 1460 1328 Hoc
1484 1281 1527 1331 est
1548 1283 1643 1333 autem
1658 1282 1733 1352 quod

101 1363 150 1416 sint
161 1359 326 1422 reticere,ad
337 1358 516 1414 collationem
531 1357 636 1412 debent
651 1358 797 1422 interesse,
812 1363 840 1412 et
855 1357 895 1413 sic
935 1357 1013 1412 nullo
1025 1357 1070 1412 die
1080 1359 1202 1414 omittit:
1220 1365 1283 1431 post
1297 1363 1509 1434 completorium
1519 1383 1651 1439 aspersus
1660 1387 1734 1443 aqua

102 1455 157 1522 post
167 1449 382 1522 completorium
395 1452 510 1518 accepta
521 1446 712 1501 benedictione
721 1453 838 1518 possunt
851 1463 894 1501 re·
936 1444 1083 1501 benedicta
1097 1447 1204 1515 statim,
1227 1449 1281 1505 nisi
1298 1450 1355 1522 ipse
1368 1455 1530 1523 asperserit,
1547 1463 1624 1512 stare
1646 1476 1733 1532 prope

105 1537 371 1594 seceresireroinira
382 1535 756 1608 completoriumrenirenon
767 1540 893 1606 possunt,
936 1535 1038 1590 ostium
1054 1536 1177 1591 ecclesia
1187 1539 1301 1602 secedit,
1315 1545 1348 1594 ut
1360 1541 1486 1611 singulos
1495 1544 1649 1614 intueatur,
1667 1566 1735 1620 quc·

104 1626 273 1699 postmodum
296 1626 395 1680 cellam
412 1625 518 1678 intrare
531 1640 588 1678 non
603 1631 785 1695 praesumunt,
801 1625 850 1678 sed
865 1623 895 1679 in
936 1623 1020 1678 ruodo
1043 1624 1177 1680 inclinent
1198 1627 1233 1680 ad
1255 1627 1353 1682 altaria
1376 1631 1461 1685 etad
1482 1634 1666 1702 sacerdotem,
1683 1655 1735 1710 per

105 1717 217 1771 crastino
226 1715 266 1770 ita
279 1715 398 1777 intrant,
413 1718 445 1767 ut
459 1717 521 1784 post
531 1713 657 1784 singulas
671 1713 755 1767 horas
769 1713 893 1784 prascri-
903 1696 926 1758 Β
935 1729 1017 1784 quem
1032 1721 1229 1784 asperguntur.
1253 1715 1406 1788 Postquam
1420 1737 1517 1776 ornnes
1531 1723 1659 1793 exierint,
1676 1727 1734 1784 sive

102 1809 169 1874 ptam
181 1803 408 1858 benedictionem
423 1801 572 1872 accipiant.
595 1801 647 1865 Qui
663 1817 814 1873 perunum
829 1807 893 1856 tau·
933 1801 981 1855 ille
999 1803 1152 1873 asperserit
1166 1803 1224 1859 sire
1238 1821 1305 1870 non,
1321 1807 1423 1880 accipit
1434 1808 1599 1868 absconsam
1613 1816 1649 1869 ab
1663 1817 1732 1871 heb·

101 1901 153 1948 turn
166 1897 277 1948 noctem
288 1891 358 1946 ioris
372 1896 528 1954 morantur,
540 1891 571 1944 hi
585 1907 676 1962 neque
690 1907 753 1946 curn
764 1891 891 1946 exierint.
934 1890 1097 1946 domadario
1126 1892 1325 1962 illuminatum,
1344 1902 1373 1950 et
1398 1898 1504 1968 capello
1525 1901 1625 1958 induto
1642 1909 1733 1964 totum

104 1997 258 2053 nequecum
273 1980 419 2044 redierint,
437 1978 659 2034 benedictionem
675 1980 894 2050 accipiunt.nisi
934 1979 1089 2033 claustrum
1109 1981 1272 2052 perlustrat.
1298 1983 1393 2040 Primo
1416 1987 1501 2054 ridet,
1526 1989 1549 2043 si
1574 1991 1670 2047 clausa
1697 1995 1735 2050 sit

102 2072 164 2126 torte
179 2071 315 2135 evenerit,
329 2075 361 2124 ut
374 2069 475 2140 aliquis
490 2069 525 2122 de
541 2069 583 2122 via
607 2069 721 2123 veniens
740 2074 769 2123 et
785 2069 895 2124 benedi·
932 2068 1020 2137 janua
1038 2069 1171 2124 auditorii
1186 2071 1349 2143 hospitum
1375 2075 1476 2131 domus
1491 2078 1733 2153 eleemosynaria3

104 2161 216 2214 ctionem
231 2159 411 2214 redeuntium
428 2163 603 2229 accepturus,
623 2158 720 2212 eadem
734 2158 781 2212 die
795 2173 893 2213 rursus
935 2155 958 2210 si
974 2157 1036 2228 quis
1046 2159 1138 2212 adhuc
1153 2160 1190 2214 sit
1201 2167 1230 2214 et
1241 2169 1355 2233 propter
1366 2164 1432 2235 quid
1446 2167 1559 2222 sitente
1573 2170 1735 2242 cellarium

102 2247 895 2315 exeatetcrastinaredeat,liuictuncnonsubstralritur
935 2245 959 2299 si
988 2245 1107 2316 coquina
1136 2248 1275 2318 regularis
1299 2251 1336 2306 sit
1364 2252 1513 2322 obserata,
1544 2257 1734 2330 refectorium,

105 2335 557 2409 benedictio,quambabuissetin
574 2335 728 2407 prioridie,
745 2337 768 2390 si
782 2353 890 2391 reman-
937 2333 1038 2388 deinde
1065 2335 1164 2390 cellam
1193 2338 1386 2408 novitiorum,
1417 2342 1531 2399 doenum
1559 2345 1736 2406 infirmorum

103 2427 186 2482 sisset.
200 2426 305 2481 Verum
319 2426 342 2480 si
357 2425 420 2497 quis
434 2425 469 2478 ad
490 2423 616 2478 eamdem
633 2425 732 2478 horam
752 2425 896 2480 redeuntis
937 2421 1045 2489 videus,
1062 2424 1086 2478 si
1102 2424 1156 2496 ipsi
1169 2427 1229 2497 jam
1247 2445 1277 2482 se
1292 2429 1498 2496 collocaverint,
1511 2439 1540 2489 et
1554 2439 1694 2506 quomodo
1707 2457 1738 2496 se

103 2517 180 2570 simul
194 2520 224 2570 et
238 2514 364 2570 exeuntis
383 2513 605 2568 benedictionem
621 2518 664 2568 est
685 2519 861 2584 accepturus,
872 2515 896 2569 is
937 2509 1069 2578 habeant,
1086 2514 1110 2566 si
1126 2515 1188 2584 quis
1203 2531 1300 2570 eorum
1316 2517 1408 2574 adhuc
1421 2525 1590 2578 remanserit
1604 2526 1634 2580 in
1651 2530 1738 2584 eccle·

101 2619 160 2658 cum
181 2604 330 2658 accesserit
354 2603 389 2657 ad
407 2603 513 2673 gradus
536 2601 571 2656 ab
587 2601 694 2656 ordinis
712 2607 819 2657 rectore
832 2618 895 2656 cum
938 2600 979 2653 sia
992 2600 1021 2655 S.
1038 2600 1152 2655 elane:
1171 2601 1390 2674 (reposcendo
1400 2607 1607 2678 dormitorium,
1623 2623 1739 2687 portans

102 2693 175 2763 signo
186 2693 276 2748 crucis
291 2692 433 2746 licentiam
448 2693 549 2762 quaerit
562 2689 693 2756 abeundi,
711 2695 739 2743 et
748 2690 820 2744 iacto
830 2695 896 2744 ante
937 2703 1042 2742 secum.
1059 2690 1082 2745 si
1095 2690 1164 2760 quid
1176 2691 1248 2745 forte
1262 2692 1419 2749 inclaustro
1435 2698 1591 2767 neglectum
1603 2703 1737 2774 odendit3

103 2787 128 2836 et
149 2789 232 2849 retro,
249 2797 313 2836 cum
330 2781 428 2836 eadem
451 2779 634 2834 inclinatione
652 2780 710 2834 sive
727 2784 893 2850 prostratus,
936 2777 1070 2848 prospicit
1084 2796 1304 2850 quoqueomnes
1315 2785 1536 2841 necessariorum
1551 2790 1738 2848 sedes.Tern·

104 2869 157 2923 sire
171 2875 260 2932 amns,
276 2869 400 2941 primum
413 2866 670 2930 redeuntis,deinde
681 2865 898 2921 exeuntisbene-
939 2881 1007 2935 pore
1022 2867 1143 2938 hyemali
1157 2869 1269 2938 quando
1286 2870 1387 2926 fratres
1412 2881 1474 2944 post
1494 2892 1600 2932 coenam
1616 2881 1740 2938 collatio-

103 2956 247 3014 dictionem
270 2958 397 3030 accipere
411 2963 513 3030 potest.
530 2959 620 3023 Quem
634 2956 658 3010 si
673 2956 789 3012 rediisse
803 2957 838 3010 do
848 2957 892 3011 ria
941 2970 1004 3008 nem
1020 2955 1049 3009 in
1066 2957 1188 3027 capitulo
1202 2965 1373 3029 exspectant,
1390 2962 1457 3017 dicit
1471 2980 1556 3020 unam
1570 2968 1674 3024 circam
1688 2987 1739 3042 per

104 3049 230 3103 sacerdos
239 3047 378 3114 nescierit,
394 3046 496 3117 aliquis
505 3046 657 3102 astantium
672 3045 805 3110 sciens,ei
818 3045 897 3100 inno·
939 3060 1037 3098 ornnes
1052 3045 1177 3100 cilicinas
1198 3047 1324 3111 claustri.
1346 3049 1497 3108 observans
1516 3071 1551 3110 ne
1572 3057 1684 3130 aliquis,
1702 3061 1738 3134 si,

102 3137 186 3191 tescit.
205 3137 314 3192 Debent
328 3141 424 3191 autem
438 3137 473 3191 de
489 3136 589 3190 itinere
604 3135 753 3190 redeuutes
768 3135 797 3188 in
812 3135 896 3189 choro
938 3132 985 3203 qui
994 3138 1062 3186 tunc
1072 3133 1100 3188 in
1108 3135 1231 3206 capitulo
1243 3137 1340 3192 sedere
1352 3139 1477 3205 deberet,
1491 3142 1638 3202 inutilitati
1647 3156 1737 3206 vacet.

101 3224 235 3280 interesse
249 3225 414 3293 matutinis;
439 3225 492 3279 nisi
512 3226 550 3279 sit
569 3223 671 3295 aliquis
691 3223 727 3278 de
743 3224 896 3296 longinquo
937 3221 1015 3275 Facit
1040 3239 1152 3294 quoque
1180 3224 1264 3278 aliam
1280 3226 1382 3282 circam
1407 3230 1441 3284 ad
1463 3230 1640 3291 intervallum
1663 3239 1738 3310 quod

101 3315 219 3374 veniens,
235 3320 265 3370 et
277 3314 328 3369 tali
338 3313 504 3368 intlrmitate
516 3318 649 3384 grauatus
661 3331 668 3379 ;
680 3312 722 3366 illi
736 3313 898 3367 conceditur
938 3309 1010 3363 solet
1024 3327 1085 3364 esse
1109 3313 1182 3366 inter
1196 3318 1347 3369 nocturnos
1362 3323 1390 3370 et
1405 3319 1586 3384 matutinum,
1603 3327 1632 3378 et
1645 3323 1674 3380 in
1689 3326 1740 3382 illa

101 3409 174 3458 extra
190 3405 319 3471 chorum,
339 3402 381 3458 rel
396 3403 432 3458 ad
450 3405 478 3460 S.
495 3403 613 3458 Mariam
629 3401 776 3456 matutinis
791 3402 896 3457 eisdem
938 3399 1038 3454 circuit
1051 3418 1148 3456 omnes
1162 3402 1248 3457 lectos
1258 3405 1287 3457 in
1301 3405 1474 3474 dormitorio,
1486 3408 1515 3462 in
1529 3410 1599 3466 cella
1622 3414 1739 3471 novitio·

100 3489 240 3548 interesse,
940 3506 1013 3555 rum,
1039 3490 1104 3544 inde
1122 3489 1224 3545 transit
1251 3492 1287 3546 ad
1309 3493 1412 3550 ostium
1438 3497 1588 3560 refectorii,
1612 3503 1738 3574 coquinae

399 3562 516 3618 CAPUT
534 3563 594 3617 XX·
939 3578 1086 3648 regularis,
1102 3579 1217 3640 cellarii.
1233 3581 1471 3654 eleemosynariae,
1486 3589 1497 3610 ⁶
1512 3589 1576 3643 ostii
1600 3591 1739 3648 claustra·

208 3655 243 3710 [Μ
253 3655 402 3708 dmiffli'i
412 3655 517 3722 1²²¹in
531 3657 555 3705 ⁶²
569 3655 628 3722 ejus
643 3653 778 3721 “sijum
937 3665 982 3722 lis.
998 3667 1106 3721 deinde·
1117 3668 1152 3722 ad
1176 3667 1360 3726 intirmariam
1378 3689 1428 3744 per
1448 3676 1602 3748 capitulum
1624 3683 1737 3752 transit,

131 3761 200 3830 iro.)
216 3759 381 3816 Claustralis
406 3759 483 3830 prior
506 3757 625 3813 vicarius
642 3764 686 3813 est
704 3757 820 3827 majoris
843 3773 896 3828 per
937 3756 986 3809 scd
1002 3757 1237 3827 perauditorium
1261 3758 1288 3812 in
1318 3762 1464 3818 ecclesiam
1489 3768 1626 3838 majorem
1653 3771 1737 3844 redit,

99 3849 190 3904 omnia
204 3849 316 3921 prioris,
335 3863 422 3920 quare
444 3863 501 3902 non
520 3846 611 3902 solum
627 3847 776 3901 debiliores
791 3847 895 3900 iratres
936 3844 1073 3900 rireuiens
1087 3846 1183 3900 omnia
1196 3847 1306 3912 altaria,
1324 3855 1352 3904 et
1367 3853 1484 3922 angulos
1505 3856 1628 3913 ecclesie
1643 3876 1675 3914 ac
1689 3878 1737 3916 sa·

99 3938 130 3990 ad
145 3938 304 4010 propinqua
318 3937 380 3992 loca
394 3937 429 3991 ad
445 3935 653 4008 repausandum
669 3936 774 4002 mittit3
797 3951 895 3990 rerum
937 3933 1056 3996 mistim,
1074 3933 1138 3988 inde
1156 3937 1306 3990 revertitur
1322 3955 1371 4008 per
1390 3940 1517 4010 chorum,
1537 3944 1632 4016 sicque
1656 3965 1737 4005 verso

98 4027 180 4081 etiam
191 4027 340 4082 validiores
350 4025 386 4080 ad
400 4025 486 4080 cellas
496 4025 703 4079 valderemotus
719 4024 746 4078 in
761 4023 895 4078 auxilium
936 4027 1047 4076 tanturn
1071 4029 1168 4078 contra
1180 4025 1298 4094 juvenes
1318 4025 1424 4082 lumine
1448 4033 1608 4100 pertransit,
1627 4042 1656 4091 et
1670 4037 1736 4092 abs·-

99 4113 216 4170 iratrum
243 4115 302 4171 illic
325 4113 570 4180 commorantium,
600 4113 702 4168 domno
731 4111 831 4166 abbate
853 4111 895 4165 vel
936 4127 1049 4165 censam
1065 4111 1092 4165 in
1109 4113 1201 4166 locum
1217 4129 1298 4168 suum
1317 4122 1438 4186 reponit.
1453 4119 1483 4172 ln
1498 4119 1541 4173 his
1554 4122 1694 4192 omnibus,
1711 4127 1735 4182 si

97 4205 190 4274 priore
200 4206 282 4276 longe
294 4201 420 4261 remotis.
430 4203 631 4258 Verumtamen
641 4217 785 4272 nunquam
801 4201 829 4254 in
842 4200 896 4271 pri·
937 4199 1004 4271 quid
1016 4200 1191 4272 negligentia
1214 4202 1384 4272 cognoverit,
1399 4205 1452 4260 hoc
1468 4207 1497 4260 in
1509 4212 1632 4267 crastino
1645 4215 1734 4270 recla-

97 4295 167 4348 mtis
185 4293 286 4348 diebus
304 4297 356 4348 aut
374 4292 522 4347 duodecim
546 4291 712 4346 lectionibus
724 4291 759 4344 ad
775 4290 895 4344 oderen-
937 4287 1034 4344 mabit.
1047 4307 1091 4344 un.
1107 4289 1260 4344 llascireas
1270 4291 1355 4346 etiarn
1366 4293 1487 4363 pleniter
1498 4298 1624 4354 ordinem
1636 4307 1735 4360 tenens

96 4381 171 4444 dum,
189 4384 234 4438 rel
251 4381 287 4436 ad
308 4397 405 4453 pacem
426 4387 490 4453 post
503 4380 625 4450 aliquem
644 4379 779 4444 albatum,
796 4377 849 4431 nisi
864 4371 968 4433 inllex
982 4394 1035 4433 usu
1060 4379 1136 4432 sacit.
1153 4379 1231 4444 Quod
1249 4379 1272 4434 si
1287 4381 1414 4436 minutus
1426 4390 1478 4451 est,
1499 4388 1542 4441 vel
1556 4388 1736 4461 aliquainsrr-

95 4471 194 4526 ordine
209 4487 260 4527 suo
277 4470 394 4526 accedit.
419 4471 451 4525 ln
474 4469 553 4524 iestis
573 4473 678 4534 autem,
694 4484 755 4538 qua
776 4467 805 4521 in
824 4464 894 4521 albis
936 4466 1184 4537 mitategravatua,
1201 4467 1248 4521 alii
1264 4465 1298 4521 ab
1313 4483 1346 4522 eo
1359 4469 1413 4524 hoc
1425 4470 1594 4544 injungitur.

93 4567 231 4631 aguntur,
247 4559 363 4614 absente
381 4559 483 4630 priore,
500 4558 608 4628 primus
622 4556 707 4611 etiam
733 4556 768 4610 acl
783 4556 896 4626 singula
971 4555 1008 4610 Ut
1021 4561 1115 4609 aretem
1128 4555 1248 4610 breviter
1260 4556 1295 4611 de
1314 4557 1376 4629 ejus
1402 4559 1492 4614 officio
1513 4566 1691 4638 concludam
1709 4571 1734 4626 si

92 4647 256 4718 hujusmodi
271 4647 407 4720 procedit,
431 4653 545 4718 excepto
563 4647 587 4701 si
609 4646 729 4700 doninus
744 4644 829 4700 abbas
852 4643 895 4698 rel
935 4642 1055 4698 domnus
1073 4642 1159 4698 abbas
1172 4661 1226 4698 noe
1243 4643 1332 4712 adest,
1352 4662 1444 4718 neque
1456 4649 1543 4720 prior,
1559 4669 1615 4710 non
1641 4659 1733 4716 solum

90 4738 169 4808 prior
192 4738 306 4792 missam
331 4736 472 4791 cantatio
493 4741 632 4790 conventu
657 4754 663 4789 :
691 4735 703 4758 ⁶
724 4739 791 4789 ωηο
817 4732 893 4788 enim
935 4748 1033 4787 omnes
1060 4731 1265 4798 obedientiarii,
1295 4733 1343 4805 qui
1367 4735 1397 4790 in
1426 4738 1548 4796 claustro
1571 4751 1647 4813 sunt,
1669 4750 1732 4820 eius

89 4827 168 4882 nullo
182 4827 267 4881 modo
281 4843 311 4880 se
325 4826 450 4896 primum
475 4825 520 4879 his
547 4823 680 4889 admittit,
694 4822 749 4878 nisi
766 4823 893 4878 omnium
934 4826 1073 4894 precepto
1089 4821 1233 4886 obediunt,
1254 4823 1303 4878 sed
1327 4824 1411 4880 etiam
1430 4826 1483 4898 ipsi
1496 4829 1593 4887 decani
1606 4836 1642 4890 ad
1658 4855 1732 4910 quae.

89 4915 168 4984 prior
188 4915 218 4969 in
239 4914 337 4970 ordine
361 4913 408 4968 sit.
438 4912 574 4977 Quotiens
590 4912 650 4984 ipse
671 4911 797 4966 ordinem
814 4916 894 4966 tenet
933 4926 1044 4982 cunque
1056 4927 1127 4982 opus
1139 4911 1233 4966 tuerit.
1250 4911 1373 4984 Ideoque
1383 4915 1461 4970 ualde
1471 4923 1660 4980 necessarium
1676 4935 1728 4992 est,

87 5003 135 5069 ita,
164 5008 203 5059 ut
224 5019 315 5075 neque
341 5001 477 5057 domnum
504 5000 635 5056 abbatem
659 5017 750 5072 neque
772 5001 892 5072 priorem
934 5005 965 5054 ut
978 5000 1043 5054 talis
1057 5001 1254 5068 constituetur,
1277 5003 1326 5074 qui
1349 5004 1384 5057 ad
1404 5009 1447 5059 tot
1462 5011 1596 5080 tantaque
1618 5019 1731 5084 negotia

87 5093 206 5148 interim
229 5092 360 5148 advenire
385 5096 489 5162 speret,
515 5097 584 5146 tunc
610 5091 644 5145 ad
673 5090 888 5161 processionem,
932 5089 1108 5160 procuranda
1119 5089 1236 5144 idoneus
1248 5090 1395 5148 habeatur.
1411 5095 1490 5149 *Hic
1505 5098 1569 5152 mlis
1582 5099 1640 5155 sive
1652 5105 1728 5160 ordi-

15 5227 16 5232 ,
88 5199 149 5254 quae
161 5181 280 5254 privatis
295 5179 393 5236 diebus
407 5179 510 5250 agitur,
522 5179 638 5234 ultimus
654 5179 766 5242 incedit,
783 5185 890 5234 etcum
931 5194 995 5232 netu
1008 5183 1115 5242 tenena,
1134 5195 1197 5232 nrox
1211 5184 1243 5234 ut
1257 5181 1336 5234 audit
1346 5183 1458 5252 signum
1473 5186 1730 5254 collationis,debet

87 5270 248 5326 reneritad
261 5271 288 5326 S.
305 5269 435 5335 Mariam,
462 5269 492 5323 in
519 5271 604 5323 choro
625 5269 739 5322 sinistro
753 5268 890 5334 consistit,
933 5267 1087 5338 capitulum
1114 5268 1231 5336 intrare,
1250 5285 1285 5323 ne
1306 5277 1403 5340 postea
1429 5271 1538 5327 intrans
1560 5286 1727 5338 conventum

88 5359 209 5416 etiamsi
225 5359 253 5415 in
279 5360 377 5414 dextro
392 5359 454 5430 ejus
480 5358 565 5413 statio
588 5357 683 5412 suerit.
705 5357 735 5412 Si
753 5358 798 5412 cui
823 5375 893 5430 opus
933 5356 1018 5412 saciat
1039 5357 1211 5427 assurgendo
1236 5356 1374 5412 laborare.
1399 5359 1538 5414 ceterum
1565 5379 1726 5440 quanquam

88 5449 178 5504 tuerit
195 5446 311 5504 absente
322 5448 417 5519 priore
431 5446 466 5501 ad
482 5445 667 5502 infirmariam
680 5445 773 5516 gratia
789 5461 892 5517 repau·
933 5445 1109 5512 haecomnia,
1125 5463 1187 5517 qure
1201 5463 1285 5519 supra
1306 5447 1380 5502 dicta
1399 5455 1474 5515 suut,
1495 5450 1613 5508 licenter
1632 5457 1726 5530 farciat,

87 5535 216 5594 cationis
241 5535 283 5592 ire
309 5533 447 5602 concedit,
471 5533 588 5607 ipseque
608 5533 682 5588 infra
711 5533 891 5590 resectionem
933 5534 1026 5608 priore
1039 5541 1135 5591 tamen
1148 5535 1178 5591 in
1201 5540 1339 5592 corruente
1361 5541 1502 5608 manente,
1522 5539 1592 5597 nulli
1607 5546 1676 5621 quid
1690 5547 1730 5626 inf

215 5635 345 5700 Parnon.
368 5637 427 5699 ct.
1570 5643 1611 5708 tt
