3872 6162
239 207 308 276 10³5
752 208 781 264 s.
801 205 998 269 emmaum
1015 205 1360 272 summesmssno.
1778 227 1830 290 ros

237 335 343 396 bellurn
356 337 409 394 ant
417 349 502 410 super
512 335 631 410 juncum
646 333 754 404 sedent,
764 329 843 390 lieris
856 334 886 390 iu
895 339 973 389 terra
982 350 1034 406 ge·
1042 331 1136 405 Ajam
1142 334 1268 392 lectionis
1274 342 1425 412 exspectat,
1434 355 1467 400 ac
1477 345 1538 397 tum
1550 341 1643 398 tandiu
1652 345 1832 424 soilbmpulsrr,

236 424 421 500 nibus,pedes
434 418 554 484 fratrum
567 425 664 482 lavant
677 425 707 480 et
734 426 858 496 tergunt.
884 419 938 490 Qui
956 421 1035 494 prius
1076 438 1221 496 quousque
1232 425 1344 498 juvenis
1361 429 1404 484 vel
1426 447 1578 503 puerorum
1597 433 1698 505 aliquis,
1720 436 1741 491 si
1759 447 1836 496 assunt

236 517 346 587 partem
361 531 442 571 snam
455 513 635 588 perlaverint,
647 513 676 568 in
694 513 783 570 altera
806 517 886 586 parte
908 512 1034 566 lavantes
1073 513 1224 569 benedicite
1238 516 1363 588 incipiat.
1378 517 1465 588 Tunc,
1476 521 1543 576 duta
1554 525 1835 593 persacerdotembene

236 604 380 677 adjuvant,
394 621 449 676 quo
459 603 542 660 citius
552 621 582 659 se
592 601 751 678 expediant.
1074 600 1205 670 dictione,
1221 622 1285 660 mox
1301 607 1348 678 qui
1363 607 1471 678 primus
1496 625 1593 665 eorum
1613 613 1646 666 ad
1666 613 1768 684 gradum
1788 633 1836 672 eon-

271 695 389 748 Peracta
402 700 496 749 autem
507 695 610 768 pedum
631 693 770 748 lavatione
786 689 870 746 simul
894 696 922 745 et
937 706 1033 745 menu-
1074 695 1118 744 tra
1133 691 1256 763 priorem
1282 697 1401 763 steterit,
1418 697 1472 769 ipsi
1485 700 1614 770 poculum
1629 701 1743 773 porrigit,
1756 706 1836 778 etipse

233 783 400 856 tergiorum,
415 788 494 838 extra
523 781 678 856 capitulum
706 777 753 835 ubi
777 796 851 852 aqua
874 779 1032 834 lavantibus
1073 786 1244 850 pateraesuae
1259 782 1390 851 infundit,
1406 787 1499 842 caeteri
1515 803 1579 843 vero
1594 790 1836 864 caeterispropinsnt,

233 870 449 934 ministrabatur
461 888 512 947 per
526 886 699 936 conversum,
712 869 756 924 cni
770 867 823 924 hoc
837 867 959 922 officium
969 868 1031 924 fue·
1072 869 1237 942 incipientes
1252 890 1269 927 a
1282 873 1422 945 prioribus
1434 875 1468 930 ad
1483 879 1835 950 utrumquereiectoriilatus,

233 967 279 1017 rat
295 962 463 1034 injunctum,
478 958 508 1014 in
521 960 619 1015 eodem
634 959 704 1026 loco,
720 958 772 1014 sibi
786 957 904 1013 invicem
927 973 1030 1028 squam
1071 964 1212 1027 postremo
1222 959 1252 1014 in
1267 961 1359 1017 medio
1373 964 1593 1021 considentibus.
1611 967 1677 1021 Cum
1686 973 1768 1023 autem
1780 971 1837 1042 quis·

232 1050 268 1105 ad
283 1065 383 1108 manns
398 1049 606 1116 administrant,
625 1065 694 1120 quas
708 1053 803 1103 tamen
823 1064 879 1102 non
897 1053 1025 1118 tergunt.
1071 1062 1125 1117 que
1141 1052 1245 1117 patere
1259 1051 1665 1126 suaeinluderitquantumsibi
1679 1057 1836 1124 visumlucrit,

232 1131 311 1196 Tunc
317 1137 600 1211 ingredientibusillis
611 1154 673 1193 curn
687 1136 846 1192 baccinisad
857 1135 1030 1192 ablutionem
1068 1135 1150 1205 juxta
1163 1154 1193 1192 se
1206 1139 1313 1194 sedenti
1324 1141 1451 1213 porrigit.
1460 1143 1513 1198 Sed
1525 1145 1549 1198 si
1561 1144 1762 1201 domnusabbas
1772 1149 1837 1202 allue-

232 1229 470 1285 manuumnullus
483 1227 597 1284 absente
610 1225 711 1282 abbate
723 1226 810 1298 priori
830 1224 952 1296 assurgit
964 1244 970 1292 ;
980 1224 1029 1279 sed
1070 1223 1108 1278 rit
1119 1224 1173 1296 ipsi
1184 1225 1235 1281 soli
1251 1229 1393 1284 vasculum
1408 1229 1438 1285 in
1453 1233 1571 1303 quesibi
1584 1235 1751 1307 propinatum
1762 1236 1835 1304 luerit,

229 1317 425 1391 unusquisque
446 1315 547 1373 sedens
574 1316 736 1372 ministrum
762 1332 842 1388 aquae
869 1319 1024 1386 exspectat.
1069 1312 1128 1381 dat,
1142 1313 1198 1370 sive
1216 1315 1254 1370 sit
1274 1317 1379 1390 phiala,
1401 1320 1459 1374 sive
1473 1327 1573 1394 patera
1593 1340 1659 1393 sua;
1678 1321 1838 1390 combiberit,

230 1407 336 1463 Verum
355 1407 379 1462 si
393 1407 539 1480 episcopus
553 1406 655 1478 aliquis
674 1406 717 1461 vel
740 1404 826 1460 abbas
853 1403 891 1458 ibi
914 1403 944 1458 in
968 1403 1029 1458 loco
1069 1408 1135 1457 ante
1150 1421 1180 1458 se
1194 1405 1291 1476 ponit,
1309 1407 1383 1478 quod
1398 1409 1483 1464 etiarn
1498 1410 1563 1466 licet
1577 1412 1689 1467 cuilibet
1709 1412 1790 1468 abbati
1808 1415 1839 1469 vel

230 1493 326 1553 domni
338 1495 446 1552 abbatis
460 1496 549 1562 sedet,
562 1491 690 1567 surgenti
709 1511 806 1551 omnes
821 1499 983 1566 assurgunt,
1001 1496 1029 1548 et
1069 1491 1155 1561 priori
1165 1495 1247 1564 juxta
1262 1512 1292 1550 se
1310 1497 1427 1564 sedenti,
1444 1500 1487 1554 vel
1499 1502 1680 1573 perseipsum
1690 1502 1799 1558 ordinem
1810 1507 1840 1556 te·

228 1581 253 1640 si
267 1602 352 1658 super
361 1584 513 1642 stabellum
528 1585 648 1650 steterit,
656 1621 660 1654 ,
670 1590 738 1640 tunc
751 1601 802 1640 nec
816 1601 964 1640 conversus
992 1585 1028 1642 ad
1069 1581 1379 1655 nenti.Pr·opinantium
1387 1588 1838 1662 paterasipsipincernaeinfundunt,

227 1679 334 1730 terram
345 1673 498 1742 descendit,
513 1673 562 1734 sed
572 1673 672 1730 stando
683 1689 768 1746 super
781 1649 1107 1745 scabolrapraesto-Bilii
1124 1675 1228 1738 autem,
1245 1680 1357 1744 peracto
1373 1692 1424 1730 suo
1440 1675 1541 1744 officio,
1564 1695 1622 1733 non
1642 1686 1673 1734 ut
1698 1679 1767 1753 prius
1784 1680 1840 1734 ordi-

227 1763 304 1822 latur
317 1762 405 1820 donec
419 1761 571 1818 consideat.
1064 1758 1134 1825 nati,
1151 1761 1201 1814 scd
1216 1766 1353 1833 quotquot
1366 1765 1566 1821 convenienter
1577 1767 1607 1821 in
1622 1768 1703 1823 simul
1710 1768 1783 1842 jungi
1792 1785 1839 1839 pos·

246 1851 452 1926 ¹Factaautem
476 1856 504 1906 et
527 1867 663 1908 manuum
686 1849 831 1908 ablutione
859 1851 956 1909 eodem
981 1867 1025 1906 or·
1065 1853 1139 1912 sunt,
1147 1850 1336 1920 precedentes
1350 1853 1442 1908 caeteri
1453 1853 1551 1910 eodem
1562 1855 1838 1928 ordinesubsequentes

213 1941 291 1998 'dine
307 1958 362 2016 quo
377 1947 406 1996 et
414 1939 527 2014 pedum,
537 1941 562 1995 si
577 1939 639 2014 quis
652 1940 690 1996 ibi
704 1957 761 1996 non
776 1939 1021 2008 hebdomadarius,
1065 1937 1100 1991 ad
1115 1939 1235 2010 gradum
1249 1939 1379 1996 similiter·
1390 1959 1423 1996 ex
1433 1949 1553 2015 utraque
1561 1951 1642 2018 parte
1654 1945 1745 2000 media
1754 1944 1838 2000 tabule

225 2031 275 2085 sed
300 2036 415 2102 rogatus
439 2027 474 2084 ab
499 2029 593 2100 aliquo
616 2029 835 2084 hebdomadario
861 2029 918 2084 vice
947 2029 1023 2084 illius
1063 2030 1129 2080 unte
1144 2033 1172 2081 et
1182 2031 1256 2082 retro
1273 2028 1380 2084 faciunt
1391 2053 1398 2097 ⁴.
1410 2038 1440 2086 ct
1451 2033 1531 2087 sicin
1542 2034 1635 2089 locum
1649 2051 1728 2090 suum
1741 2033 1836 2088 bibituri

224 2119 375 2185 ministrat,
392 2119 438 2174 hic
451 2135 515 2174 cum
528 2117 596 2175 ioris
608 2119 761 2192 capitulum
776 2118 923 2174 baccinum
939 2119 1024 2190 depo-
1063 2115 1193 2170 redeunt.

224 2207 323 2276 suerit,
337 2223 481 2280 regressus
495 2207 632 2264 inlocum
654 2225 737 2264 suum
764 2207 877 2274 secedit,
901 2208 1021 2262 iaciens·
1098 2205 1128 2260 Si
1142 2205 1205 2277 quis
1216 2207 1336 2262 fratrum
1342 2207 1456 2264 interim
1466 2213 1660 2282 supervenerit
1669 2213 1838 2268 lectionenon·

225 2315 280 2372 que
292 2299 331 2356 ibi
347 2305 412 2358 ante
426 2304 456 2354 et
473 2306 557 2366 retro,
570 2298 660 2356 sedet.
686 2297 714 2354 Is
724 2314 791 2370 ergo
805 2315 822 2354 a
836 2315 891 2372 quo
906 2303 1021 2372 rogatus
1067 2293 1135 2349 dum
1148 2295 1237 2362 linita,
1254 2295 1368 2352 bibendi
1380 2297 1521 2354 licentiam
1543 2301 1655 2374 accipit.
1670 2301 1798 2374 siquibus
1812 2301 1837 2354 ds

223 2388 316 2446 iuerat
328 2389 423 2448 eniens
438 2393 504 2444 ante
524 2387 677 2461 capitulum
702 2405 732 2442 se
747 2387 854 2443 caeteris
868 2387 899 2444 in
923 2388 1021 2443 ordine
1062 2388 1131 2455 potu
1138 2384 1205 2456 quid
1213 2391 1342 2442 remanet
1350 2386 1576 2457 bibentibus,hoc
1583 2391 1734 2446 infundunt
1740 2389 1838 2468 justitiis

223 2477 382 2550 snojungit,
391 2477 487 2550 sicque
497 2477 727 2552 precedentibus,
740 2477 787 2549 qui
796 2477 882 2548 pedes
893 2477 1021 2532 laverunt
1062 2472 1130 2538 suis,
1146 2481 1175 2528 et
1188 2480 1300 2546 pateras
1313 2484 1507 2549 superponunt
1520 2479 1655 2546 inversas,
1667 2480 1838 2535 Finitaauten

223 2582 322 2626 omnes
340 2567 424 2622 simul
446 2571 512 2624 ante
535 2566 630 2622 sedem
651 2565 747 2622 domni
768 2564 877 2620 abbatis
905 2570 971 2622 ante
994 2572 1024 2622 et
1063 2562 1182 2617 lectione
1197 2564 1286 2618 lector
1305 2566 1385 2636 ponit
1404 2565 1506 2620 librum
1523 2568 1551 2621 in
1566 2571 1745 2640 supremitate
1754 2583 1839 2622 mensa

222 2659 300 2710 retro
314 2647 515 2711 iaciuntiunc
524 2655 639 2710 tandem
653 2655 782 2726 sequitur
797 2671 844 2708 eos
861 2671 1020 2721 conversus,
1062 2651 1138 2706 illius
1151 2653 1241 2720 lineae,
1254 2659 1363 2725 quaeest
1373 2653 1487 2727 propior
1500 2656 1559 2710 sedi
1574 2675 1644 2727 suae,
1656 2658 1776 2730 factoque
1788 2661 1840 2710 ante

222 2744 271 2815 qui
284 2760 385 2816 aquarn
403 2743 572 2800 ministravit
586 2745 626 2800 eis
640 2743 809 2810 lavantibus,
825 2749 853 2800 et
864 2743 979 2799 veniens
993 2745 1022 2798 in
1064 2746 1092 2794 et
1106 2745 1191 2808 retro,
1205 2740 1308 2796 librum
1323 2743 1431 2816 recipit,
1443 2751 1473 2800 et
1494 2747 1609 2802 veniens
1622 2749 1651 2804 in
1674 2748 1760 2803 locum
1774 2762 1840 2801 suum

221 2831 314 2888 locum
327 2849 412 2890 enum
422 2833 462 2888 ibi
476 2839 542 2889 ante
557 2836 585 2888 et
600 2838 676 2887 retro
687 2832 753 2887 facit
763 2838 792 2888 et
804 2832 874 2905 ipse.
886 2833 1022 2888 Lecturus
1063 2835 1130 2884 snto
1144 2847 1174 2884 se
1188 2831 1277 2902 ponit,
1294 2837 1323 2886 et
1332 2832 1372 2886 sic
1379 2833 1480 2888 sedens
1487 2833 1566 2890 bibit.
1578 2837 1685 2892 Deinde
1699 2854 1756 2892 cum
1767 2834 1839 2907 priori

221 2924 361 2980 antcmad
371 2924 548 2980 collationem
563 2938 682 2994 surgens
697 2922 803 2989 statim,
819 2938 884 2977 cum
905 2922 1023 2977 sacrista
1064 2919 1156 2974 visum
1173 2919 1259 2974 suerit
1273 2920 1379 2975 scillam
1390 2922 1426 2976 ad
1436 2925 1611 2994 surgendum
1621 2925 1842 3000 tunepercutit,ac

221 3017 335 3084 accepta
351 3011 465 3068 licentia
479 3009 696 3082 adpetendum
712 3009 821 3074 exierit,
834 3009 924 3081 petita
938 3009 1021 3066 bene-
1064 3009 1093 3062 in
1105 3009 1203 3063 eodem
1213 3009 1273 3064 loco
1288 3015 1366 3065 stans
1373 3027 1469 3066 versus
1479 3014 1515 3068 ad
1524 3014 1842 3088 conventumpronuntiat

184 3092 188 3101 ’
221 3085 353 3169 dictione,
365 3099 737 3158 tecnonumorditurstatim
747 3104 779 3154 nt
788 3099 1020 3157 cantumtlnitum
1062 3114 1174 3153 versum
1187 3099 1367 3166 devoto-rium
1377 3106 1504 3156 nostrum
1518 3106 1549 3156 in
1559 3101 1842 3164 noinineliornr'ntsic-

222 3189 354 3248 audierit.
367 3187 452 3246 Lecto
465 3205 522 3248 uno
538 3189 581 3244 tel
591 3185 700 3244 duobus
727 3187 863 3256 versibus,
879 3188 927 3260 qui
953 3193 1021 3244 tunc
1063 3203 1118 3258 que
1132 3185 1206 3242 t'ncto
1220 3194 1286 3242 ante
1302 3193 1330 3242 et
1343 3193 1420 3244 retro
1434 3189 1499 3246 inde
1515 3191 1637 3248 redeunt
1656 3193 1686 3246 in
1703 3193 1840 3248 ecclesiam.

221 3284 302 3336 tenet
315 3277 414 3336 ordine
428 3278 529 3334 sedens
552 3278 582 3332 in
610 3275 757 3351 principali
783 3277 853 3346 loco,
883 3277 977 3334 innuit
996 3277 1021 3332 ei
1063 3279 1196 3330 Attamen
1204 3275 1351 3332 sciendum
1367 3284 1409 3332 est
1424 3280 1497 3350 quod
1506 3280 1536 3334 in
1545 3281 1600 3336 hac
1615 3282 1675 3337 sola
1686 3279 1843 3354 processione

223 3369 273 3442 qni
286 3367 338 3424 sibi
350 3368 380 3424 in
392 3367 515 3426 tenendo
527 3367 625 3423 ordine
634 3366 674 3422 ibi
686 3365 831 3440 proximus
856 3371 909 3432 est,
925 3370 954 3420 et
973 3366 1021 3422 ille
1062 3364 1163 3420 iratres
1176 3365 1297 3420 vicissim
1312 3373 1554 3438 possuntmntare,
1567 3371 1845 3444 propterdiscedeutes

221 3457 371 3514 lactente
387 3462 416 3512 et
430 3461 506 3512 retro
524 3455 603 3512 suavi
617 3453 761 3526 egreditur
779 3453 890 3509 incessu
906 3453 942 3508 ad
960 3471 1022 3526 per·
1064 3452 1351 3526 obedientiarios,qu1
1367 3461 1434 3510 tunc
1447 3455 1512 3512 inde
1522 3474 1586 3512 cnm
1599 3458 1844 3515 licentiadiscedere

222 3545 386 3604 cutiendum
399 3545 567 3618 cymbalum,
577 3544 602 3602 si
614 3551 710 3600 tamen
720 3543 823 3598 lectum
832 3543 953 3598 audierit
967 3560 1024 3598 ver·
1064 3548 1192 3616 possunt.
1208 3544 1298 3609 Quam
1312 3545 1676 3604 mutationemnonlicetin
1687 3549 1743 3606 ulia
1754 3563 1847 3622 proces

223 3651 297 3701 sum,
311 3649 394 3708 quem
402 3634 488 3692 etiam
494 3633 689 3690 refectorarius
695 3631 758 3706 pari
766 3631 894 3705 sequitur
901 3632 1021 3688 incessu.
1064 3633 1152 3702 sione,
1169 3633 1224 3688 nisi
1238 3631 1268 3687 in
1282 3634 1338 3686 tine
1348 3633 1419 3688 lieri.

224 3724 330 3781 Audito
344 3724 439 3796 itaque
454 3722 592 3796 cymbalo,
603 3723 706 3778 babes
721 3721 848 3778 ordinate
858 3722 888 3776 in
900 3721 1022 3778 relecto·
1372 3722 1489 3781 CAPUT
1508 3725 1553 3781 Ol.

224 3815 300 3872 rium
313 3813 477 3886 procedunt,
490 3819 518 3868 et
529 3812 577 3886 qui
589 3812 619 3867 in
630 3812 724 3868 eundo
733 3811 838 3868 dexteri
854 3817 928 3878 sunt,
943 3811 1024 3867 incli-
1148 3813 1262 3882 Quando
1276 3811 1379 3879 fratres
1390 3815 1470 3880 infra
1484 3815 1660 3871 collationem
1675 3819 1775 3872 bibam.

224 3909 296 3961 nant
309 3920 339 3959 se
354 3902 515 3976 cymbalum
529 3901 704 3974 percutienti,
711 3901 771 3974 ipse
786 3917 897 3973 quoque
909 3901 1025 3957 inclina·
1101 3901 1112 3924 ·
1132 3902 1204 3956 item
1219 3900 1440 3972 quotiescunque
1463 3901 1564 3958 lintres
1588 3905 1665 3961 inter
1689 3905 1847 3964 collationem

224 3993 439 4052 suanensem
465 3992 579 4068 plenum
607 3990 699 4064 erigit,
733 3990 898 4063 priusquam
926 4007 1024 4046 omnes
1063 3985 1173 4057 bibunt,
1191 3989 1266 4045 hunc
1277 3990 1473 4062 praescriptum
1487 3992 1615 4048 ordinem
1631 3996 1775 4052 tenebunt.
1789 3993 1848 4058 Quia

224 4083 450 4162 pertransierint.
466 4082 545 4137 Tunc
562 4079 648 4136 etiem
661 4079 748 4136 lector
763 4080 855 4136 eundo
865 4081 894 4134 in
904 4079 1022 4136 retecto·
1062 4095 1129 4134 vero
1143 4079 1171 4134 id
1186 4079 1293 4134 occasio
1307 4079 1416 4146 obtulit,
1429 4079 1530 4150 quibus
1544 4082 1595 4137 liat
1609 4085 1789 4158 temporibus,
1802 4097 1847 4137 non

226 4173 300 4233 rirun
314 4170 522 4246 neqneprirnus
533 4174 684 4244 totaeque
697 4169 721 4224 si
730 4169 839 4224 altioris
852 4175 895 4224 est
905 4168 1021 4236 ordinis,
1063 4170 1147 4226 debet
1159 4169 1280 4224 reticeri.
1296 4169 1329 4223 In
1343 4169 1474 4226 omnibus
1488 4170 1575 4240 festis,
1592 4190 1656 4246 quae
1673 4177 1790 4230 maximo
1803 4173 1849 4227 ritu

225 4261 320 4320 locum
334 4279 418 4318 suum
427 4265 529 4326 servat,
541 4258 590 4314 sed
604 4257 731 4314 ordinem
741 4259 789 4330 qui
800 4258 825 4314 ei
834 4259 908 4314 inter
916 4258 1023 4330 primos
1030 4307 1057 4369 υ
1066 4258 1253 4329 celebrantur,
1263 4258 1324 4329 ipso
1334 4257 1380 4311 die
1387 4265 1482 4314 sancto
1488 4259 1747 4334 infracollationem
1753 4263 1849 4324 bibunt

227 4357 331 4410 eventu
351 4349 480 4417 occurrit,
503 4349 533 4404 in
554 4347 733 4404 relectorium
762 4363 849 4418 usque
867 4352 954 4402 terret.
983 4347 1025 4402 lbi
1066 4349 1123 4404 sive
1142 4347 1266 4419 vigiliam
1278 4347 1382 4401 habeat
1395 4347 1448 4419 ipsi
1462 4348 1608 4420 festivitas,
1627 4353 1686 4410 sive
1701 4370 1766 4408 non.
1782 4349 1850 4416 Quod

227 4456 340 4516 qnoque
353 4455 463 4496 versum
481 4439 575 4513 legere
602 4437 687 4492 debet
711 4442 789 4492 stans
807 4455 812 4491 :
841 4435 972 4490 similiter
997 4441 1026 4490 et
1065 4439 1089 4494 si
1103 4437 1227 4509 vigiliam
1241 4435 1336 4502 habet,
1351 4435 1380 4490 in
1387 4453 1420 4490 eu
1434 4436 1490 4504 die,
1506 4455 1568 4510 quie
1583 4440 1709 4512 vigiliam
1722 4439 1850 4514 precedit,

227 4533 306 4584 totus
317 4533 470 4584 conventus
494 4529 636 4598 exspectat
661 4523 749 4580 donec
771 4523 898 4580 ordinem
925 4530 1025 4579 tenens
1065 4529 1166 4584 fratres
1181 4527 1255 4583 inter
1264 4524 1442 4582 collationem
1453 4524 1561 4582 bibunt.
1577 4529 1685 4588 Bibunt
1699 4533 1782 4586 etiam
1794 4545 1852 4600 quo

227 4631 467 4690 unumquemque,
481 4629 565 4686 quem
572 4613 718 4686 praeteriit,
735 4614 915 4668 inclinantem
936 4613 1025 4668 consi-
1066 4617 1229 4688 tiescunque
1243 4615 1273 4669 in
1286 4619 1383 4670 aestate
1397 4613 1427 4667 in
1441 4617 1564 4672 crastina
1579 4619 1625 4674 die
1640 4619 1852 4690 debentjejuns·

225 4707 319 4773 derat,
332 4722 350 4761 e
364 4721 419 4780 quo
431 4704 518 4759 etiam
527 4703 657 4758 innuitur
664 4703 692 4758 ai
706 4703 812 4762 statim.
826 4706 858 4757 ut
869 4702 954 4774 legat.
972 4703 1024 4757 Re-
1065 4722 1107 4776 re,
1122 4712 1150 4760 et
1163 4706 1272 4776 quoties
1289 4703 1406 4775 insuper
1426 4703 1514 4774 priori
1536 4707 1657 4775 videtur,
1682 4711 1724 4766 vel
1750 4713 1854 4782 propte·

226 4795 393 4850 tectorarlus
414 4798 511 4849 autem
532 4807 606 4860 mox,
623 4797 656 4847 nt
678 4808 773 4847 vocem
793 4791 913 4862 legentis
935 4791 1022 4858 audit,
1064 4794 1185 4852 nimium
1208 4793 1340 4861 calorem,
1363 4790 1406 4848 vel
1429 4800 1544 4866 propter
1570 4796 1734 4870 huiusmodi
1751 4811 1853 4854 cauam

224 4884 336 4940 scillam
351 4881 438 4938 semel
452 4897 537 4937 menn
547 4897 679 4937 resonare
698 4881 775 4952 iacit,
790 4880 926 4954 utendito
940 4881 1024 4951 hujus
1064 4883 1272 4951 rationabilem,
1283 4891 1312 4942 et
1327 4903 1416 4960 nsque
1431 4887 1466 4942 ed
1477 4885 1543 4942 ldus
1554 4887 1740 4960 Septembris.

224 4974 323 5030 sonitu
330 4971 457 5030 conversi
467 4987 499 5026 ac
508 4973 635 5043 juvenes,
646 4969 855 5044 quibuslrooest
864 4970 1020 5042 proprium,
1358 4977 1476 5034 CAPUT
1495 4978 1558 5035 cll,

221 5069 348 5134 surgam
361 5063 397 5118 ad
409 5060 628 5137 propinandum,
642 5059 817 5130 quibuscum
831 5060 890 5134 ipse
905 5059 966 5116 sine
980 5077 1024 5115 or
1233 5066 1269 5120 De
1279 5066 1410 5120 mascaro
1418 5069 1516 5134 prium
1524 5080 1691 5137 pauperiem.

226 5153 406 5210 diniuoorum
416 5148 651 5214 considerflfifflle,
664 5150 936 5221 Pf0ulflccesserinl,
946 5155 1023 5222 pate·
1100 5153 1172 5226 (oa.)
1187 5155 1283 5210 Brevis
1297 5154 1326 5210 in
1341 5155 1463 5226 capitulo
1477 5155 1617 5212 clauditur
1628 5173 1696 5212 cum
1710 5155 1754 5212 his
1764 5152 1852 5216 tribus,

226 5259 273 5300 res
287 5248 355 5314 potu
374 5239 542 5312 impleverit,
553 5243 582 5292 et
590 5238 642 5309 ipsi
657 5238 797 5305 similiter,
815 5245 898 5312 prout
914 5239 948 5293 ab
975 5240 1023 5295 illo
1065 5243 1159 5314 quiad
1174 5245 1369 5315 quotidianum
1384 5245 1548 5300 mundatum
1560 5251 1717 5302 notantur:
1734 5243 1804 5318 qnod
1817 5241 1856 5296 in-

222 5332 438 5388 receduutente
456 5328 587 5400 gradum,
607 5333 727 5400 unoque
749 5335 829 5398 parte
844 5327 946 5383 tabula
961 5346 1023 5402 qum
1065 5332 1184 5388 choatur
1200 5332 1229 5387 in
1246 5333 1337 5406 capite
1347 5333 1462 5404 jejunii,
1478 5340 1504 5389 et
1515 5335 1652 5406 perdurat
1667 5333 1797 5407 usquead
1809 5332 1856 5386 llu-

225 5417 554 5476 resectorinmdividitin
570 5418 697 5488 longum,
714 5415 756 5470 vel
778 5417 852 5472 alter
874 5423 937 5489 post
955 5419 1024 5473 alte·
1065 5421 1162 5476 lendes
1175 5421 1351 5476 Novembris.
1368 5421 1452 5476 Omni
1475 5423 1531 5491 die,
1554 5423 1610 5478 sive
1630 5439 1692 5479 una
1712 5423 1780 5488 vice,
1804 5419 1855 5473 sire

224 5524 288 5564 rum
299 5507 430 5562 steterint
442 5510 567 5562 extremo
579 5507 640 5578 jam
654 5505 852 5578 progrediente
862 5507 1024 5582 proximum
1064 5509 1173 5568 duabus
1186 5510 1359 5578 comedatur,
1370 5516 1437 5582 post
1449 5528 1557 5570 ocenum
1571 5515 1678 5584 agitur.
1703 5513 1777 5570 Sane
1795 5525 1855 5566 oon·
