3900 6168
229 258 282 324 755
693 263 742 350 nn
762 260 881 319 ornan
900 263 932 320 u.
952 258 1162 320 mursam
1181 256 1376 318 mennon.
1776 263 1818 321 rec

230 387 326 452 litorio
341 394 493 452 intercisis
508 393 578 458 Deo,
601 393 626 448 ct
646 393 678 446 in
698 395 776 450 terro
791 407 848 460 pos
870 387 1106 450 hominibusAad
1121 387 1310 444 Christianam
1330 385 1414 441 fidem
1428 386 1511 441 corde
1525 380 1702 442 Romanorum
1714 389 1826 453 accendit,

230 484 305 548 bona
318 484 477 538 voluntatis.
1072 479 1110 532 ito
1126 483 1154 532 et
1168 495 1218 550 per
1231 473 1574 548 gloriarestraestudium,
1584 474 1827 548 inhngiorumgente

266 565 372 642 Regem
381 569 762 626 nihilominusEthelbertum
771 567 829 644 [seu
841 567 1030 640 aldibertum]
1072 569 1134 639 ejus
1148 565 1367 622 misericordiam
1383 563 1548 620 confidimus
1558 565 1670 638 operari.
1684 565 1828 636 ldtqooniam

230 659 457 732 postlaudisona
475 657 566 725 initia,
582 657 765 714 sichortatur
793 658 947 713 blandiflua
975 659 1032 730 epi·
1072 654 1227 730 prudentiae
1241 655 1324 720 bono,
1341 653 1524 708 sicutrevera
1542 650 1706 720 Christiana,
1727 657 1752 708 et
1771 657 1829 709 recti

230 741 355 811 stolati).
368 740 454 806 (iano.
468 747 545 814 epist.
562 747 773 800 commonitorio
787 745 824 798 od
834 761 922 812 repent
937 745 1031 801 Ethel-
1072 747 1137 806 fide,
1148 745 1239 820 gloria
1258 751 1350 799 vestra
1365 741 1482 806 munita,
1496 747 1524 796 et
1543 741 1640 798 litteris
1665 741 1738 800 docta
1751 749 1795 806 est¹
1808 749 1830 797 et

233 834 350 898 bertum,
364 831 410 898 60,
426 831 587 904 l.1x).Eam
615 830 717 904 inquit,
732 833 853 904 gloriose
879 833 927 891 hh.
946 849 1030 904 quam
1073 836 1131 892 Deo
1145 837 1254 890 volente
1269 841 1366 907 aptum
1374 849 1449 887 nunc
1459 835 1625 906 tempusest,
1633 831 1702 900 agite
1712 835 1748 894 ut,
1757 829 1832 886 divina

232 918 365 993 accepisti
380 921 657 994 divinitusgratiam,
674 921 795 977 sollicita
809 921 1030 977 mentecustodi.
1070 926 1164 998 gratia
1190 928 1366 996 cooperante,
1389 937 1453 976 cum
1480 925 1629 992 augmento
1657 914 1756 992 possitis
1774 921 1831 992 quod

183 1019 186 1027 '
234 1011 423 1068 Christianam
435 1011 517 1074 iidem
527 1009 556 1066 in
568 1013 677 1084 populis
690 1011 741 1066 tibi
751 1011 870 1066 subditis
880 1011 1031 1066 extendere
1075 1015 1232 1086 neglectum
1254 1019 1296 1067 est
1322 1027 1463 1084 reparare.
1489 1009 1587 1081 Itaque
1611 1013 1725 1063 mentem
1742 1007 1834 1079 gloriosi

234 1101 346 1167 lestina,
362 1099 452 1155 zelum
473 1099 647 1155 rectitudinis
662 1108 717 1155 tuae
739 1101 768 1155 in
797 1117 892 1155 eorurn
918 1117 1031 1155 conver·
1075 1106 1201 1176 conjugis
1229 1101 1313 1157 vestri
1342 1102 1370 1154 in
1397 1099 1575 1156 dilectionem
1603 1097 1755 1152 Christiane
1785 1097 1834 1152 ndei

234 1187 314 1246 sione
328 1188 494 1261 multiplica,
514 1187 653 1252 idolorum
670 1190 762 1245 cultus
776 1191 934 1260 insequere,
957 1191 1034 1244 dano·
1075 1193 1270 1249 adhortatione
1285 1191 1398 1245 assidua
1412 1188 1551 1244 roborate.
1581 1187 1677 1242 Vestra
1697 1187 1733 1240 iili
1757 1185 1836 1240 sollici-

235 1295 300 1335 rnm
315 1279 432 1334 aedilicia
446 1287 548 1341 everte,
566 1278 742 1334 subditorum
758 1297 850 1334 mores
875 1279 904 1333 in
931 1295 1034 1350 magna
1074 1284 1142 1338 tudo
1156 1283 1184 1337 iu
1198 1285 1381 1352 augmentum
1395 1279 1423 1332 in
1439 1277 1497 1336 Deo
1512 1277 1614 1331 amoris
1627 1275 1836 1346 infundat3atquc

234 1367 298 1423 vitae
314 1367 454 1430 munditia
467 1369 639 1423 exhortando
664 1369 806 1434 terrendo,
820 1368 995 1438 corrigendo,
1008 1373 1036 1423 et
1077 1373 1116 1427 ita
1126 1373 1236 1426 animos
1247 1371 1308 1440 ejus
1318 1369 1403 1422 etiam
1415 1383 1464 1440 pro
1477 1363 1838 1436 subjectaesibigentispienis-

236 1455 302 1512 b0ssi
318 1455 410 1528 Operis
425 1458 550 1530 exempta
565 1458 758 1520 monstrando,
774 1457 881 1512 aedilicn
900 1464 931 1512 nt
954 1457 1033 1511 illum
1075 1463 1148 1516 sima
1162 1459 1343 1515 conversione
1358 1454 1519 1516 succendat,
1536 1461 1567 1509 ut
1583 1461 1610 1509 et
1633 1469 1755 1523 magnum
1771 1451 1840 1505 omni·

237 1543 435 1599 retributorem
446 1545 572 1600 invenias
585 1546 613 1600 in
628 1545 708 1604 toeio.
724 1547 805 1616 cujus
830 1562 932 1600 nomen
950 1553 1035 1616 atque
1076 1549 1183 1623 potenti
1196 1549 1254 1604 Deo
1267 1548 1301 1602 dc
1315 1545 1469 1600 devocionis
1485 1551 1584 1598 vestrae
1597 1543 1686 1598 studio
1701 1541 1838 1595 sacrificinm

237 1633 425 1704 cognitionem
440 1630 601 1688 dilataveris
614 1634 641 1687 in
661 1639 738 1687 terra
765 1635 828 1706 lpse
842 1634 916 1688 enim
937 1643 1035 1688 vestrae
1076 1639 1210 1702 offeratis,
1223 1643 1251 1691 et
1267 1653 1300 1690 ea
1313 1652 1374 1706 quae
1393 1635 1427 1688 de
1443 1634 1519 1688 vobis
1533 1639 1648 1688 narrata
1662 1635 1731 1694 sunt,
1747 1635 1771 1684 ct
1786 1645 1841 1682 cres

236 1720 333 1792 gloriae
347 1739 450 1776 nomen
464 1722 548 1776 etiam
563 1723 682 1796 posteris
689 1722 839 1792 gloriosius
854 1723 946 1777 reddit
957 1725 1036 1794 cujus
1046 1747 1067 1806 B
1077 1736 1142 1783 eant
1164 1733 1192 1781 et
1205 1742 1271 1780 vera
1281 1741 1341 1780 esse
1351 1724 1441 1778 modis
1456 1720 1777 1793 omnibusapprobeniur.
1791 1718 1841 1788 quit

237 1827 286 1865 ros
301 1811 436 1878 honorem
448 1811 620 1883 quaeritis,et
632 1813 781 1868 reservatis
795 1812 975 1884 ingentibus.
992 1813 1037 1867 Sic
1080 1818 1151 1872 bona
1165 1821 1266 1878 vestra,
1284 1830 1340 1868 non
1356 1813 1446 1868 solum
1457 1812 1599 1883 jamapud
1611 1807 1843 1879 Romanosprovioc

239 1897 314 1954 enim
326 1893 528 1956 Constantinus
541 1903 681 1974 quondam
702 1903 845 1976 piissimus
871 1903 1035 1974 imperator.
1078 1907 1179 1962 fortius
1193 1903 1405 1969 oraverunt,sed
1418 1903 1501 1956 etiam
1515 1919 1565 1973 per
1576 1901 1684 1954 diversa
1697 1900 1789 1957 locaet
1810 1911 1844 1948 ue

239 1979 398 2044 Romanam
413 1989 624 2061 rempublicam,
640 2007 656 2045 a
670 1991 806 2063 perversis
816 1991 955 2046 idolorum
977 1991 1038 2045 cul·
1080 2013 1134 2069 que
1149 1989 1420 2066 Constantinopolim
1437 1992 1472 2046 ad
1485 1990 1695 2048 serenissimum
1714 1985 1843 2060 principem

240 2075 316 2131 tibus
330 2093 471 2146 revocans,
489 2079 674 2160 omnipotenti
704 2081 771 2146 Deo,
798 2081 913 2135 homino
943 2087 1038 2134 nostro
1080 2087 1275 2157 pervenerunt.
1314 2081 1393 2136 Unde
1421 2081 1543 2152 petimus
1566 2085 1609 2145 ut,
1639 2077 1708 2132 sicut
1731 2074 1799 2129 nobis
1820 2071 1845 2124 de

238 2164 305 2221 Jesu
320 2159 441 2234 Christo,
455 2185 549 2224 secum
564 2166 697 2235 subdidit,
721 2186 806 2240 seque
821 2187 884 2224 cum
906 2169 1039 2236 subiectis
1080 2169 1301 2228 Christianitatis
1316 2177 1413 2224 vestrae
1432 2168 1539 2224 solatiis
1561 2166 1660 2226 laetitia
1673 2167 1742 2220 lacta
1753 2167 1797 2228 est,
1818 2161 1847 2214 itt

241 2251 362 2327 populis,
376 2253 436 2310 iota
446 2256 481 2311 ad
497 2273 560 2312 eum
575 2264 668 2312 mente
680 2259 826 2313 convertit.
842 2259 920 2314 Unde
936 2260 1040 2313 iactum
1083 2279 1194 2335 quoque
1210 2261 1244 2316 de
1261 2259 1385 2333 perlecta
1396 2259 1560 2330 operatione
1579 2263 1671 2311 vestra
1696 2252 1790 2324 angelis
1811 2251 1848 2303 fiat

243 2347 330 2399 estut
355 2345 535 2416 antiquorum
554 2347 713 2419 principum
727 2364 829 2404 nornen
853 2349 913 2403 suis
939 2349 981 2403 vir
994 2347 1041 2402 ilie
1082 2351 1216 2422 gaudium
1234 2349 1262 2406 in
1293 2348 1379 2402 coelis.
1407 2347 1452 2402 Sic
1472 2365 1520 2402 vos
1542 2348 1571 2401 in
1596 2344 1759 2416 adjutorium
1783 2353 1850 2408 supro

242 2433 512 2492 laudibushinceret.
524 2441 640 2491 ettanto
652 2437 1041 2509 inopinionepraedecessores
1083 2439 1178 2512 scripti
1199 2437 1416 2492 reverentissimi
1430 2437 1534 2501 fratris,
1554 2443 1585 2490 et
1599 2431 1747 2508 coepiscopi
1770 2428 1848 2488 nostri,

243 2539 318 2590 maor,
336 2525 520 2594 quantoetin
536 2525 608 2580 hono
624 2532 878 2598 operosuperaret.
907 2527 942 2581 Et
968 2543 1042 2582 nunc
1084 2535 1112 2583 et
1129 2544 1273 2582 servorum
1293 2525 1343 2580 Dei
1355 2543 1425 2597 quos
1439 2525 1506 2580 illuc
1520 2525 1650 2578 misimus
1666 2517 1852 2578 inconversione

244 2613 341 2684 itaqua
355 2619 447 2668 vasen
464 2613 554 2684 gloria
568 2615 754 2686 cognitionem
770 2596 853 2672 unius
867 2616 918 2671 Dei
940 2618 1042 2684 Patris,
1083 2617 1176 2689 gentis
1188 2623 1295 2676 vestrae,
1310 2615 1408 2670 devote
1421 2632 1454 2669 ac
1463 2614 1529 2669 totis
1543 2613 1649 2668 viribus
1659 2609 1786 2666 exhibete.
1796 2607 1853 2660 Utet

245 2707 275 2756 et
303 2701 377 2768 Filii,
407 2708 435 2756 et
454 2703 574 2773 Spiritus
609 2705 707 2772 sancti,
737 2705 849 2776 regibus
876 2721 908 2760 ac
934 2707 1044 2778 populis
1086 2708 1131 2762 hic
1145 2705 1264 2760 feliciter
1275 2719 1340 2760 cum
1353 2703 1476 2774 glorioso
1490 2703 1547 2758 hilo
1556 2700 1770 2769 nostroconjugo
1782 2701 1854 2748 vestro

245 2789 360 2851 sibimet
372 2791 515 2863 subjectis,
526 2791 639 2848 lmtinet
651 2793 810 2864 infundere,
827 2801 859 2850 ut
873 2800 901 2850 et
915 2795 1046 2866 antiquos
1086 2795 1221 2866 regnetis,
1238 2800 1266 2848 et
1279 2799 1342 2864 post
1355 2793 1440 2863 ionga
1463 2808 1603 2847 annorum
1620 2797 1750 2860 tempora,
1775 2785 1856 2838 iniere

245 2883 340 2968 geniis
354 2901 412 2948 suta
425 2900 505 2964 reges
517 2882 647 2940 laudibus
672 2901 704 2938 sc
729 2885 838 2940 meritis
866 2891 1003 2953 transeat,
1018 2889 1047 2940 et
1088 2901 1198 2957 quoqne
1212 2882 1316 2954 gaudia
1331 2883 1402 2946 vice,
1416 2897 1478 2953 qua
1504 2881 1590 2935 tinem
1615 2879 1717 2933 habere
1741 2873 1855 2933 neotum

248 2971 397 3048 quantem
414 2973 529 3046 sujectis
555 2971 613 3038 suis
637 2972 729 3033 aliena
748 2979 863 3047 peccata
885 2973 1045 3040 deterserit,
1087 2991 1150 3030 cum
1176 2973 1269 3027 fructu
1296 2977 1407 3026 aeternae
1436 2970 1573 3024 mercedis
1593 2967 1718 3040 capiatis.
1743 2965 1807 3018 Data
1824 2961 1859 3013 die

247 3070 328 3132 tanto
342 3064 426 3118 etiam
442 3067 476 3120 de
486 3064 606 3140 peccatis
633 3063 753 3136 propriis
768 3071 833 3118 ante
848 3061 1195 3136 omnipotentiscdecimo
1206 3059 1396 3116 Kalendarum
1415 3060 1563 3128 indiarum,
1580 3058 1734 3130 imperante
1748 3049 1859 3108 Mauricio

250 3155 300 3216 ilci
314 3149 441 3211 terribile
450 3173 569 3211 examen
579 3154 704 3214 securior
715 3154 774 3210 fiat.
787 3153 1046 3208 Reverendissimos
1087 3151 1219 3226 Tyberio,
1235 3165 1309 3204 anno
1320 3165 1393 3203 nono
1407 3149 1526 3204 decimo.
1545 3167 1557 3200 o

250 3250 345 3301 antem
360 3241 728 3316 fraternosterhugustinus
740 3244 769 3298 in
781 3241 1049 3312 monasteriiregula
1124 3275 1394 3345 Dehisefiamquae
1412 3275 1585 3329 Francorum
1612 3268 1745 3345 episcopis
1772 3262 1863 3334 scripsi,

251 3333 377 3400 edoctus,
393 3349 478 3393 sacac-e
492 3331 644 3410 Scriptura
664 3331 781 3388 scientia
809 3332 942 3405 repletus,
969 3330 1049 3385 bonis

252 3427 368 3481 auctore
383 3413 440 3477 Deo
456 3417 587 3498 operibus
602 3421 746 3494 praeditus,
763 3437 879 3493 quaeque
894 3438 941 3474 vos
957 3419 1051 3474 admo-

253 3515 311 3576 net,
328 3511 449 3566 libenter
465 3511 570 3578 audite,
585 3511 683 3564 devote
712 3511 847 3593 peragite,
871 3509 996 3564 studiose
1022 3507 1050 3562 in

254 3599 420 3659 memoriam
437 3607 586 3657 reservate.
608 3599 674 3672 quia
700 3599 724 3652 si
749 3615 797 3653 vos
820 3615 886 3653 eum
909 3597 982 3670 quod
1001 3613 1052 3670 pro

255 3684 448 3759 omnipotente
461 3687 519 3743 Deo
529 3688 655 3760 loquitur
665 3683 777 3754 auditis,
789 3687 862 3743 idem
876 3687 1053 3758 omnipotens

255 3769 331 3835 Deus
347 3779 422 3837 hunc
444 3794 494 3857 pro
519 3775 596 3831 vobis
610 3785 772 3838 exorantem
794 3778 912 3833 celerius
931 3775 1053 3832 exaudit.

255 3867 347 3924 Parva
361 3873 456 3934 autem
471 3866 553 3922 xenia
566 3867 721 3930 transmisi,
734 3885 794 3939 quae
809 3863 886 3920 vobis
897 3882 983 3939 parva
997 3881 1053 3918 non

257 3958 351 4020 erunt,
367 3973 431 4010 cum
446 3973 463 4010 a
477 3955 553 4011 vohis
566 3973 598 4010 ex
621 3955 696 4010 beati
711 3956 787 4011 Petri
811 3953 929 4032 apostoli
951 3951 1057 4008 luerint

257 4037 452 4108 benedictione
466 4049 605 4117 suscepta.
620 4043 805 4114 Omnipotens
816 4044 911 4114 itaque
928 4045 1009 4110 Deus,
1026 4045 1055 4097 in

256 4127 336 4192 v⁰bi⁸
361 4134 484 4208 gratiam
512 4151 593 4190 suam
608 4150 691 4206 quam
707 4133 801 4204 σοφίῃ
819 4134 954 4204 perflent*
971 4140 1056 4234 atqu?
1098 4167 1161 4234 mis,
1178 4171 1206 4219 et
1220 4163 1416 4218 communibus
1429 4163 1505 4222 iiliis.
1517 4161 1671 4218 Laurentio
1686 4156 1844 4232 presbytero,
1854 4155 1875 4200 et

256 4225 343 4292 vitam
359 4231 481 4280 miram
495 4229 523 4278 et
534 4224 580 4284 hic
594 4239 645 4305 Per
656 4223 808 4278 mmmmm
824 4237 961 4322 ⁰⁰¹¹(me
971 4239 1058 4324 αἰψ’
1099 4253 1204 4312 Mellito
1223 4251 1323 4308 abbate
1339 4251 1517 4323 praevidimus
1531 4243 1815 4306 transmittendam
1826 4239 1875 4294 ideo

258 4315 322 4380 ⁰⁰1³
337 4303 478 4381 ‘menda'
493 4319 521 4368 et
535 4317 598 4385 p⁰st
625 4311 708 4382 ¹⁰¹¹&
734 4317 862 4382 tempm
885 4327 913 4364 ¹¹¹
936 4311 1057 4365 ⁰oe¹⁰⁸t¹⁸
1099 4343 1264 4398 fraternitas
1277 4351 1368 4395 vostra
1380 4341 1556 4402 charitatem,
1568 4356 1656 4410 quam
1667 4330 1875 4400 denchexhibeat.

258 4419 307 4459 vos
322 4403 420 4481 patriai
434 4401 651 4474 ⁰⁰ngr⁰gati⁰ne
665 4401 809 4472 suscipiat'
827 4419 840 4452 ’³
1066 4383 1241 4490 DPraeterea
1257 4445 1319 4502 quae
1332 4430 1390 4501 regi
1401 4431 1574 4484 Francorum
1589 4426 1727 4484 Lethario
1741 4424 1774 4478 de
1788 4420 1877 4476 sancto

292 4489 427 4592 (ii‘fmsae
442 4506 554 4576 ‘¹¹¹⁰‘iue
568 4487 673 4560 “35¹¹ae
686 4489 796 4590 Berfhae
811 4488 873 4560 [aa
889 4486 1059 4560 Aldibregaei
1100 4539 1163 4578 rum
1178 4519 1363 4592 susceptione,
1385 4518 1563 4574 Brunechiidi
1577 4519 1613 4572 de
1643 4517 1769 4588 ipsorum
1794 4507 1880 4576 ubique

260 4577 358 4636 scribet
374 4579 439 4651 (aa).
455 4577 534 4633 Unde
547 4579 605 4639 haec
619 4592 828 4650 excerpsnmus:
849 4597 860 4629 v
878 4578 1057 4644 RemeanteS,
1100 4611 1113 4666 s

262 4663 465 4726 dilectissimus
480 4667 554 4722 filius
569 4673 666 4722 noster
682 4659 848 4723 Laurentius
859 4666 1007 4739 presbyter
1032 4673 1061 4722 et
1112 4611 1170 4712 usis
1182 4608 1333 4710 miraculis,
1346 4608 1481 4708 gratificis
1493 4607 1605 4680 scriptis
1617 4592 1880 4678 suggesseritinsuis

261 4750 361 4818 petrus
387 4756 551 4821 monachus,
585 4754 675 4836 qualis
703 4771 770 4826 erga
803 4709 1059 4812 reverentissimam
1101 4701 1225 4774 epistolas
1238 4699 1344 4770 liquide
1354 4699 1523 4754 clarescit.»
1837 4813 1842 4824 Ι

261 4835 378 4900 fratrem
395 4851 424 4899 et
435 4844 762 4917 coepiscopumnostrum
770 4843 958 4915 augustinum
969 4845 1062 4916 gioria
1138 4827 1203 4882 Haec
1220 4825 1315 4897 itaque
1338 4824 1497 4895 apostolica
1523 4819 1776 4878 commendationis
1796 4815 1885 4916 wop&

260 4938 354 4994 vestra
367 4933 506 4990 exstiterit
516 4939 677 5006 quantaque
691 4928 731 4988 illi
757 4934 867 4999 solatia,
883 4933 926 4988 vel
949 4937 1061 5006 qualem
1103 4917 1255 4975 anaante
1268 4931 1373 4986 regem,
1388 4919 1417 4970 et
1431 4915 1556 4986 reginam
1569 4929 1635 4970 cum
1651 4919 1763 4968 summo
1777 4907 1885 4962 antistite

262 5023 429 5090 charitalem
442 5021 620 5096 impenderit,
635 5023 803 5084 retulerunt.
828 5015 862 5078 Et
887 5024 1062 5096 omnipoten.
1103 5015 1163 5072 tuo,
1180 5020 1236 5061 non
1249 5007 1340 5061 solum
1354 5005 1448 5060 divino
1466 5003 1569 5076 gaudio
1586 5004 1777 5075 repleverunt,
1804 5005 1885 5047 rerum

1090 3367 1165 3422 idem
1194 3381 1266 3436 papa
1293 3363 1446 3420 melliliuus
1475 3363 1535 3418 haeo
1567 3379 1659 3434 paura
1690 3356 1863 3428 excerpsimus.

1095 3477 1106 3510 v
1133 3455 1212 3510 Sicut
1232 3453 1316 3526 ignis,
1330 3469 1399 3508 aura
1419 3453 1515 3518 flante,
1528 3454 1560 3508 lit
1576 3451 1720 3524 grandior,
1744 3447 1781 3504 ica
1803 3443 1864 3496 ivor

1092 3547 1196 3600 mentis
1226 3543 1321 3600 studia
1353 3542 1598 3598 commendatione
1631 3539 1783 3614 proliciunt.
1809 3529 1866 3596 Quid

1093 3636 1190 3707 igitur.
1200 3633 1395 3706 Redennptcris
1408 3631 1498 3688 nostri
1511 3632 1608 3703 gratie
1621 3631 1791 3701 cooperante,
1804 3625 1867 3674 tana

1096 3725 1131 3780 de
1145 3724 1300 3794 Anglorum
1320 3728 1405 3792 gente
1432 3721 1468 3776 ad
1487 3721 1658 3778 Christianae
1685 3716 1746 3774 aaa
1767 3709 1868 3786 gratian

1096 3808 1248 3864 multitudo
1263 3808 1444 3872 convertitur,
1460 3805 1744 3862 utrevercutissimus
1762 3801 1838 3854 irater
1849 3797 1869 3844 ct

1096 3899 1275 3970 coepiscopus
1288 3904 1384 3952 noster
1397 3896 1639 3968 Augustinus,eos
1654 3893 1703 3966 qui
1716 3887 1871 3946 seeumsvnh

1097 3988 1131 4044 ad
1143 3988 1195 4043 hoc
1214 4003 1284 4058 opus
1296 3987 1515 4058 exsequendum,
1526 3990 1638 4040 asserat
1653 3999 1709 4038 non
1724 3993 1798 4052 posse
1809 3970 1871 4026 sulti-

1097 4094 1171 4144 cere,
1191 4076 1349 4148 aliquantos
1365 4076 1399 4130 ad
1415 4092 1480 4130 eum
1495 4075 1649 4130 monachos
1665 4088 1728 4128 curn
1751 4057 1873 4124 dilectissi-

261 5121 320 5170 tem
337 5114 423 5176 Deum
436 5103 639 5172 benediximus.
656 5113 704 5186 qui
728 5113 939 5168 conversionem
966 5113 1061 5184 gentis
1104 5097 1189 5152 ‘iliam
1204 5097 1239 5150 fid
1258 5095 1382 5150 “Clima
1411 5108 1498 5166 regna
1523 5093 1686 5165 391)θῖθῦᾱῦ
1711 5081 1886 5145 lrhefflffl‘llus

261 5201 418 5280 ‚auglorum
428 5203 549 5260 mercedi
575 5209 672 5258 vestrae
696 5201 827 5274 dignatus
856 5207 899 5257 est
923 5203 1060 5276 propitius
1101 5184 1353 5259 ascenderuncp„
1367 5181 1580 5256 accenderunt]-

262 5311 415 5356 mservare.
438 5295 510 5352 Nam
539 5293 613 5350 sicut
638 5309 688 5371 per
717 5290 896 5347 recordanda
918 5293 1060 5348 memorie
1136 5285 1890 5364 intereahugustinusabecclesiastieoritudiscrepan-

261 5381 399 5442 Helenam
418 5390 537 5442 matrem
548 5382 665 5456 piissimi
679 5383 857 5438 Constantini
880 5381 1060 5454 imperatoris
1101 5389 1144 5440 tas
1169 5380 1313 5440 Britonum
1338 5382 1493 5454 pontifices,
1509 5380 1583 5452 regis
1600 5375 1776 5433 adminiculo
1789 5371 1821 5426 ad
1835 5365 1891 5422 alia·

261 5491 555 5635 (updllpxrtdippgignapn
571 5491 706 5548 Bertham
725 5491 828 5547 litterae
850 5491 884 5548 D.
908 5493 1047 5564 Gregorii,
1075 5493 1177 5570 quibus
1196 5491 1303 5564 gratias
1314 5487 1410 5557 habet,
1423 5503 1542 5562 eamque
1556 5485 1729 5542 adhortatur
1740 5481 1776 5538 od
1788 5477 1891 5535 meliora

250 5599 258 5608 -
315 5603 321 5617 .
399 5580 417 5634 p
458 5603 465 5618 .
499 5571 525 5616 a.
