3934 6174
72 327 111 388 201
392 317 433 376 IN
452 319 486 374 D.
508 319 615 376 PAULI
631 318 746 378 EPIST.
766 318 952 378 (thllssiN'l'.
970 347 1002 360 -
1016 316 1128 374 EPIST.
1151 317 1164 374 1
1182 315 1231 372 Al)
1250 317 1332 375 COR.
1627 315 1681 379 itt

73 447 185 520 turquod
198 463 228 502 ex
242 451 322 517 parte
331 450 375 502 eat
390 446 612 516 (Transsumptio
626 447 663 501 od
677 448 781 512 mium,
797 461 857 516 pua
869 450 961 500 tamea
970 443 1121 512 prosimili
1130 444 1237 504 sumiti.
1252 442 1323 498 cum
1333 457 1423 498 essem
1433 443 1577 515 parvulus,
1586 445 1685 518 loque-

74 538 115 592 bar
127 543 155 592 nt
163 535 300 608 parvulus,
316 534 461 606 sapiebam
476 539 509 590 ut
521 534 664 605 parvulus,
681 531 839 605 cogitabam
852 537 883 588 nt
897 531 1040 604 parvulus.
1055 531 1174 596 Quando
1188 536 1283 588 autem
1297 531 1462 589 lestussum
1477 533 1529 602 vir,
1543 534 1683 602 araurem,

73 629 145 695 aperi
155 643 173 681 a
185 642 235 692 me,
260 641 323 697 quae
338 629 421 680 erant
434 623 554 695 parvuli.
567 622 702 680 Videmus
717 638 791 678 nuuc
799 623 848 692 (ad
857 623 887 676 id
900 621 971 690 paud
980 621 1062 688 diait,
1074 636 1107 676 ee
1116 625 1198 690 parte
1209 621 1413 692 prophetamus)
1433 637 1484 693 per
1497 622 1644 695 speculum
1656 623 1688 678 in

74 715 221 786 enigmate:
237 713 264 768 9.
280 717 349 768 tunc
359 719 455 768 autem
468 712 548 779 facie,
560 727 665 780 reuera,
681 711 718 768 ad
731 711 840 768 faciem.
857 710 938 764 Nunc
949 709 998 773 (ad
1010 709 1041 766 id
1053 710 1127 778 quod
1140 711 1222 778 diuit,
1237 725 1271 766 uc
1280 716 1361 780 parte
1375 712 1574 786 cognoscimus)
1582 729 1686 784 coguo-

74 819 111 858 seo
121 820 149 858 es
162 806 256 874 parte,
270 807 337 856 tuuc
351 807 447 856 autem
461 815 639 872 cognoscam,
653 800 727 856 sicut
741 794 771 856 ct
780 798 908 870 cognitus
922 811 996 866 sum,
1018 803 1085 854 tuae
1095 801 1211 870 perfecte
1224 813 1382 869 copuescarn
1399 802 1494 867 Deuru,
1507 804 1579 857 ucat
1590 805 1687 872 capui-

76 899 110 946 tus
121 907 203 946 sumu
214 891 275 945 lieo.
290 889 487 956 Naucratem,
503 890 596 944 iubae
608 891 666 946 uita
680 895 791 947 tantum
804 893 920 948 monent
936 887 1016 958 tides,
1036 904 1112 961 apes,
1124 889 1256 960 charitas,
1272 889 1328 945 tria
1342 889 1411 946 haec.
1430 886 1472 947 10.
1491 891 1582 964 Major
1591 895 1688 949 antem

75 981 169 1048 horum,
182 980 357 1044 diuturnior,
373 994 442 1034 aam
458 983 483 1032 et
493 981 526 1034 iu
537 980 645 1048 futuro,
661 983 705 1036 eat
717 979 849 1036 charitas.

760 1141 878 1200 CAPUT
895 1141 971 1200 XIV.

105 1301 168 1380 Erpa
181 1300 339 1366 sectamini,
364 1301 467 1356 studete
483 1303 513 1355 ut
527 1299 649 1355 lubeatis
663 1298 839 1370 charitatem,
866 1299 1038 1356 emulamini
1063 1297 1202 1372 spiritalia
1219 1299 1388 1356 :desiderate
1411 1301 1572 1372 spirituales
1585 1305 1692 1371 pretias

77 1389 614 1461 Spieilmsaaeti,magisantem,quamut
624 1387 1695 1464 tinguisloquamini,utprophetotia.Quienimloquiturlinguasoilicetaudi·

79 1479 388 1547 loribusiaeognitamou
395 1477 555 1533 hominibus
564 1477 1079 1550 loquitur[simplerbeuum‚ipseenirn
1086 1481 1159 1533 selus
1167 1475 1365 1548 inteltipit)sed
1374 1477 1609 1548 De03nemoeuim
1616 1478 1697 1536 audit

77 1552 1699 1642 iturinutupa.1spiritissimusaloquiturmysteria3namquiprophetaturishominibusloquituradaedi.

77 1651 1503 1726 limtionem(dupteubonumletexhortatiouemetconsolatiouem.Quiloquiturhuguaaliisincognito
1513 1657 1697 1729 semetipsum

78 1751 192 1808 edificat:
202 1749 228 1800 si
242 1745 499 1812 turneniuteltipat:
512 1745 662 1815 quiantem
673 1744 830 1816 prophetat,
843 1743 995 1800 Ecclesiam
1005 1743 1056 1798 Dei
1067 1741 1195 1798 aedificat.
1204 1742 1274 1798 Volo
1284 1749 1381 1798 autem
1390 1761 1487 1800 omues
1497 1761 1544 1800 vos
1554 1746 1631 1817 loqui
1647 1745 1698 1804 lin·

79 1845 193 1916 guisiueu
201 1837 453 1904 dico,inpuit‚quia
462 1836 549 1888 uelim
558 1837 702 1903 uttinpuis
710 1834 1077 1904 loquamini,sedquiamata
1086 1831 1367 1902 uiproplutuupuou
1375 1833 1657 1906 dupliciterprodesll;
1669 1834 1696 1892 3.

80 1935 256 2006 unguentum
263 1923 519 1998 prophetareNam
528 1921 1006 1994 maiorest,rudiorisdiguitatis,qui
1012 1920 1314 1994 prophetasquamqui
1321 1921 1700 2006 loquiturlinguismisiiorte

82 2023 279 2092 interpretetur,
295 2013 363 2084 quid
372 2013 603 2081 direritexponit,
617 2018 651 2068 ut
669 2012 792 2068 Ecclesia
805 2011 1019 2066 edificationem
1033 2009 1160 2081 accipiat.
1171 2009 1197 2064 N
1199 2025 1253 2065 una
1267 2014 1373 2079 antem,
1388 2012 1500 2080 iratres,
1517 2013 1542 2069 si
1553 2030 1653 2070 renero
1664 2015 1700 2072 ad

82 2130 119 2168 ios
127 2107 227 2180 linguis
240 2105 317 2160 uobis
327 2103 476 2170 incognitis
490 2101 618 2172 loquens,
635 2102 703 2175 quid
719 2101 795 2156 vobis
810 2098 939 2173 prodero,
953 2099 1008 2156 nisi
1021 2099 1099 2154 robis
1112 2100 1222 2170 loquar,
1237 2103 1444 2170 interpretetur,
1456 2101 1539 2158 auti
1558 2103 1588 2160 in
1597 2105 1702 2162 revela·

82 2201 154 2264 hone,
165 2193 249 2254 autb.
265 2193 295 2248 in
310 2189 437 2256 scientia,
449 2187 532 2244 autb.
546 2189 575 2244 in
590 2190 749 2263 prophetia,
760 2195 809 2245 aut
818 2188 846 2244 in
856 2187 1003 2244 doctriua?
1017 2194 1113 2244 tamen
1121 2190 1307 2258 (expletivum,
1323 2189 1366 2245 uel
1378 2192 1703 2266 seitiectsimilitudiueru

81 2285 291 2358 pelleremque
301 2279 362 2335 siue
374 2277 546 2333 animasuut
560 2295 656 2334 vocem
669 2295 769 2334 sonum
782 2277 889 2344 dantia,
897 2275 954 2332 sive
963 2276 1033 2332 tibia
1040 2279 1254 2351 (tramsumplio
1263 2279 1300 2334 ad
1317 2280 1430 2350 amite),
1443 2280 1502 2336 sive
1515 2281 1635 2342 cithara.
1649 2267 1705 2342 uisi

82 2373 278 2430 distinctionem
293 2369 438 2425 sonituum
453 2367 582 2422 dederint
593 2368 660 2436 (aon
668 2373 806 2438 prosunt),
823 2367 963 2439 quomodo
973 2366 1078 2422 scietur
1088 2365 1117 2421 id
1132 2365 1206 2438 quod
1220 2366 1332 2422 canitur
1345 2373 1396 2423 aut
1406 2369 1481 2441 qbod
1490 2371 1705 2442 cytharizatur?

83 2468 230 2520 uulmteuus
249 2457 397 2532 insimili.)
413 2455 523 2511 Etenim
535 2456 558 2510 si
572 2457 711 2511 incertam
726 2473 821 2512 vocem
832 2458 880 2513 det
894 2456 970 2524 tuba,
988 2455 1052 2528 quis
1063 2453 1176 2528 parabit
1190 2471 1220 2511 se
1231 2455 1267 2512 ad
1279 2455 1405 2514 bellum?
1420 2475 1478 2515 uua
1491 2463 1609 2534 prodest,
1626 2477 1706 2520 aomo

84 2557 147 2608 mim
160 2555 196 2608 ed
210 2553 317 2606 bellum
329 2563 379 2618 per
389 2563 451 2602 eam
462 2551 651 2616 preparetur.
667 2547 712 2604 lta
730 2549 758 2618 (a
767 2550 867 2618 simili)
876 2552 962 2602 etrus
972 2543 1227 2618 perlinguam,nisi
1237 2547 1445 2615 interpretando
1455 2547 1636 2608 manifestum
1647 2567 1708 2610 aer-

85 2659 184 2699 monem
202 2637 341 2696 dederitis
354 2655 361 2705 ;
390 2635 530 2708 quomodo
544 2635 649 2692 scietur
662 2636 690 2692 id
705 2637 780 2710 quod
794 2636 917 2693 dieiturl
931 2635 1016 2692 Eritis
1029 2634 1106 2690 enim
1117 2633 1147 2690 in
1157 2649 1234 2701 aera,
1249 2637 1281 2691 iu
1293 2652 1407 2706 uanum,
1423 2637 1579 2709 loquentes.
1596 2638 1622 2698 7.
1639 2643 1709 2698 Tam

86 2735 164 2788 multa
178 2737 209 2788 ut
223 2734 297 2803 puta
310 2742 415 2798 genera
434 2725 595 2797 dugunnum
608 2725 713 2782 suntin
727 2726 780 2782 hoc
796 2725 911 2794 mundo,
928 2730 958 2781 et
971 2724 1050 2785 nihil.
1072 2726 1187 2780 uallum
1196 2739 1283 2792 aeuus
1297 2726 1710 2802 lineumsinerocemoeispro·

86 2826 199 2892 melate,
213 2825 270 2892 est.
291 2816 322 2873 Si
338 2831 405 2886 ergo
420 2819 447 2882 (a
460 2815 561 2878 simili)
573 2816 700 2871 nesciero
711 2815 853 2883 uirtutem,
870 2817 1086 2883 iutellipenliam
1102 2813 1185 2882 roem,
1202 2829 1250 2868 ero
1262 2815 1297 2882 ei,
1311 2815 1356 2872 cui
1369 2817 1478 2889 loquor,
1494 2816 1712 2895 ba1·barm,uou

87 2913 192 2981 prodero
205 2913 232 2964 ei
243 2911 291 2964 cui
307 2910 413 2975 loquor,
430 2907 458 2957 et
472 2902 519 2974 qni
529 2903 664 2975 loquitur,
679 2904 748 2960 mihi
760 2905 905 2961 barbarus.
935 2902 981 2958 Sic
1001 2907 1030 2957 et
1056 2919 1115 2969 voa,
1131 2903 1274 2974 quoniam,
1286 2907 1518 2976 quandoquidem,
1534 2907 1713 2964 aemulatores

90 3001 147 3055 estis
158 2999 326 3071 spirituum,
337 2995 533 3063 spiritualium
542 2995 689 3061 donorum,
706 2994 742 3051 ad
760 2994 973 3050 aediiicadouem
987 2990 1119 3047 Ecclesia
1128 2991 1246 3063 quarite
1259 2997 1291 3047 ut
1305 2995 1384 3048 iouis
1399 2997 1595 3064 spiritualibus
1608 2999 1714 3068 adeptis

90 3090 240 3146 abundetis.
259 3084 376 3150 Etideo,
391 3083 458 3152 quia
468 3084 615 3150 pumentia
626 3089 693 3140 saut
706 3087 778 3140 iona
789 3101 849 3154 pue
860 3087 988 3154 prosunt,
999 3081 1048 3154 qui
1064 3081 1187 3152 loquitur
1204 3081 1311 3154 lingua,
1330 3079 1359 3137 8.
1375 3087 1437 3139 oret
1450 3089 1483 3140 ut
1500 3084 1714 3157 interpretetur.

92 3181 292 3245 Namsiorem,
310 3182 419 3248 loquar,
434 3173 540 3246 lingua,
568 3173 683 3242 spiritus
707 3189 797 3242 mous,
813 3189 864 3228 eeu
878 3188 948 3234 meu,
962 3176 1035 3238 orat,
1050 3170 1140 3238 idest,
1157 3187 1202 3240 epa
1217 3173 1294 3227 uuiti
1305 3187 1431 3241 prosum,
1447 3189 1526 3230 mens
1539 3179 1635 3231 autem
1653 3192 1717 3233 mea

749 3321 1043 3385 COMMENTARIUS.

91 3485 158 3556 plata
171 3485 251 3557 quod
265 3483 407 3550 credebat,
423 3487 452 3538 et
464 3481 539 3554 quod
552 3479 694 3554 sperabat,
706 3481 831 3551 indepta.
890 3479 915 3538 A
927 3486 1022 3534 autem
1032 3475 1135 3548 duplex
1154 3475 1257 3534 bonnm
1268 3484 1329 3549 θεὶς
1345 3481 1422 3554 loqui
1437 3496 1501 3538 vero
1514 3481 1614 3556 lingua
1626 3489 1722 3560 incog-

121 3573 264 3632 itatum.
284 3575 359 3628 Taua
373 3577 466 3627 auam
489 3586 656 3640 oopuoseam.
676 3570 885 3639 Tuncoognos-
925 3566 986 3621 nita
998 3565 1052 3622 sibi
1066 3565 1180 3634 etaliis,
1206 3569 1337 3640 simplem
1367 3571 1441 3642 quod
1460 3577 1513 3638 est,
1529 3572 1577 3645 qni
1591 3575 1722 3633 animle·

93 3677 144 3717 cam
157 3663 395 3735 perlectelleum,
408 3660 480 3716 sicut
506 3659 636 3732 cognitus
658 3675 720 3714 sum
739 3657 840 3726 aDeo,
855 3656 883 3712 id
925 3655 1022 3727 quitur
1040 3654 1146 3726 lingua,
1169 3656 1286 3729 simplex
1310 3658 1415 3716 bonum
1442 3665 1495 3730 est,
1519 3663 1586 3735 quia
1602 3664 1662 3721 Deo
1684 3666 1725 3722 lu-

94 3753 285 3823 aspersam,
927 3744 1033 3816 quitur,
1060 3745 1259 3813 Dcotantum,
1283 3748 1435 3805 nonenim
1458 3750 1642 3822 bominibus3
1666 3770 1724 3812 non

122 3838 164 3898 ro.
178 3843 378 3912 asserentem
392 3839 495 3894 borum
511 3843 547 3893 est
561 3839 690 3894 ebaritas.
710 3838 781 3893 item
796 3839 887 3892 osteu—
927 3833 1003 3888 enim
1031 3832 1206 3905 intelligitur.
1223 3835 1276 3899 Qui
1291 3851 1358 3892 vero
1372 3840 1532 3912 prophetat,
1557 3842 1660 3914 duplas
1673 3843 1725 3900 bo·

94 3929 129 3984 dit
138 3931 287 3986 meliorem
301 3945 363 3984 esso
375 3927 541 3983 charitatem
555 3925 686 3982 omnibus
699 3926 762 3982 aliis
776 3923 857 3979 donis
878 3940 885 3990 3
927 3922 1089 3990 eumfacit,
1101 3922 1159 3978 Deo
1175 3923 1251 3978 enim
1266 3924 1392 3997 loquitur
1404 3933 1433 3984 et
1446 3929 1616 3986 hominibus.
1642 3933 1677 3988 Et
1690 3933 1725 3990 de

93 4033 151 4074 nam
165 4019 271 4076 malim
284 4022 329 4074 est
341 4016 407 4082 tide,
425 4032 474 4089 spo
489 4022 519 4072 et
543 4015 660 4082 euteria,
677 4020 720 4071 ost
733 4013 809 4068 enim
829 4011 888 4067 diu·
928 4011 985 4066 ulia
997 4011 1098 4084 specie,
1120 4029 1182 4084 quas
1196 4018 1248 4080 est,
1274 4014 1322 4086 qni
1343 4016 1469 4089 loquitur
1487 4018 1586 4090 lingua
1599 4021 1651 4076 sibi
1665 4028 1725 4078 tau-

94 4108 210 4177 tumion
225 4107 306 4164 unde
316 4113 375 4162 eta
390 4104 611 4176 precedentibus
622 4103 802 4176 principalem
826 4117 890 4157 oon·
929 4105 991 4156 tum
1003 4101 1123 4172 cognitu,
1137 4103 1234 4157 eadem
1249 4109 1501 4176 suntargumenta.
1531 4155 1534 4160 A

96 4195 175 4252 eludit
200 4197 399 4270 quaestionem,
421 4195 515 4251 dicens
529 4195 627 4266 :Ergo,
643 4194 710 4266 quia
723 4191 822 4248 melior
847 4195 890 4246 est
965 4191 992 4248 4.
1009 4193 1042 4246 ln
1060 4195 1234 4248 revelatione.
1246 4193 1388 4250 Revelatio
1401 4201 1453 4264 eat,
1464 4213 1521 4269 qua
1530 4213 1581 4270 per
1590 4197 1727 4270 Spiritum

96 4285 230 4357 omnibns,
241 4287 390 4341 sectamini
404 4285 577 4339 ebaritmem.
930 4286 1069 4348 sanctum,
1083 4281 1113 4336 iu
1127 4297 1295 4354 quocunqne
1306 4288 1442 4356 tempore,
1457 4285 1564 4358 aliquid
1576 4283 1669 4344 subito
1683 4289 1729 4346 in·

127 4375 202 4430 CAP.
218 4373 297 4432 nv.
308 4403 342 4416 -
357 4372 381 4430 1.
393 4371 517 4444 Spiritus
531 4377 624 4427 autem
637 4372 771 4440 loquitur,
793 4369 888 4438 idest,
931 4371 1050 4428 dicatur.

97 4463 233 4536 intedigit,
259 4463 335 4518 aiom
357 4463 387 4518 in
404 4461 572 4533 Evangelio:
591 4460 644 4528 (lui
657 4460 735 4514 babet
749 4475 892 4514 auresuu-
968 4460 994 4518 5.
1009 4463 1042 4516 ln
1052 4465 1178 4517 seierum.
1205 4460 1329 4518 Sciontia
1343 4467 1385 4518 est
1397 4463 1522 4536 cognitio
1533 4465 1628 4522 studio
1642 4471 1671 4524 et
1689 4468 1732 4525 in·

97 4553 185 4608 dieudi
209 4554 323 4620 mediat,
337 4551 366 4608 id
380 4555 432 4620 est,
447 4550 597 4622 intelligat.
611 4547 687 4604 Etiu
700 4549 889 4622 Apocalypsi:
933 4551 1042 4607 dustria
1060 4556 1233 4624 comparata.

97 4642 144 4708 Oai
153 4644 234 4698 tutet
250 4657 361 4706 aurern,
380 4641 490 4696 errarat.
970 4639 997 4703 6.
1013 4642 1046 4696 lu
1059 4643 1215 4712 prophetia.
1227 4641 1378 4714 Prophetis
1387 4644 1423 4699 de
1432 4645 1536 4702 futuris
1545 4651 1667 4718 teritum,
1681 4649 1733 4706 do·

127 4731 315 4802 hleepuitur.
335 4731 368 4786 ln
385 4728 448 4802 ipsa
468 4727 609 4799 incognita
634 4727 740 4798 lingua,
771 4726 893 4800 Spiritus
934 4730 1026 4786 ctrina
1038 4730 1274 4801 gauusomnium.

25 4885 26 4889 Ἰ
98 4827 215 4889 saman,
232 4818 403 4892 loquebatur
412 4817 556 4892 mysteria,
563 4816 592 4872 id
606 4821 659 4884 est,
675 4815 826 4888 allegorica
834 4815 930 4875 νει-Β
972 4820 999 4874 l.
1021 4821 1086 4874 Pam
1100 4823 1198 4887 multu,
1222 4825 1255 4874 ut
1273 4825 1353 4890 putu.
1377 4821 1464 4886 Quasi
1474 4822 1580 4880 diceret
1594 4849 1600 4884 :
1615 4826 1679 4883 Non
1692 4834 1735 4886 est

97 4907 136 4974 ba,
157 4926 221 4980 quae
237 4925 323 4964 nemo
343 4906 528 4980 intelligebat,
543 4905 599 4962 nisi
614 4905 663 4979 qui
672 4905 794 4977 gentiam
808 4905 897 4962 iuter·
940 4907 1100 4964 mirandum
1114 4909 1138 4964 si
1150 4924 1200 4981 per
1212 4908 1337 4980 linguam
1348 4909 1432 4965 datur
1445 4927 1538 4969 sermo
1551 4930 1606 4970 nou
1621 4915 1737 4973 munde-

97 4999 221 5069 pmtandi
243 4996 379 5056 habebat.
940 5003 1000 5054 stus
1013 5015 1020 5065 3
1041 4997 1108 5070 qnia
1122 4998 1250 5054 videlicet
1263 4999 1352 5054 multa
1366 5005 1556 5072 antigonam,
1573 5009 1602 5058 et
1615 5005 1686 5061 nihil
1705 5006 1738 5060 il-

125 5087 254 5157 3..llapis
271 5092 364 5142 autem
383 5088 557 5158 prophetare.
587 5084 798 5156 Magisdebatis
813 5099 897 5156 appe·
940 5087 1032 5143 lorum
1047 5087 1173 5159 estquod
1182 5103 1238 5142 uon
1250 5087 1354 5143 habeat
1374 5089 1516 5161 propriam
1534 5097 1563 5146 et
1576 5091 1736 5149 distinctum

97 5181 149 5232 tae
161 5176 349 5249 prophetare,
361 5191 447 5248 quam
458 5174 665 5248 loquiliuguis;
683 5174 834 5247 namloqui
849 5173 901 5229 lin-
943 5194 960 5232 a
974 5176 1081 5232 calens
1094 5192 1202 5236 vocem.

98 5281 147 5334 gm
158 5264 309 5336 incognita
322 5263 376 5320 sibi
390 5269 419 5320 et
432 5264 506 5330 aliis,
528 5268 556 5319 et
571 5264 649 5336 loqui
670 5263 768 5335 lingua
790 5264 904 5335 cognita
979 5263 1006 5322 8.
1022 5266 1084 5322 Oret
1112 5269 1144 5320 ut
1164 5269 1372 5334 interpretetur,
1388 5266 1417 5322 id
1432 5271 1483 5334 est,
1497 5269 1638 5340 intelligat
1648 5270 1739 5342 ipsam

100 5353 145 5408 sihi
158 5361 290 5418 nutum,
301 5353 415 5410 tertiam
430 5354 564 5426 speciem,
579 5353 657 5427 loqui
671 5353 777 5424 linguis
788 5358 821 5408 nt
834 5353 904 5410 alios
946 5355 1083 5425 liugnam,
1100 5361 1129 5409 et
1141 5355 1181 5409 sio
1196 5363 1327 5428 exponat.
1343 5355 1513 5428 Plerumque
1532 5357 1606 5412 euim
1621 5358 1743 5430 Spiritus

102 5441 244 5504 docerent,
257 5458 313 5497 nou
326 5443 498 5516 appetebant
511 5443 564 5515 ipsi
579 5442 669 5514 primo
680 5459 766 5499 uuarn
780 5443 904 5514 speciem
946 5443 1113 5516 loquabatur
1125 5460 1175 5514 per
1189 5461 1220 5500 os
1243 5444 1365 5499 hominis
1379 5450 1512 5500 extranea
1529 5445 1636 5516 lingua,
1658 5454 1687 5504 et
1701 5455 1742 5506 ta·

108 5529 180 5604 loqui
195 5533 300 5604 lingua
309 5532 452 5605 incognita
464 5533 517 5588 eibi
530 5538 560 5589 et
571 5533 645 5590 aliia.
667 5532 776 5604 Duplex
800 5532 906 5588 bouum
945 5549 1010 5588 meu
1023 5533 1107 5588 honio
1118 5547 1174 5590 non
1196 5531 1372 5604 intelligebat
1385 5532 1475 5604 ipsam
1488 5533 1625 5605 lingnam,
1642 5544 1692 5594 ant
1714 5538 1744 5596 in

104 5623 194 5693 ungis
206 5621 454 5694 estappetsndam
468 5635 553 5694 qnam
578 5621 717 5694 simplem
736 5621 906 5695 prophetare
945 5619 1113 5695 ipsaiingua
1125 5620 1387 5696 mysteriaprolata.

218 5722 357 5785 Person.
381 5722 443 5784 GL.
1609 5727 1630 5786 't
