3872 6162
91 235 141 295 ine
579 210 809 298 ¹consrrrur.
829 239 1000 300 HIRSAUG.
1022 278 1054 288 -
1073 249 1142 306 ne.
1163 253 1185 308 r.
1637 273 1706 333 1034

23 371 24 382 ¹
89 361 225 421 lariorum.
250 361 316 419 liuae
338 363 497 422 tabuleead
522 367 663 433 scutellas,
688 382 746 421 una
767 365 795 420 in
811 365 1143 440 quaavesperosstatim
1154 381 1705 464 mutatisdiurnelibueagitur3sitamen

87 455 209 524 ponantur
231 457 296 523 post
310 453 489 509 refectionem
510 460 654 526 utcunque
679 455 790 510 lavata:
825 455 868 509 al·
909 465 1018 514 nonest
1030 465 1214 537 coenandum;
1231 470 1314 527 debet
1323 479 1466 547 praeniitti,
1479 481 1600 542 officium
1613 491 1703 563 sequi,

87 540 171 596 terain
191 557 245 612 qua
269 541 402 605 diluculo,
430 560 493 615 quae
521 545 556 599 ad
585 545 739 617 perlectum
765 543 869 599 debent
908 547 992 603 etiam
1008 549 1031 604 si
1040 551 1102 623 ipsa
1112 553 1182 610 hora
1192 557 1352 629 hujusmodi
1361 566 1451 623 brevis
1461 575 1641 644 superveniat
1654 594 1704 650 pro

86 647 132 685 esse
144 631 248 685 lavata.
268 630 330 686 Duo
343 633 451 698 sedilia,
470 650 531 704 qure
545 635 642 688 boiscos
660 634 744 704 vulgo
768 633 866 705 appel·
909 640 1072 706 quaomnia
1090 641 1171 714 signa
1185 645 1269 702 simul
1290 651 1394 720 pulsari
1412 657 1541 714 debeant.
1554 661 1662 719 Verum
1677 672 1706 721 et

86 720 219 787 lant;una
249 720 320 775 setta
340 721 515 792 quadripoda
546 727 575 777 et
597 721 757 791 summissa,
782 739 867 794 super
907 723 1133 786 ‹iiuraaiessacta
1148 737 1303 792 nrumtione
1315 740 1344 794 in
1357 742 1511 802 claustrum
1528 758 1595 806 sunt
1621 770 1705 827 repo·

86 827 152 882 quam
165 816 289 882 ponatur
297 827 388 883 cuppa
403 829 467 865 cum
482 813 613 882 oleribuS,
633 815 745 885 quando
760 818 827 869 sunt
837 815 866 869 in
907 813 1001 869 nendi.
1016 818 1087 882 Quia
1102 822 1196 876 nullus
1211 824 1265 879 nisi
1280 843 1372 899 nuper
1385 833 1511 892 minutus
1521 839 1704 898 debetdimit·

85 899 219 953 caldarium
234 899 383 955 mittenda.
395 901 458 955 Una
467 907 558 972 petra,
575 901 659 957 etiam
675 906 766 974 maJ'or
780 920 865 976 quarn
906 906 976 968 tere,
992 905 1049 960 sive
1063 924 1133 980 opus
1147 912 1194 980 sit,
1210 915 1267 970 sire
1282 933 1347 984 non,
1358 921 1425 991 quin
1440 925 1645 996 aliquantulum
1655 949 1704 988 eos

85 987 189 1051 notaris,
204 989 492 1060 superquamiterum
508 991 622 1064 ponitur
632 992 797 1056 caldarium,
808 993 866 1046 sire
906 990 1003 1047 abluat
1011 1013 1018 1063 ;
1027 997 1228 1066 quiahectatis
1240 1009 1412 1066 consuetudo
1424 1015 1580 1087 errantique
1590 1026 1703 1090 patrum

85 1076 129 1130 sint
140 1075 216 1143 tabae,
240 1077 298 1132 siro
317 1079 404 1146 olera,
421 1095 482 1151 quae
502 1080 750 1146 administr·antur;
776 1081 866 1135 attera
906 1079 1083 1139 institutione
1099 1090 1219 1144 tenenda
1233 1099 1276 1148 est
1284 1097 1373 1166 magis
1384 1101 1601 1169 prohumilitate
1618 1127 1703 1180 quam

85 1182 246 1237 superquam
260 1171 289 1221 et
303 1167 392 1222 altera
404 1185 496 1240 cuppa
509 1169 666 1240 poniturde
677 1170 863 1242 quascutetlas
906 1186 955 1240 pro
970 1175 1146 1231 necessitate.
1163 1179 1234 1234 Narn
1257 1190 1324 1238 sunt
1342 1189 1468 1244 nonnulli
1483 1195 1572 1249 nostri
1595 1199 1702 1255 ordinis

83 1255 194 1308 lavantur
206 1255 282 1310 inter
295 1256 486 1310 reficiendum.
503 1257 582 1312 Unus
592 1258 665 1312 tollis
690 1258 725 1312 ad
749 1258 863 1313 susilan·
903 1261 1176 1325 eatahumilitatis.
1191 1275 1221 1323 ut
1242 1273 1381 1328 staminea
1412 1293 1463 1332 sua
1489 1286 1517 1334 et
1543 1284 1599 1338 alia
1616 1287 1702 1342 resti·

84 1345 136 1398 don
145 1345 248 1415 ignem
267 1344 361 1400 Unum
381 1333 536 1400 ilabeilurn'
548 1345 700 1402 vimineum
725 1347 760 1402 ad
777 1349 863 1402 renti·
904 1355 999 1402 menta
1013 1367 1157 1424 nunquam
1173 1357 1208 1411 ab
1221 1359 1276 1414 alio
1292 1378 1443 1434 quoquam,
1456 1368 1511 1424 nisi
1525 1387 1541 1425 a
1555 1373 1653 1445 seipsis
1663 1376 1703 1430 la·

82 1433 188 1487 lendum.
208 1432 287 1488 Unus
301 1438 401 1487 contus
416 1433 450 1488 ad
467 1434 706 1505 subportationem
725 1435 863 1490 caldario·
903 1436 962 1490 rari
974 1440 1126 1508 patiantur.
1142 1445 1275 1502 Attamen
1288 1451 1340 1504 soti
1353 1453 1556 1523 obedientiarii,
1584 1463 1632 1533 qui
1650 1481 1701 1536 pro

82 1537 131 1575 run
140 1540 145 1588 ;
155 1521 227 1576 alter
238 1521 553 1592 adigitisdirnotionem.
565 1524 644 1579 Unus
653 1522 759 1578 canalis
769 1524 797 1578 in
808 1541 863 1595 qua
903 1525 998 1597 aliqua
1008 1537 1175 1588 necessitate
1185 1541 1282 1607 postea
1295 1547 1361 1595 sunt
1374 1543 1474 1599 exituri
1487 1546 1631 1606 diurnales
1644 1570 1700 1609 non

82 1610 443 1682 liririnmsemperhabetar,
454 1617 568 1683 propter
578 1630 677 1668 manus
689 1614 862 1686 trequentius
902 1613 1027 1683 mittant,
1041 1619 1090 1673 sed
1106 1623 1233 1694 corrigiis
1248 1626 1319 1682 infra
1338 1634 1499 1702 compositis
1515 1653 1578 1692 curn
1594 1640 1701 1698 eisdem

82 1699 204 1754 brandus.
224 1699 286 1754 Duo
301 1715 413 1772 quoque
426 1699 540 1770 tigroni,
556 1704 674 1774 uterque
689 1702 723 1756 de
732 1702 892 1777 tribusli·13
902 1703 988 1758 etiarn
1002 1708 1134 1764 mandato
1148 1711 1297 1771 intersunt.
1316 1717 1364 1773 nst
1377 1727 1472 1776 autem
1484 1730 1657 1786 consuetudo
1667 1737 1700 1787 ut

80 1788 199 1858 gnislicet
211 1787 482 1860 imparibusangulis
495 1789 552 1845 sint
562 1790 637 1856 iacti,
650 1790 735 1862 quiin
746 1792 860 1846 modum
902 1809 966 1847 cunr
981 1795 1064 1850 calcei
1074 1797 1115 1852 ite
1133 1798 1306 1859 inmanibus
1323 1813 1481 1878 portantur,
1505 1821 1619 1872 extenso
1634 1817 1699 1875 bra·

80 1879 198 1932 ostiomm
207 1878 262 1933 huc
275 1883 304 1932 et
313 1877 491 1933 illucversari
500 1885 626 1950 possunt.
638 1880 860 1951 lnhispendent,
902 1880 965 1935 chio
974 1899 1024 1954 per
1033 1885 1157 1956 corrigas
1172 1892 1282 1945 tanturn
1298 1898 1439 1967 tenantur,
1455 1899 1498 1955 ita
1511 1908 1543 1956 ut
1557 1903 1631 1960 inter
1642 1922 1701 1962 ma·

80 1973 174 2034 artene,
185 1967 289 2038 quibas
301 1967 425 2023 caldaria
435 1969 655 2040 suspendantur,
666 1971 860 2041 suspensaim·
901 1985 970 2024 num
980 1974 1118 2042 portantis
1131 1980 1160 2030 et
1171 1978 1277 2034 calceos
1297 1981 1486 2054 dependentes
1513 1993 1594 2063 quasi
1615 1995 1700 2051 unias

78 2056 172 2125 plentur
185 2075 262 2130 aqua
272 2076 360 2131 prope
373 2059 585 2131 aqueductum,
597 2059 860 2116 etitadcducuntur
899 2056 986 2112 cubiti
996 2061 1033 2114 Sit
1045 2061 1236 2120 intervalium·
1252 2068 1328 2125 Lotis
1342 2088 1408 2143 ergo
1419 2075 1537 2146 pedibus
1547 2087 1575 2135 et
1585 2081 1700 2138 diurna-

79 2145 166 2216 ahsqoe
177 2147 275 2202 labore
289 2165 379 2219 usque
392 2149 591 2222 superignem.
898 2145 972 2202 libus
986 2149 1190 2224 aliquantisper
1201 2154 1304 2212 ablutis
1318 2160 1342 2214 si
1355 2162 1399 2216 oui
1423 2164 1492 2220 libet
1519 2183 1628 2240 ungues
1652 2189 1700 2246 pe-

106 2235 858 2310 Seiendumquoquequodpronulianccessitatealiud
899 2233 967 2289 dum
993 2253 1129 2307 resecare,
1157 2243 1210 2298 hoc
1239 2245 1266 2300 in
1287 2250 1385 2304 eodem
1407 2252 1467 2308 loco
1490 2255 1572 2313 debet
1604 2259 1698 2316 faeere

77 2321 131 2392 quid
143 2324 273 2396 coquitur
286 2326 315 2380 in
329 2327 448 2398 coquina
467 2327 600 2398 regulari,
623 2335 725 2400 praeter
738 2329 816 2384 fabas
830 2335 859 2384 et
899 2323 1002 2396 quippe
1016 2328 1061 2381 cui
1073 2335 1140 2384 tunc
1154 2335 1289 2404 temporis
1314 2339 1457 2396 cultellum
1474 2343 1510 2398 ad
1533 2345 1586 2401 hoc
1605 2349 1697 2405 solum

75 2411 146 2476 olem,
159 2430 212 2468 nec
236 2414 322 2470 etjam
345 2415 421 2470 aliud
443 2433 533 2487 genus
552 2417 711 2488 leguminis,
729 2421 740 2442 ·
756 2419 810 2475 sed
833 2419 858 2474 si
898 2428 992 2467 secum
1013 2423 1126 2486 portare
1145 2423 1333 2491 permittitur:
1347 2429 1395 2484 sed
1411 2435 1439 2485 et
1461 2449 1556 2490 soccos
1569 2435 1608 2491 ibi
1630 2443 1698 2494 tunc

75 2499 250 2571 mbaedegum,
260 2503 858 2580 pfflfgtumtameneufsumetpsalfflodinm
899 2507 1030 2557 excutere
1040 2509 1212 2569 conceditur.
1229 2513 1279 2567 His
1293 2519 1387 2572 autem
1403 2522 1533 2590 peractis,
1553 2541 1610 2581 aon
1635 2545 1697 2584 nro·

72 2587 102 2642 ibi
115 2597 226 2647 cantare
240 2609 295 2648 non
307 2593 459 2663 omittunt;
474 2595 542 2666 quia
556 2597 632 2651 aliud
646 2597 791 2670 multiplex
801 2615 859 2652 ser·
899 2597 999 2647 Pantul·
1012 2594 1119 2650 0810608
1132 2613 1195 2654 ‘illm
1223 2601 1320 2658 culitis
1345 2607 1381 2660 ad
1404 2608 1507 2665 licium
1528 2619 1652 2684 Ρθΐῐθΐθ,
1668 2624 1698 2673 ei

73 2678 158 2734 vitium
169 2698 228 2736 non
243 2681 312 2736 sinit
326 2700 374 2738 eos
389 2701 498 2752 vacare,
514 2689 546 2739 ut
560 2691 602 2740 est
630 2687 707 2741 socos
729 2687 858 2742 nutrien-
900 2695 964 2733 m⁰x
976 2682 1125 2739 redeuntes
1144 2687 1172 2741 ln
1187 2689 1340 2746 Cliusil'flffi
1356 2711 1456 2750 manus
1482 2699 1585 2769 laifini,
1615 2709 1644 2758 ei
1671 2706 1695 2760 Si

72 2765 123 2833 dos,
132 2786 207 2841 aqua
216 2771 252 2826 ad
260 2771 431 2827 ablutionem
443 2773 631 2829 caldariorum
642 2777 857 2832 etscutetlarum
899 2768 1020 2824 Officium
1036 2772 1231 2832 defunctorum
1249 2795 1304 2834 non
1318 2789 1361 2836 est
1375 2787 1525 2856 agendum,
1541 2793 1697 2860 percussio-

72 2856 222 2925 calefienda,
237 2859 335 2915 lardus
350 2878 413 2915 curn
429 2862 551 2917 oleribus
566 2865 736 2935 coquendus,
748 2883 780 2920 ac
795 2870 859 2938 post
899 2873 962 2912 nem
977 2859 1079 2917 babillae
1095 2862 1131 2917 ad
1145 2867 1318 2935 mandalum,
1336 2871 1393 2926 Sile
1405 2875 1525 2944 cymbali
1539 2879 1574 2934 ad
1597 2879 1696 2937 biben-

73 2944 128 3000 inde
141 2948 442 3019 saginaexprimenda,
459 2957 597 3007 ctcaetera
611 2953 654 3008 his
667 2954 779 3022 similia,
796 2972 857 3028 quae
899 2946 977 3018 dum.
990 2949 1014 3002 Si
1027 2966 1084 3004 ¹1⁰ss
1098 2955 1277 3022 coenalerissb
1294 2959 1329 3013 ad
1355 2961 1457 3018 lectum
1480 2966 1610 3024 sedentes
1630 2985 1695 3026 cum

70 3032 121 3103 ipsa
133 3038 285 3092 necessitas
299 3038 402 3094 melius
417 3040 499 3095 docet
512 3057 568 3096 „011
588 3043 837 3113 praemittenda,
898 3051 1009 3091 sumine
1023 3037 1134 3095 silentio
1148 3050 1319 3114 exspectant.
1338 3048 1368 3102 Si
1382 3057 1532 3124 erutern„nt
1544 3056 1696 3129 aliquando

100 3126 514 3194 (u0‚)03,t0,ums„1,aeefiam
538 3131 649 3202 quando
671 3132 710 3186 ita
725 3139 857 3189 sumno.
897 3123 1019 3196 hyemali
1029 3132 1155 3200 tempore
1180 3133 1328 3205 contingit,
1359 3141 1534 3197 coenantibus
1557 3146 1696 3203 ministris

70 3213 144 3280 seuae,
158 3221 187 3270 eq
201 3216 435 3289 proquibusdam
458 3218 565 3273 deficiis
584 3237 647 3275 cum
668 3221 765 3294 pipere
790 3240 856 3279 con.
897 3215 1183 3285 propterinstantiam
1197 3222 1318 3277 noctise
1334 3233 1470 3284 conventu
1485 3231 1568 3287 lectio
1581 3233 1696 3292 interim

70 3299 183 3370 diuntnr,
197 3322 255 3360 non
266 3323 283 3360 a
294 3305 427 3362 iratribus
439 3309 487 3362 sed
499 3308 638 3364 aiamulis
647 3317 815 3384 coquuntur.
826 3314 859 3368 ln
899 3301 996 3358 haberi
1010 3320 1066 3360 ¹¹⁰ss
1079 3311 1180 3378 P⁰i0³ia
1196 3313 1320 3368 accensis
1342 3315 1495 3374 luminibus
1520 3321 1551 3377 in
1574 3325 1696 3396 capitulo

68 3389 119 3458 iffi
130 3395 254 3465 coquina
277 3395 400 3466 regulari
428 3395 548 3469 scriptor
571 3404 693 3468 tantum,
717 3401 742 3455 si
765 3401 859 3458 ingan.
898 3391 1001 3447 tabulro
1014 3397 1156 3466 percussio
1166 3406 1352 3476 exspectatur.
1367 3405 1551 3466 Postcoenam
1565 3429 1629 3468 vero
1645 3414 1697 3470 ini·

71 3485 133 3534 dum
148 3481 223 3552 (118)
236 3486 595 3557 temperarerotuerit,non
609 3489 783 3560 prohibetur,
797 3499 824 3547 et
834 3494 859 3548 si
899 3481 1101 3540 nistrorunrrei
1116 3503 1295 3545 communem
1309 3492 1473 3552 bibitionem
1485 3498 1610 3572 inquiret
1619 3502 1698 3574 prior

69 3569 122 3637 quis
135 3573 258 3628 voluerit
271 3574 378 3630 calceos
391 3593 457 3632 suos
470 3594 587 3648 ungere,
600 3579 858 3652 providebithoram
900 3571 1029 3627 adomno
1039 3573 1148 3643 abbate,
1159 3577 1183 3632 si
1195 3580 1406 3639 velitmandato
1423 3585 1570 3644 interesse.
1585 3591 1635 3647 llio
1648 3609 1696 3648 au-

69 3667 279 3731 competentem,
294 3663 322 3718 id
337 3672 380 3720 εει
401 3665 540 3723 inaestate
552 3675 616 3724 ante
636 3670 766 3742 primam,
783 3655 858 3728 epis,
900 3662 1028 3718 ternsire
1050 3666 1160 3721 volente
1182 3667 1240 3724 sire
1269 3672 1390 3741 nolente,
1415 3675 1493 3747 prior
1518 3685 1614 3736 tamen
1640 3698 1697 3738 non

66 3745 157 3817 hyeme
171 3760 242 3807 ante
257 3753 382 3822 tertiam,
398 3761 427 3810 et
440 3756 465 3810 si
481 3757 669 3814 meridianum
683 3777 740 3815 non
752 3762 857 3834 egitur,
900 3750 1006 3806 millii
1021 3751 1145 3808 tabulam
1160 3763 1315 3826 percutere·

65 3845 119 3905 post
132 3857 239 3896 nonam
252 3861 259 3909 ;
274 3843 298 3896 si
320 3848 415 3898 tanam
430 3847 579 3902 servitores
593 3866 649 3903 non
668 3849 774 3905 liabent
798 3869 859 3906 am·
1216 3845 1334 3903 CAPUT
1352 3847 1383 3904 C·

63 3925 126 3995 ptius
137 3930 352 3987 administrare.
366 3934 452 3990 Pueri
467 3953 579 4008 quoque
605 3938 736 3995 candelas
757 3941 860 4012 quibus
1133 3934 1167 3987 ⁰⁶
1182 3936 1314 3990 'dalidam
1327 3939 1462 4004 smit'tlm·

62 4031 122 4084 opus
136 4017 305 4092 habuerint,
322 4021 428 4079 iaciunt
443 4025 472 4078 in
491 4025 555 4097 ipsa
566 4028 686 4100 coquina
708 4047 771 4084 cura
796 4048 858 4086 rna·
937 4016 1052 4088 'igilur
1066 4035 1198 4091 percussa
1212 4022 1309 4078 tabula
1328 4026 1539 4088 hebd⁰m¹¹dstffi
1557 4035 1693 4109 militium,

60 4103 147 4174 giem,
161 4109 235 4164 sui,
899 4105 947 4178 qui
962 4107 1094 4176 praesenti
1108 4108 1282 4165 hebdomada
1296 4115 1453 4172 servierunt
1473 4121 1509 4175 ad
1534 4122 1694 4195 levandum,

344 4203 461 4260 oquqr
474 4207 570 4262 pchpq¹
899 4195 947 4266 qui
961 4195 1090 4250 servituri
1103 4203 1169 4252 sunt
1183 4198 1212 4253 in
1227 4203 1356 4272 sequenti
1370 4205 1404 4259 ad
1415 4211 1583 4278 tergendum
1599 4215 1694 4286 pedes,

60 4283 654 4361 [ruaudosratresoaticrpentmoderantia
664 4290 1049 4368 qorntanrra,n⁵0rar⁸nt·
1066 4285 1390 4360 ⁰⁰¹¹V³¹¹ffl⁸⁰fli¹lil¹¹¹¹ffl
1405 4295 1502 4364 inimi,
1518 4299 1613 4373 sicque
1623 4306 1696 4361 ¹⁸⁰i⁰

234 4367 260 4416 et
275 4365 408 4431 quomodo
420 4364 503 4433 'podes
515 4371 674 4436 pretereat.
896 4379 961 4427 ante
978 4379 1007 4428 et
1019 4379 1095 4429 retro
1106 4375 1215 4444 sedens,
1223 4377 1375 4435 intrantem
1386 4382 1515 4441 abbatem
1523 4390 1564 4445 vel
1573 4391 1695 4462 priorem

87 4449 96 4470 ’
110 4449 346 4524 Quotiescunque
360 4453 474 4524 aliquod
488 4455 601 4523 testum,
617 4457 646 4512 in
660 4473 716 4528 quo
731 4460 856 4532 psalmus
897 4469 1047 4534 exspectat.
1064 4464 1154 4518 Priori
1165 4469 1323 4538 assurgitur
1336 4472 1451 4528 erectim
1464 4493 1549 4547 saper
1563 4481 1693 4550 scabelta;

60 4535 141 4592 t'eaitr
156 4555 176 4595 a
192 4546 321 4613 quatuor
339 4547 382 4597 est
395 4545 552 4600 cantandus
571 4544 600 4601 in
617 4546 744 4615 sabbato,
765 4550 807 4604 rel
826 4551 856 4606 in
897 4551 993 4606 abbati
1004 4568 1068 4606 vero
1082 4552 1201 4608 intranti
1211 4558 1322 4617 stando,
1335 4561 1384 4618 sed
1398 4565 1630 4625 noninclinando.
1642 4571 1697 4626 lm·

54 4621 202 4684 dominica
218 4631 500 4702 occurritagendum,
514 4634 655 4707 inquieta
672 4637 856 4711 teriapraece·
898 4647 1019 4711 ponente
1035 4641 1219 4713 antiphonam
1244 4645 1348 4702 dornno
1372 4649 1483 4720 abbate,
1510 4656 1562 4723 rel,
1590 4659 1614 4714 ei
1636 4659 1696 4732 ipse

51 4713 128 4771 dente
142 4719 319 4775 mandatnm
329 4721 597 4794 estanticipandum.
607 4725 685 4780 Tunc
698 4727 783 4782 ctiam
799 4728 857 4782 tra·
898 4727 998 4784 absens
1011 4734 1063 4796 est,
1079 4732 1212 4800 armario,
1225 4733 1266 4788 illi
1281 4735 1328 4806 qui
1340 4739 1425 4809 pedes
1437 4741 1555 4800 fratrum
1576 4747 1697 4805 lavaturi

52 4807 101 4857 tres
120 4809 286 4875 praelarant
300 4809 395 4881 pedes,
410 4817 439 4866 et
457 4812 481 4866 si
506 4811 569 4885 quis
586 4815 711 4885 podagra
735 4818 778 4871 vel
801 4818 855 4873 alio
897 4823 973 4883 sunt,
988 4818 1150 4889 precedunt
1159 4821 1262 4876 tersuri
1275 4839 1339 4878 cum
1349 4826 1443 4883 linteis
1456 4851 1462 4893 ;
1475 4833 1618 4902 praecincti
1632 4853 1694 4892 cum

51 4893 142 4950 norbo
154 4895 203 4952 ite
215 4897 376 4954 infirmatur
385 4899 415 4954 in
427 4899 557 4972 pedibus,
567 4908 653 4959 utens
663 4911 856 4977 competenter
897 4905 992 4961 linteis
1000 4907 1219 4978 subsequuntur,
1235 4911 1312 4968 etsie
1326 4915 1480 4987 capitulum
1508 4921 1646 4993 ingressi,
1671 4927 1695 4982 ai

52 4979 76 5033 in
89 4984 224 5041 clanstm
241 5003 305 5042 cnm
326 4987 394 5060 ipsis
412 4989 526 5046 abluere
541 5007 596 5048 non
616 4993 714 5064 possit,
736 5012 800 5050 eum
821 4997 857 5051 li·
899 5001 1021 5067 quatuor
1034 5002 1111 5064 sunt,
1126 4996 1233 5068 primus
1250 5006 1279 5054 et
1291 5003 1392 5058 tenitas
1406 5005 1436 5059 in
1449 5007 1546 5065 ordine
1560 5011 1696 5067 indextra

50 5073 138 5128 centia
151 5073 267 5131 lavabit
281 5075 310 5130 in
325 5076 491 5146 infirmaria,
508 5085 537 5135 ot
563 5081 685 5136 famulas
709 5082 858 5140 infirmarii
898 5085 993 5140 lavant
1006 5090 1096 5158 parte,
1110 5087 1250 5143 secundus
1270 5096 1299 5145 et
1311 5099 1430 5163 quartus
1441 5094 1470 5150 in
1493 5097 1615 5164 sinistra,
1631 5101 1695 5171 pedi

52 5173 148 5228 aquam
166 5163 387 5222 administrabit
401 5167 461 5223 illi:
478 5168 527 5225 sed
542 5175 640 5242 postea
648 5169 684 5225 ad
693 5173 857 5228 mandatum
900 5189 983 5245 quem
998 5175 1127 5230 laverunt
1139 5177 1234 5232 statim
1243 5178 1367 5236 calceum
1376 5199 1533 5255 supponere
1542 5203 1597 5240 non
1608 5188 1694 5259 negli-

51 5243 95 5316 ipsi
106 5251 205 5322 pedes
223 5267 279 5307 non
293 5253 432 5310 lavantur.
896 5267 1005 5333 gentes.
1017 5262 1107 5326 Quem
1122 5263 1250 5319 ordinern
1257 5275 1371 5322 serrant
1385 5270 1469 5340 etqui
1482 5271 1568 5340 pedes
1581 5278 1697 5346 tergunt

80 5338 135 5394 Sed
149 5341 214 5395 hoc
229 5342 383 5413 sciendum,
400 5344 474 5419 quod
484 5345 543 5402 inec
557 5347 660 5420 pedum
675 5350 777 5408 lavatio
793 5359 857 5425 post
898 5351 1001 5406 domno
1012 5350 1107 5406 abbati
1122 5357 1151 5407 et
1165 5352 1209 5408 hie
1222 5354 1476 5412 tratribustantum
1489 5359 1696 5433 quisupersca-

23 5539 24 5548 ¹
80 5515 354 5589 tristimoniam,
380 5530 553 5593 encaustum,
578 5526 664 5596 tatis,
689 5533 852 5600 Inctrtortro,
868 5533 928 5591 bet.
944 5537 1144 5590 (stromatum.

196 5619 409 5686 Parnoncb.
1537 5639 1576 5706 33
