4046 6186
192 287 262 346 aar
924 283 1089 344 cesara.
1748 249 1823 350 'sose

225 411 284 484 Sip.
304 411 429 468 Gerelinl
442 411 562 468 diaconi.
740 439 747 452 ·
993 408 1166 482 Asiquidem
1174 409 1292 466 clericos
1300 413 1330 465 st
1340 410 1523 477 Gummams,
1534 409 1583 484 qui
1594 410 1685 469 altare
1693 412 1763 470 illud
1773 413 1823 472 diu

225 499 283 572 Sig.
306 499 401 556 aloldi
415 499 536 555 diaconi.
592 499 599 507 '
1026 498 1079 553 sub
1098 504 1250 572 personatu
1263 499 1429 564 habuerant,
1446 500 1546 556 divina
1560 501 1710 558 admodum
1724 504 1823 574 gratia

224 589 283 662 Sig.
305 589 440 662 Stephani
450 587 624 644 subdiaconi.
1026 595 1154 657 respectu
1169 595 1339 660 compuncti,
1349 606 1399 660 per
1412 589 1587 645 Goulterium
1604 599 1671 645 tunc
1687 593 1822 664 temporis

224 676 284 750 sig.
306 678 436 732 bandrici
450 678 580 750 acolythi.
1026 676 1255 733 archidiaconum
1270 687 1440 750 caeterosque
1465 679 1580 734 clericos
1594 679 1764 751 infatigabili
1778 698 1823 737 mc

223 767 282 839 Sig.
304 768 409 824 Odonis
423 767 556 839 acolythi.
1026 781 1140 838 precum
1165 766 1300 822 instantia
1322 767 1540 838 interpellarunt
1566 775 1707 839 quatenus
1734 771 1823 826 altare

222 856 273 928 Sig
303 855 464 927 Hagenonis
478 855 610 928 acolythi.
1026 855 1096 912 illud
1123 856 1158 910 dc
1191 855 1322 912 manibus
1349 872 1446 912 eorum
1473 857 1626 927 reciperem
1656 858 1753 926 libere,
1787 858 1823 915 ab

222 945 280 1018 Sig.
302 945 429 1018 lingonis
444 945 603 1002 castellani.
1026 943 1103 998 omni
1131 946 1275 1001 exactione
1301 945 1428 1001 saeculari
1456 945 1543 1000 libere
1577 945 1760 1016 absolverem,
1794 952 1824 1003 et

223 1033 283 1105 sig.
303 1034 430 1106 lingonis
441 1032 643 1089 calmacensis.
1025 1032 1062 1088 de
1070 1033 1226 1090 redditibus
1239 1033 1365 1106 ejusdem
1376 1034 1474 1089 altaris
1484 1040 1513 1090 ct
1526 1035 1589 1090 aliis
1602 1051 1663 1107 qua
1677 1036 1712 1091 ob
1726 1037 1824 1093 remis·
1928 1034 1934 1053 ⁸

223 1121 282 1194 Sig.
304 1123 453 1178 ilalinandi
467 1122 575 1178 militis.
620 1113 625 1124 ”
1026 1121 1134 1178 donem
1156 1133 1334 1195 peccatorum
1359 1141 1475 1180 suorum
1504 1131 1645 1191 voverant,
1673 1126 1822 1183 sanctimo-

223 1212 282 1283 Sig.
303 1211 473 1284 Sagnatonis
487 1211 594 1270 militis.
1025 1211 1115 1267 nieles
1139 1213 1175 1267 ad
1199 1213 1377 1268 seruiendum
1406 1213 1475 1268 inibi
1500 1212 1669 1269 ordinarem.
1696 1215 1823 1280 Quorum

222 1302 279 1374 Sig.
302 1301 432 1358 Gosberti
446 1301 557 1357 militis.
1025 1298 1164 1358 benevola
1179 1302 1307 1374 petitioni
1321 1319 1419 1357 aurem
1429 1301 1820 1372 benevolamaocommodans,

222 1391 281 1458 Sip.
304 1390 433 1447 Gualteri
443 1389 627 1446 'l'ornacensis
645 1389 847 1449 archidiaconi.
1024 1391 1188 1462 predictum
1209 1393 1238 1448 S.
1255 1393 1350 1448 ileliae
1370 1393 1468 1458 altare,
1484 1391 1557 1446 sicut
1570 1392 1719 1463 petierant,
1735 1391 1822 1449 libers

222 1479 280 1552 Sig.
301 1480 377 1535 Petri
396 1479 506 1535 decani.
1024 1481 1127 1552 recepi,
1148 1480 1409 1538 sanctimonialibus
1428 1479 1495 1536 inibi
1516 1479 1719 1536 constituendis
1737 1497 1823 1538 cano·

221 1569 280 1642 Sig.
302 1569 467 1625 lierimanni
479 1568 632 1643 prepositi.
1025 1571 1087 1626 nice
1100 1569 1270 1626 abbatissam
1282 1586 1363 1626 suam
1378 1570 1500 1641 eligendi
1513 1570 1820 1642 potestatemconcessi,

220 1659 280 1732 Sig.
301 1659 408 1716 Olberti
422 1659 554 1715 cantoris.
1025 1660 1071 1718 cui
1091 1660 1239 1732 episcopus
1266 1676 1363 1715 curam
1385 1659 1576 1714 committeret
1589 1658 1776 1731 spiritualem,
1793 1666 1823 1718 et

221 1748 281 1820 Sig.
302 1749 436 1821 Stephani
451 1747 618 1820 presbyteri.
989 1749 1228 1823 Bprovidcntiam
1252 1749 1416 1805 substantias
1430 1748 1605 1820 temporalis.
1626 1747 1693 1819 ipss
1709 1766 1821 1823 quoque

220 1837 279 1910 Sig.
301 1838 405 1893 Hellini
420 1837 587 1910 presbyteri.
1023 1837 1164 1894 abbatissa
1178 1838 1355 1910 abepiscopo
1371 1843 1522 1909 utramque
1544 1837 1700 1909 suscipiens
1719 1839 1820 1910 praela-

221 1927 279 1999 Sig.
299 1927 416 1982 ioannis
431 1925 598 1999 presbyteri.
1023 1927 1139 1994 donem,
1150 1928 1180 1983 in
1194 1933 1314 2000 utraque
1328 1927 1490 1982 canonicam
1508 1931 1537 1982 et
1551 1925 1674 1982 debitam
1690 1927 1820 2000 episcopo

220 2015 278 2087 Sig.
300 2015 430 2072 Ledberti
445 2015 566 2072 diaconi.
1024 2017 1167 2073 exhiberet
1184 2017 1396 2090 subjectionem,
1421 2023 1506 2088 atque
1527 2033 1545 2071 a
1561 2017 1820 2074 sanctimonialibus

220 2103 279 2176 Sig.
300 2104 435 2160 Bernuini
447 2102 623 2158 subdiaconi.
1024 2107 1122 2170 electa,
1148 2107 1337 2178 canoniceque
1357 2105 1393 2160 ab
1414 2105 1544 2177 episcopo
1558 2104 1722 2170 substituta,
1733 2121 1819 2162 cana

220 2193 279 2265 Sig.
300 2191 471 2264 ingebrandi
485 2190 619 2264 acolythi.
1023 2196 1086 2251 nice
1099 2195 1264 2269 prebendas
1278 2194 1443 2267 disponendi
1464 2193 1625 2250 facultatem
1636 2194 1776 2264 ‘haberct3
1792 2198 1822 2250 ct

220 2282 279 2353 Sig.
300 2281 420 2338 Werrici
432 2280 565 2353 acolythi.
1022 2301 1192 2359 unoquoque
1206 2301 1280 2340 anno
1290 2283 1480 2340 infestivitate
1503 2289 1665 2338 sanctorum
1682 2282 1820 2356 apostolo·

220 2369 277 2442 Sid-
300 2371 424 2427 Onvardi
435 2369 590 2426 castellani.
1021 2391 1085 2430 rum
1099 2374 1222 2430 Simonis
1231 2379 1261 2430 et
1270 2373 1349 2429 Jadae
1364 2372 1495 2428 vsolidos
1510 2371 1640 2444 episcopo
1654 2388 1706 2444 pro
1721 2387 1817 2445 respe-

220 2460 278 2533 Sig.
297 2461 420 2517 Rodullli
433 2459 572 2519 advocati.
1022 2463 1199 2520 ctuecclesia
1213 2463 1346 2520 solveret.
1356 2461 1429 2527 Quia
1441 2477 1507 2517 vero
1519 2461 1548 2517 in
1558 2461 1683 2516 dominio
1697 2459 1820 2533 episcopi

219 2550 277 2622 sig.
299 2549 416 2606 Gonteri
431 2549 537 2604 militis.
1020 2553 1155 2625 predicta
1184 2556 1281 2608 manet
1302 2550 1429 2618 ecclesia,
1455 2550 1629 2606 confratrum
1657 2556 1819 2606 nostrorum

219 2639 277 2712 Sig.
299 2639 411 2694 Rodulll
427 2638 535 2694 militis.
1020 2641 1138 2697 concilio
1154 2641 1240 2697 altius
1259 2640 1394 2713 quiddam
1405 2639 1432 2694 ei
1446 2639 1608 2711 subscripsi,
1622 2638 1818 2694 malefactores

219 2728 278 2800 Sig-
298 2727 421 2784 lidberti
437 2725 544 2783 militis.
1020 2731 1128 2786 scilicet
1140 2730 1262 2786 ccclesiae
1272 2729 1348 2784 illius
1363 2735 1392 2784 et
1405 2728 1536 2782 canonica
1551 2727 1815 2783 excommunicandi

217 2817 324 2874 Actum
340 2817 478 2883 Noviomi,
502 2813 711 2872 iucarnationis
734 2812 887 2870 Dominicae
905 2831 980 2871 anno
1021 2820 1118 2892 eisquc
1143 2818 1305 2875 absolvendi
1328 2821 1496 2890 potestatem
1523 2815 1657 2880 concessi,
1671 2821 1815 2871 eatamea

184 2905 263 2972 109⁴.
273 2907 426 2962 indictione
434 2903 801 2978 hregnanteregci’hilippo
808 2917 978 2973 aanoxxxvl,
1021 2908 1180 2965 conditione
1194 2915 1227 2964 ut
1240 2907 1264 2963 si
1278 2924 1329 2981 per
1345 2907 1488 2961 ministros
1511 2903 1633 2978 episcopi
1657 2920 1819 2961 excommu-

180 2998 287 3053 domno
301 2996 436 3052 Radbodo
451 2995 630 3068 episcopante
642 3009 716 3048 anno
730 3006 806 3048 xxvi·
1020 2998 1125 3055 nicatio
1152 2999 1319 3053 confirmata
1341 2995 1437 3064 luerit,
1463 2993 1594 3067 episcopo
1625 2999 1654 3049 et
1681 2992 1819 3050 ministris

218 3089 277 3159 Ego
292 3087 395 3158 Guido,
408 3084 602 3150 concellarius,
616 3083 671 3154 legi
688 3089 717 3138 ²2
730 3081 827 3138 ⁸⁰be
841 3083 961 3138 firmali·
991 3083 1083 3161 chus
1109 3087 1268 3144 emendatio
1293 3086 1419 3141 solvatur
1445 3083 1751 3140 excommunicationis.
1780 3083 1819 3140 Ut

558 3171 614 3231 III·
1021 3184 1117 3235 autem
1133 3179 1186 3232 hoc
1200 3177 1285 3248 bidus
1309 3174 1495 3231 concessionis
1518 3173 1696 3245 privilegium
1716 3173 1819 3229 amodo

180 3269 286 3326 Glmrto
308 3268 468 3322 donationis
492 3265 606 3319 ecclesia
627 3263 654 3319 S.
683 3262 980 3328 senseresensere
1020 3284 1076 3323 non
1100 3267 1189 3340 possit
1211 3264 1334 3330 dissolvi,
1360 3269 1468 3318 cartam
1489 3263 1561 3318 hanc
1584 3261 1637 3317 sub
1657 3261 1820 3318 tesbmoaio

120 3377 129 3390 ·
216 3340 342 3396 mm
369 3341 490 3408 0pi⁸⁶⁰P⁰
516 3336 692 3390 mmm
718 3335 981 3388 ³⁰²¹⁰⁸im⁰²²i⁰¹ibu³
1020 3358 1197 3413 sacerdotum
1213 3360 1241 3410 et
1261 3353 1425 3410 clericorum
1440 3351 1533 3424 sigillo
1546 3356 1642 3407 nostro
1661 3351 1734 3422 jussi
1750 3367 1819 3408 cou-

216 3412 307 3479 [aaa.
1020 3445 1128 3502 nrnaa
1151 3445 1171 3500 s
1207 3443 1304 3499 domni
1333 3441 1459 3497 Redbodi
1487 3439 1621 3512 episcopi,
1645 3439 1673 3494 s.
1700 3438 1819 3496 caeru

467 3496 576 3608 ,(Αῃῃο
590 3491 679 3560 “mi
1020 3533 1220 3599 archidiaconi,
1247 3532 1279 3588 S.
1308 3530 1383 3586 Petri
1409 3528 1518 3594 decani,
1543 3529 1573 3585 S.
1595 3526 1738 3584 Herimsri
1758 3529 1818 3584 No·

313 3593 506 3663 (Gaiioimi
522 3609 598 3659 Μ’
612 3597 635 3646 t·
650 3589 684 3656 ν’
701 3588 755 3644 ⁰⁰¹·
770 3585 848 3658 ³⁵⁴)
896 3683 902 3695 ,
1019 3622 1171 3679 riomensis
1201 3619 1309 3682 decani,
1338 3618 1366 3674 S.
1403 3615 1568 3672 Hartmannl
1600 3615 1753 3688 prepositi,
1785 3614 1817 3673 S.

217 3691 379 3749 innomine
394 3690 495 3756 Patris,
508 3695 538 3745 et
550 3689 624 3754 Filii,
640 3693 668 3743 et
682 3686 805 3758 Spiritus
815 3689 914 3750 sancti,
925 3699 980 3755 ego
1022 3712 1113 3786 Sigeri
1127 3709 1261 3780 mm,
1281 3709 1310 3764 S·
1338 3705 1454 3774 ffibeffi,
1480 3706 1509 3762 s·
1529 3705 1665 3774 ’rotberti’
1690 3705 1720 3762 g,
1735 3703 1834 3764 Lam..

180 3779 682 3852 Ranaoousminimuscpiscoporum
692 3773 980 3832 Noviomcnsiumseu
1021 3801 1104 3858 beni·
1445 3779 1455 3800 ¹·

177 3873 412 3930 Tornacenaium.

216 3963 324 4019 Notum
339 3979 401 4018 esse
424 3960 487 4016 volo
509 3957 686 4031 generationi
710 3954 835 4012 omnium
854 3952 980 4008 lldelium

178 4059 241 4110 um
256 4050 441 4126 presentibus
463 4063 547 4122 quam
570 4047 680 4118 eisqui
703 4044 853 4101 succedent
875 4044 904 4097 in
928 4057 979 4113 po·

180 4149 302 4209 starum,
314 4140 436 4196 ecclesia
452 4139 480 4195 S.
497 4136 593 4193 llariae
604 4151 666 4209 quse
676 4134 780 4206 Bmgis
788 4139 831 4188 est
839 4129 979 4186 libertatis

180 4248 229 4288 me
243 4227 406 4304 hujusmodi
418 4226 590 4284 concessisse
611 4223 788 4298 privilegium
810 4237 817 4272 ε
839 4222 979 4288 Bernerus
1055 4213 1116 4286 Ego
1125 4211 1210 4270 Wido
1223 4207 1406 4268 cancellarius
1415 4206 1513 4265 subter
1525 4203 1647 4263 armon.

1056 3909 1162 3964 Actum
1175 3906 1294 3963 'l'ornaci
1307 3921 1382 3961 anno
1391 3903 1543 3960 Dominicis
1549 3901 1641 3959 Incar.
1657 3899 1735 3970 lost,
1746 3901 1820 3958 indi·

1021 3997 1113 4054 ctione
1123 4001 1297 4068 smegmata
1309 4011 1375 4065 rege
1389 3993 1518 4066 Philippo
1532 4007 1607 4048 armo
1617 4005 1697 4056 xxxv,
1713 3991 1819 4047 domno

1021 4087 1054 4143 R.
1070 4087 1336 4159 Episcopantexxvr.
