3900 6168
117 239 176 300 85
844 241 1038 302 aaronem.
1707 239 1762 308 ΒΗ

118 366 208 432 picas,
223 365 383 426 sanctiones
401 365 532 422 abbatem
553 364 592 422 ibi
615 365 803 422 ordinandum
830 366 1065 438 curetAquibus
1078 365 1230 438 intelligas,
1243 382 1300 421 non
1318 365 1378 420 sine
1391 381 1479 420 causa
1489 364 1760 420 willelmum-ener-

118 437 259 493 Eamdem
275 455 335 494 rem
349 437 528 492 commendat
537 436 653 507 epistola
664 437 791 507 sequenti
811 438 845 492 ad
864 441 922 492 llu·
970 439 1039 492 sisse
1067 437 1096 492 in
1111 439 1213 508 ipsum,
1238 438 1350 492 tametsi
1373 437 1417 491 liic
1440 443 1538 490 auctor
1556 437 1662 506 ingenii
1676 439 1760 510 paulo

118 525 225 578 genem
254 509 384 564 abbatem
411 508 634 563 cluniacensem.
663 509 788 579 Utraque
807 510 927 580 epistola
968 509 1143 564 ferventioris
1157 527 1190 564 ac
1204 509 1384 564 mordacioris
1399 509 1484 562 luisse
1496 509 1615 562 videtur.

118 581 354 636 dataindirtione
367 581 526 635 undecima.
542 580 594 633 hoc
608 587 651 634 est
665 595 738 634 auno
759 577 834 636 1073.
1001 581 1128 634 Luscium
1146 583 1301 634 Larumna.
1324 581 1351 632 le
1363 575 1415 633 orit
1446 585 1509 634 oeta
1529 579 1760 633 irraledicentissi-

155 651 280 722 Propius
307 651 476 706 willelmum
503 657 629 704 nostrum
654 651 922 721 spectantejusdem
965 597 1491 722 mua,dequoTerentiusinpruiogo
1507 651 1657 704 fluminet
1673 652 1760 704 liecu-

117 721 186 776 libri
197 723 323 794 epistolae
333 721 918 794 52et5i,scriptaeindiciioneduodecima:
965 725 1203 778 tonitruorameui.
1216 722 1263 776 ubi
1279 738 1342 776 eum
1363 722 1529 776 malevolum
1548 727 1658 792 poetam
1674 721 1758 774 tacito

117 795 200 863 prior
206 795 321 864 quidem
331 793 365 847 ad
375 791 532 858 Manassen,
545 793 731 864 quemiuudat
739 785 811 862 qnod
825 809 921 847 mona-
962 794 1075 847 nomine
1088 793 1219 864 appellat.

117 865 208 919 sterio
217 865 436 936 sanctiliemigii
451 865 592 918 bouarium
610 867 766 917 maritaret
777 867 920 918 aratoriam

119 937 223 990 litteris
239 937 379 990 bominem
392 934 554 1006 praefecerit.
568 934 674 988 scilicet
685 927 858 988 Wiileitnulti
874 943 921 989 no·

118 1010 222 1072 strum,
242 1006 277 1062 de
290 1023 345 1078 quo
361 1007 419 1061 baec
434 1006 529 1060 subdit
545 1008 771 1074 :Abbosquidem
787 1008 921 1060 nobirod·
998 1006 1050 1060 Hic
1071 1005 1236 1061 Gervasium
1256 1006 1408 1060 Remorum
1428 1005 1666 1078 archiepiscopum
1685 1007 1758 1062 Wil-

118 1079 235 1132 modum
247 1082 360 1148 placet:
379 1083 404 1132 st
417 1081 443 1132 si
464 1082 548 1144 portel
562 1081 637 1145 serre
651 1092 729 1138 onor.
745 1081 921 1146 prauumue
962 1077 1131 1131 liiiiibscom
1153 1084 1214 1132 arat
1224 1095 1286 1131 cum
1296 1079 1425 1131 ilanasse
1436 1077 1495 1146 ejus
1505 1079 1759 1150 successore,longe

117 1151 247 1203 abbatias
267 1153 380 1216 reperet,
403 1151 559 1203 dicetensem
583 1150 684 1201 ua‘liret
705 1151 729 1199 ei
755 1149 919 1214 tiernensem,
961 1153 1056 1201 tamen
1073 1095 1245 1218 praeiirendo
1259 1149 1432 1202 Gervasium.
1445 1149 1525 1202 Hunc
1563 1149 1647 1220 uippe
1662 1149 1760 1206 laudat

119 1221 278 1274 massam
293 1225 342 1288 pru
356 1229 394 1279 eo,
407 1221 474 1288 puio
493 1221 537 1272 atr
552 1221 695 1286 reltptouts
710 1222 736 1270 et
750 1221 857 1286 replear
871 1217 917 1272 eri.
963 1219 1023 1272 tum
1039 1205 1073 1272 ob
1087 1219 1224 1273 bonarum
1240 1219 1344 1273 artium
1360 1215 1494 1292 studium.
1504 1167 1604 1290 odilus
1618 1209 1756 1286 attibuit,

117 1291 225 1346 ilerum
240 1292 309 1361 quia
321 1290 480 1354 willelmus
491 1290 521 1344 io
535 1291 588 1344 bac
602 1289 720 1360 epistola
730 1303 801 1343 onus
814 1289 888 1343 istud
904 1305 921 1344 a
961 1295 1020 1343 tutu
1034 1289 1070 1343 ob
1079 1289 1253 1344 constructas
1262 1291 1394 1344 ecclesias
1404 1297 1432 1344 at
1442 1291 1547 1361 templa
1556 1293 1760 1355 eroroottuscb

118 1379 148 1416 se
164 1362 279 1416 amoliri
295 1368 422 1428 conatur,
436 1361 550 1432 subjicit
568 1360 739 1431 Gregorius:
756 1362 922 1430 ilioquiuei
961 1361 1028 1416 licet
1040 1362 1170 1416 ecclesias
1185 1363 1279 1416 Sancti
1285 1362 1388 1416 Nicasir
1400 1368 1428 1416 et
1436 1362 1527 1420 Sancti
1539 1362 1676 1433 Dionysii.
1688 1369 1758 1433 qua's

115 1431 226 1502 pondrm
245 1433 430 1502 astrorumque
454 1435 600 1500 repirnim's
614 1448 700 1499 supro
714 1447 788 1500 porro
802 1433 857 1485 sibi
870 1437 917 1494 est,
962 1431 1141 1500 instauravit,
1157 1439 1216 1486 tum
1233 1433 1354 1504 danique
1376 1433 1411 1485 ob
1425 1433 1619 1503 religiosorum
1634 1429 1759 1491 virorum

117 1509 148 1556 ut
168 1506 225 1571 ipse
236 1506 351 1572 sotatur.
369 1505 502 1557 bonimio
515 1503 781 1579 prorediueprcmur
792 1511 918 1556 allecum·
961 1503 1077 1557 cultum.
1104 1495 1175 1557 Nam
1198 1501 1349 1557 monachos
1377 1499 1483 1558 ordinis
1505 1495 1593 1556 sancti
1614 1494 1758 1558 Benedicti

118 1576 171 1630 tat.
184 1575 920 1643 mmuromdeotiumibumdmooportotiououcie·
960 1573 989 1626 in
1010 1574 1104 1628 Sancti
1130 1573 1243 1639 Nicasii,
1272 1573 1420 1628 canonicos
1442 1569 1585 1644 regulares
1609 1573 1639 1627 in
1663 1569 1759 1629 Sancti

118 1649 201 1706 ritate
211 1651 565 1714 ruommus,uuutebussuo
575 1646 689 1699 consilio
699 1648 918 1712 ercensemupe'r
962 1644 1087 1716 Dionysii
1100 1646 1272 1700 monasteria
1290 1647 1398 1716 primus
1411 1645 1529 1699 induxit.
1546 1646 1603 1698 Gur
1618 1653 1682 1699 tero
1692 1651 1758 1700 ettiii

117 1719 299 1784 electr'ouemc
316 1719 513 1789 acceptationis,
526 1717 675 1770 securrdum
688 1713 819 1790 deputam
829 1719 919 1768 sancii
926 1705 949 1764 Β
960 1719 1114 1784 tyrannum
1128 1722 1215 1782 vocet,
1229 1733 1285 1771 non
1295 1716 1446 1786 comperio.
1462 1716 1599 1788 nisiquod
1613 1716 1757 1786 ipsiusde·

117 1783 265 1847 benedicti,
284 1790 296 1840 ι’
331 1804 411 1840 neum
424 1785 464 1840 ibi
473 1793 612 1848 rectorem,
630 1783 679 1840 oea
690 1787 921 1850 concremuerun-
962 1787 1064 1862 ruortdi
1081 1789 1234 1844 auinmme
1254 1789 1411 1842 damonum
1427 1777 1565 1869 potestate
1581 1803 1631 1858 per
1645 1793 1757 1860 sanctos

117 1859 228 1911 stiterit.
249 1855 377 1929 lienique
401 1851 555 1927 Gregorius
572 1857 719 1928 epistolam
737 1855 769 1912 53
785 1855 820 1909 ad
835 1855 918 1910 Heri²
961 1861 1099 1928 martyres
1118 1855 1281 1930 Dionysium
1298 1859 1327 1914 et
1344 1857 1488 1912 Nicasrum
1503 1859 1628 1928 ereptam
1649 1855 1756 1913 teieres

117 1937 253 1982 mennam
269 1931 436 1984 Meuaniam
447 1928 606 2000 episcopum
614 1928 649 1981 ue
661 1928 758 1982 eadem
771 1933 801 1980 re
811 1925 916 1992 scabit,-
959 1927 1062 1983 ferunt.

117 2001 222 2054 sciiioet
233 2001 361 2058 abbatem
375 1999 472 2054 Sancti
486 2003 608 2067 Arnum,
625 2015 726 2070 nempe
742 1997 915 2054 willelmum
994 2001 1208 2064 iniucundius,
1219 2015 1273 2072 quo
1288 1997 1485 2056 auctoratitur
1498 1999 1551 2054 lroc
1566 2000 1636 2064 loco,
1648 2000 1756 2054 beteret

118 2079 181 2138 [non
193 2088 261 2126 vero
276 2070 407 2142 abbatem
422 2071 582 2136 arnulfum,
605 2077 637 2124 ut
651 2086 797 2142 perperam
813 2070 916 2140 iegitur
957 2069 1030 2124 Galli
1046 2071 1177 2136 insanum
1191 2073 1344 2126 sternitum
1353 2071 1550 2141 significabant
1563 2076 1634 2124 teste
1646 2071 1755 2130 loanue

117 2141 145 2195 in
158 2139 296 2196 lemmate
313 2136 433 2212 vulgmae
446 2141 582 2212 epistoieei
597 2137 667 2196 ralla
684 2137 846 2194 renuntiare
865 2135 914 2194 ab·
957 2135 1079 2197 Diacono
1094 2143 1122 2197 in
1137 2141 1185 2200 lib.
1201 2158 1229 2197 lv
1244 2145 1284 2198 De
1295 2143 1360 2198 Vita
1374 2142 1463 2196 sancti
1476 2139 1614 2212 Gregorii,
1629 2158 1690 2217 cap.
1708 2138 1754 2214 96,

117 2209 196 2267 bauto
212 2213 312 2268 Sancti
323 2208 453 2283 Remigii,
475 2221 504 2267 et
514 2209 643 2267 Mettensi
660 2225 720 2266 esse
739 2215 912 2266 contentum.
956 2201 990 2266 rit
1006 2214 1060 2277 illc,
1078 2210 1178 2284 inquit,
1196 2230 1270 2269 more
1294 2213 1397 2271 Gallico
1415 2208 1543 2268 boneium
1556 2229 1648 2267 seuera
1662 2213 1756 2267 incre·

150 2285 285 2344 dioboles
298 2287 346 2338 tile
368 2287 546 2347 Veratianae,
563 2284 716 2353 Gregorius
735 2282 841 2337 scilicet
859 2284 915 2353 epi-¹
956 2285 1161 2352 pilorrslbllem,
1176 2291 1232 2344 ete.
1710 2299 1713 2306 ’

116 2371 215 2426 scopus
230 2356 427 2420 vercellensis,
437 2355 559 2436 primum
570 2371 588 2409 a
599 2356 692 2410 Leone
706 2367 778 2425 papa
792 2353 828 2406 ob
838 2354 915 2408 adul·

116 2427 217 2481 unum
233 2427 289 2481 alia
310 2443 345 2480 ue
359 2426 465 2508 flagitia
489 2427 744 2480 excommunicatus
756 2425 821 2478 dein
836 2425 915 2479 abso·
1075 2489 1078 2496 ,

116 2497 190 2550 lutus
208 2517 214 2551 :
231 2498 282 2568 qui
328 2495 413 2552 enrici
429 2494 465 2552 lv
480 2495 517 2550 im
540 2495 658 2552 aratoris
680 2495 861 2550 cancellarius
886 2495 913 2550 in
991 2493 1058 2560 Quis
1070 2497 1155 2553 fuerit
1169 2499 1303 2554 Willelmi
1318 2504 1480 2570 praeceptor,
1498 2497 1542 2551 cui
1557 2514 1587 2552 se
1608 2496 1677 2551 tima
1693 2497 1754 2567 ejus

116 2567 195 2622 ltalia
208 2565 302 2622 iactus
328 2567 368 2622 ita
382 2569 443 2638 ejus
458 2516 538 2622 iacti
1580 2515 1606 2622 siJ

116 2639 268 2710 instigante
282 2639 435 2694 Cadcioum'
461 2639 641 2694 Parmeneem
661 2639 832 2708 epriecopum.
848 2653 913 2691 con·
954 2641 1044 2692 tatum
1059 2637 1326 2711 istiuspraecepioris
1337 2637 1518 2701 nomemsoia
1529 2631 1754 2708 primalitterab

115 2711 240 2780 spirante
254 2711 420 2772 Placentino
435 2711 574 2780 pontilica.
599 2709 762 2780 antipapam
779 2709 915 2763 creaverit
956 2709 1119 2764 indicatum.
1137 2712 1260 2780 Gunjicio
1277 2716 1372 2764 tamen
1392 2710 1478 2764 tuisse
1492 2711 1666 2774 alestanum,
1686 2710 1754 2762 Ful²

115 2787 307 2861 postmortem
321 2781 430 2836 Nicolai
443 2782 483 2845 li;
499 2781 630 2852 idemque
643 2785 757 2836 bornam
766 2778 801 2832 ab
816 2781 914 2834 eodem
956 2779 1026 2834 berti
1042 2782 1222 2836 Carnutensis
1238 2781 1360 2852 episcopi
1377 2781 1556 2851 discipulum,
1572 2795 1656 2850 quem
1670 2781 1753 2834 Adel·

114 2853 285 2924 imperatore
304 2849 407 2908 missus
426 2847 461 2906 ad
476 2853 697 2920 confirmandam
720 2847 848 2920 Gregorii
861 2847 913 2904 vlt
953 2861 1074 2906 mannus
1084 2853 1181 2908 iaudat
1192 2853 1221 2907 in
1236 2853 1360 2908 versibus
1370 2851 1546 2924 rhythmicis.

115 2921 290 2987 electionem,
303 2924 346 2977 cui
363 2921 483 2995 primum
498 2921 655 2992 restiterat3
669 2921 793 2986 demum,
805 2921 911 2992 synodo

114 2993 247 3050 aduersos
260 3001 325 3049 eum
344 2999 503 3054 convocata,
521 2996 624 3048 misere
639 2992 798 3063 exspiravit.
846 3059 851 3072 ⁹

147 3065 180 3120 In
192 3067 250 3128 line
265 3067 389 3134 epistolae
410 3065 565 3120 Wilielmus
575 3081 630 3120 non
650 3067 690 3120 ira
700 3065 770 3118 bene
780 3067 867 3117 sentit
879 3061 915 3116 de

115 3138 258 3192 inonachis
282 3137 473 3208 Remigianis:
491 3138 563 3190 atin
587 3137 642 3191 fine
662 3134 786 3208 epistola
807 3133 962 3205 quintas}¹
1401 3195 1404 3202 Ι
1489 3193 1493 3201 ,
1651 3193 1654 3199 Δ
1699 3189 1702 3198 ,
1730 3191 1737 3200 q

110 3205 246 3276 judicium
262 3225 345 3262 suum
358 3206 511 3280 temperat3
534 3205 655 3262 testatus
673 3211 705 3262 in
728 3205 779 3259 uto
802 3207 912 3272 collepr'o
954 3203 1092 3260 Caeterum
1112 3224 1195 3280 quam
1212 3207 1302 3262 solida
1318 3207 1425 3278 pietate
1447 3206 1572 3261 imbutus
1585 3208 1751 3265 fueritWii·

114 3277 245 3346 croadam
273 3283 347 3333 uiros
368 3275 571 3334 torrentissimus
594 3281 729 3341 inveniri,
747 3291 913 3344 aequorum
954 3269 1055 3331 leimus
1065 3283 1159 3332 noster
1169 3277 1351 3349 intelligimus
1365 3277 1484 3332 inanime
1497 3295 1530 3331 ex
1540 3271 1630 3332 tribus
1640 3279 1750 3350 postre-

115 3351 368 3404 mnerolsnttutmo
381 3351 524 3414 caumate,
541 3354 631 3404 catere
644 3349 798 3404 uetuerunt
813 3350 914 3401 rotero-
954 3347 1007 3400 mis
1021 3348 1246 3420 epicoenomena
1261 3359 1324 3404 cum
1340 3351 1461 3422 quatuor
1474 3345 1578 3403 allisas
1591 3365 1642 3403 ms.
1654 3351 1750 3406 codice

114 3423 174 3476 biles
182 3423 325 3491 judicari.
953 3417 1099 3474 Mettensis
1114 3421 1278 3475 moiia'aterii
1288 3419 1749 3492 Sancrrnrnulodescripsttmitos

954 3505 1007 3559 que
1021 3493 1178 3564 transmisit
1187 3493 1229 3546 air
1239 3492 1468 3562 religiosissimus
1478 3491 1599 3546 domnus
1609 3493 1749 3564 Josspltus

389 3578 416 3618 ra
435 3563 583 3620 corsiensis
605 3580 633 3618 u.
953 3557 1153 3629 libmassciius‚
1169 3564 1295 3634 ejusdem
1310 3563 1362 3617 loci
1376 3571 1436 3618 tum
1451 3561 1748 3636 subpriorpongroga-

952 3630 1037 3686 tionis
1052 3633 1146 3687 Sancti
1162 3631 1265 3688 Vitoni

144 3703 735 3778 inbstduabusquesequentibusepistolie
747 3706 910 3763 willelmus
987 3703 1038 3757 llic
1052 3704 1277 3775 subjungendam
1292 3705 1357 3760 duxi
1369 3699 1687 3780 orationeleiibeimi
1696 3707 1747 3761 ab·

112 3778 239 3834 acerbius
251 3795 285 3832 ae
297 3777 394 3834 dumus
409 3779 536 3842 sonasse,
551 3789 636 3848 quam
649 3785 702 3902 par
715 3780 834 3846 assatio
849 3779 909 3833 iia-
951 3769 1024 3854 batis
1037 3774 1066 3830 in
1086 3777 1157 3830 leuto
1172 3777 1266 3831 Sancti
1287 3776 1437 3847 Augustini
1462 3775 1643 3844 recitandam,
1661 3778 1746 3848 nujus

112 3849 366 3906 nassoninvehitur
392 3849 512 3904 Facilius
522 3856 616 3904 tannen
635 3850 652 3903 l
672 3850 777 3904 illelmo
797 3851 908 3904 veniam
950 3843 1082 3900 erielmi
1098 3847 1207 3902 abbatis
1221 3849 1242 3902 F
1245 3849 1427 3902 iscamncnsis
1449 3863 1481 3902 ac
1501 3847 1683 3912 Divionenaia
1698 3851 1747 3931 qui

1230 915 1258 953 IN
1277 913 1426 953 aalsronnu
1444 913 1485 952 111.

1215 2393 1243 2446 m
1261 2395 1410 2448 arrsiontn
1429 2409 1476 2446 vn.

525 2569 569 2622 uni
579 2583 690 2638 semper
701 2563 827 2624 adhaesit.
842 2568 914 2620 uteo
955 2567 1073 2636 epistola
1088 2567 1222 2640 iuscripta
1237 2577 1288 2632 est,
1301 2571 1438 2623 incertum
1453 2567 1533 2621 nobis
1548 2583 1577 2621 re
1598 2569 1640 2622 dit
1653 2567 1754 2621 decor-¹

1031 2959 1077 3012 Via
1094 2962 1230 3026 amissum
1240 2973 1420 3028 quereremur
1434 2959 1532 3025 Odulso
1545 2959 1690 3025 superstite

1025 3025 1187 3084 biertanam
1204 3049 1212 3083 .·
1228 3034 1348 3098 praeuius
1364 3033 1423 3083 erat
1438 3031 1534 3082 ueteris
1548 3032 1676 3090 seientia,

1025 3097 1102 3155 Sicut
1118 3101 1148 3155 lu·
1163 3113 1227 3170 quos
1242 3102 1362 3154 crudivit
1377 3103 1444 3153 totis
1456 3097 1561 3169 polleni
1573 3088 1659 3154 bodie.

112 3908 410 3989 dabit,quiltia·nassae
423 3919 515 3974 mores
530 3921 689 3992 perspectos·
705 3915 843 3978 habuerat·
860 3915 909 3974 Le.
949 3914 1019 3968 colia
1041 3935 1099 3970 sam
1116 3919 1332 3974 monasticaereli
1354 3918 1409 3973 ioni
1439 3911 1622 3988 disciplinam,
1639 3935 1746 4001 cumpo

110 3987 192 4060 gandi
211 3986 266 4045 hac
285 3989 319 4045 de
344 3998 374 4045 re
396 3983 457 4046 ium
483 3991 565 4061 Hugo
579 3987 793 4046 Flaviniacepsis
810 3984 905 4056 abbas,
948 3934 1152 4064 piurliiusaiiis.
1164 3997 1224 4042 tum
1239 3989 1267 4042 ln
1279 3936 1445 4043 aleriensis.
1457 3971 1745 4070 iirbuifimouasterio

111 4064 169 4132 ejus
183 4063 303 4134 aqualis
317 4063 346 4116 io
360 4061 507 4124 Chronico,
525 4067 585 4116 tum
602 4062 753 4116 Guibertus
776 4063 862 4117 abbas
872 4063 907 4116 de
949 4058 1124 4112 instauravit.
1152 4061 1189 4115 Ut
1210 4060 1303 4130 potius
1322 4059 1403 4113 alieti
1418 4057 1570 4123 Wliielfflib
1587 4061 1668 4128 cujus
1683 4055 1745 4130 eili-

111 4133 269 4205 Nmigeoto
282 4134 310 4188 in
325 4133 373 4189 lib.
389 4143 399 4188 1
413 4134 454 4188 De
464 4135 529 4188 Vita
543 4141 604 4198 aaa,
621 4150 683 4203 cap.
698 4136 711 4188 ·l
722 4133 743 4198 l,
758 4134 805 4188 ubi
816 4133 907 4188 sancti
949 4129 1036 4183 stolas
1050 4131 1185 4184 bacarius
1200 4131 1293 4194 retuli,
1308 4129 1461 4200 subjectam
1472 4130 1628 4183 orationem
1643 4131 1746 4184 ansul:

112 4205 396 4264 anoniasecessnm
406 4204 783 4276 exurbaRemensireiundit
793 4206 819 4259 in
831 4203 908 4274 ilagi-
950 4196 1023 4267 bam,
1038 4201 1081 4255 bis
1096 4202 1263 4271 conjecturis
1278 4217 1403 4258 moveor.
1423 4201 1526 4273 Primo,
1539 4201 1743 4270 quodMeiien·

111 4276 210 4330 tios'am
230 4265 365 4330 Manassae
384 4274 479 4330 uitam,
492 4275 637 4341 Manassen,
655 4271 755 4348 inquit,
768 4283 825 4345 post
842 4277 906 4330 Gar.
948 4266 986 4322 sis
1001 4271 1087 4326 codex
1102 4272 1128 4332 iu
1140 4273 1308 4326 uronaeterio
1322 4272 1417 4326 Sancti
1429 4273 1548 4338 Arnulsr,
1558 4288 1591 4324 eo
1602 4271 1743 4348 Wiiielmo

109 4349 178 4401 casii
193 4345 375 4416 formosissimi
389 4347 586 4416 archiepiscopi
607 4347 752 4408 decessum,
773 4345 907 4415 predicta
947 4339 1056 4409 abiate,
1075 4343 1195 4414 scriptus
1206 4345 1250 4397 sit.
1264 4337 1379 4407 Deinde,
1388 4340 1461 4414 (1¹10d
1473 4343 1530 4396 haec
1544 4341 1633 4395 OiaiiO
1643 4341 1743 4396 inscii·

109 4421 184 4472 „rap
195 4420 487 4486 nqpmrprgaanpmm
499 4433 525 4471 ,ὃ
536 4420 654 4470 {aarum
664 4433 673 4470 ,-
684 4423 728 4471 pqr
738 4421 849 4486 papum
859 4429 906 4471 no.
947 4409 1030 4466 batur
1043 4416 1144 4468 domui
1162 4415 1293 4471 Willrbm'
1307 4415 1421 4474 obbatis,
1444 4411 1550 4484 absque
1563 4408 1617 4466 alia
1630 4414 1745 4468 honoris

109 4489 178 4546 bilis.
191 4491 239 4544 red
255 4491 328 4544 nibil
340 4505 455 4558 prorem
470 4491 636 4548 serenitatis,
649 4503 708 4556 que
721 4493 903 4558 primamne·
918 4533 923 4544 .
944 4485 1120 4550 pretatione:
1136 4501 1200 4540 cum
1213 4485 1524 4556 Wilielmusuntiquior
1536 4485 1595 4555 jam
1606 4492 1664 4538 tum
1680 4485 1744 4540 bea-⁸

109 4565 245 4616 unitatem
256 4563 337 4624 decet,
351 4561 451 4614 babens
454 4591 509 4613 .....
514 4561 540 4612 Is
550 4577 612 4613 cum
625 4562 903 4628 ruilitcssummoprre
913 4549 936 4607 l)
946 4560 992 4608 tua
1008 4573 1041 4609 ac
1051 4565 1153 4612 sanctae
1169 4557 1309 4612 memoriae
1324 4556 1409 4610 abbas
1424 4557 1573 4612 dicaretur.
1595 4557 1640 4610 Sic
1653 4557 1744 4612 War'r·

108 4633 255 4698 affectaret,
270 4635 374 4685 cleram
386 4628 646 4699 nepliperetpiim'sse
660 4631 812 4700 uiiqrroudo
822 4633 906 4699 roser·
947 4627 1000 4680 nus
1013 4627 1040 4681 in
1055 4627 1173 4699 epistola
1187 4628 1316 4698 superius
1328 4629 1403 4681 edite
1414 4629 1489 4682 hunc
1500 4632 1599 4681 surreie
1606 4631 1745 4684 monteria

110 4707 156 4756 tur
171 4719 197 4755 :a
213 4701 319 4768 Eunus,
334 4704 470 4765 uitasset
482 4699 627 4756 Remensis
640 4701 903 4774 archiepiscopatus,
947 4701 1082 4772 domuum
1105 4699 1228 4754 abbatem
1262 4686 1429 4762 Willelmum
1451 4691 1584 4778 appellat.
1607 4691 1650 4752 no
1674 4690 1742 4765 haec,

111 4773 228 4826 isinon
239 4769 418 4828 missasiode
430 4773 537 4826 cantari
551 4775 780 4843 oporteretne.
793 4773 831 4827 Eo
841 4781 908 4827 tero
948 4771 1021 4842 qood
1045 4763 1203 4827 Willelrbbs
1219 4771 1317 4842 junior
1335 4767 1425 4825 sancti
1445 4768 1595 4841 Augustibi
1610 4767 1747 4825 doctrinae

110 4844 247 4915 prooessit
255 4845 392 4906 bianassm
407 4843 546 4915 flagitiosa
558 4843 625 4910 vita,
638 4849 670 4898 ut
682 4844 712 4898 in
722 4843 851 4900 ordinem
859 4861 905 4898 re·
947 4844 1068 4898 manime
1082 4842 1211 4897 addieurs
1224 4843 1318 4910 suarim
1338 4847 1371 4897 at
1384 4841 1500 4913 paieiin
1509 4841 1743 4915 pamismmpe

110 4917 208 4971 dactus
222 4915 262 4972 sit
282 4931 356 4972 anno
380 4913 448 4974 i080
462 4915 492 4970 in
513 4915 628 4970 concilio
647 4914 842 4986 Lugdunensi.
867 4915 908 4970 Ex
946 4913 1016 4970 riori
1028 4913 1147 4986 epistola
1158 4919 1247 4970 sextae
