3934 6174
188 235 241 295 295
689 237 721 292 Β.
740 234 948 290 LANFRANOI
968 233 1146 290 OAN'I'UAR.
1167 233 1336 291 ansulae.
1770 239 1823 297 296

187 366 306 422 tersites
319 365 348 420 in
359 364 447 432 ecelis,
463 370 492 418 at
507 363 624 418 interra
639 361 811 426 nominatur,
823 366 855 414 ut
868 361 914 415 det
929 359 1017 419 robis.
1032 359 1186 414 seeundum
1201 359 1313 413 divitias
1335 359 1432 430 gloria
1452 377 1519 428 suae,
1533 363 1635 420 virtute
1649 364 1823 422 corroborari

190 472 241 528 per
251 454 387 528 Spiritum
403 455 464 524 ejus
479 452 507 506 in
519 451 681 506 interiorem
692 450 844 508 hominem.
863 454 887 502 et
902 447 1043 503 Christum
1067 447 1195 504 habitare
1209 463 1260 519 per
1273 447 1357 501 fidem
1368 448 1396 500 in
1408 449 1538 506 cordibus
1560 453 1671 516 restris,
1686 455 1716 508 in
1732 440 1824 510 ¹chari-

188 549 249 600 tate
264 543 305 601 14.
323 541 451 605 radicati,
468 545 497 594 et
505 539 625 602 fundati,
646 538 686 595 15.
700 545 732 594 ut
741 539 855 610 possitis
869 536 1106 606 comprehendere
1121 552 1182 590 cum
1199 535 1451 604 omnibussanctis,
1462 537 1506 592 lo.
1521 555 1582 609 quae
1592 541 1682 596 sitit.
1692 543 1821 610 latitudo,

189 649 254 689 vcro
270 633 403 692 claritas,
418 637 447 684 et
457 627 504 687 18,
524 628 681 698 longitudo,
695 631 854 697 exspectatio
877 629 1013 681 donorum
1035 626 1093 690 liei,
1109 629 1137 678 et
1155 623 1195 680 19.
1212 625 1370 679 sublimitas
1384 641 1460 693 uero,
1474 629 1505 680 id
1517 633 1563 694 cst,
1581 631 1667 684 licum
1682 621 1782 687 videre.
1795 637 1824 687 et

188 719 233 779 20.
247 719 428 792 protundum,
446 719 565 786 cognitio
575 722 740 771 secretorum
753 718 803 772 Ilei
808 733 819 784 ,·
832 715 903 770 scire
916 716 1000 770 enam
1020 715 1274 787 supereminentem
1302 713 1425 769 scientiae
1453 715 1618 772 charitatem
1642 719 1755 784 Christi,
1776 719 1821 788 il,

188 807 224 868 22
238 815 270 863 ut
282 807 459 881 impleamini
474 807 627 861 virtutibus
645 805 674 860 in
690 821 801 860 omnem
825 805 1027 876 plenitudinem
1048 809 1139 869 145
1150 803 1201 858 Dei
1215 801 1261 859 23.
1276 803 1308 857 Ei
1319 808 1424 866 autem,
1445 803 1493 874 qui
1507 812 1606 876 potens
1619 813 1662 862 est
1671 808 1766 862 omnia
1779 808 1823 862 ia-

188 914 251 954 cere
262 897 527 970 superabundanter
542 911 627 965 quam
640 895 770 965 petimus,
782 903 830 949 aut
844 895 1040 964 intelligimus,
1055 893 1210 947 seeundum
1221 891 1363 954 virtutem,
1380 907 1442 962 qua
1456 900 1590 963 operatur
1600 895 1630 950 in
1643 895 1733 962 nobis,
1750 901 1823 966 puori

184 1003 331 1058 possumus
345 989 415 1041 scire
428 1002 463 1039 eac
477 987 527 1039 boa
545 985 616 1053 quod
627 985 675 1037 dal
688 983 766 1038 notu
780 987 911 1038 sctrictam
932 987 1147 1046 miraculorum,
1163 981 1216 1053 ipsi
1229 981 1320 1052 gloria
1347 981 1376 1035 in
1399 981 1532 1048 Ecclesia,
1545 987 1575 1038 in
1590 1001 1709 1054 corpore,
1735 992 1764 1042 et
1790 987 1822 1042 in

187 1077 301 1133 Christo
311 1077 377 1142 lesu
388 1080 414 1130 et
427 1077 459 1128 ιἰι
475 1075 571 1142 cupite,
588 1071 617 1127 in
633 1089 730 1126 omnes
743 1073 939 1142 generationes
952 1069 997 1127 24.
1013 1070 1107 1126 saculi
1118 1071 1213 1140 (hujus
1223 1085 1255 1124 aa
1269 1072 1367 1124 inultis
1376 1071 1482 1126 sanein
1496 1071 1621 1128 obinitio
1633 1075 1822 1128 scrutantibus

186 1164 229 1234 [i.,
249 1162 426 1232 constantisll
441 1160 618 1216 seculorum.
635 1159 735 1214 Amen.

895 1255 1017 1311 CAPUT
1036 1255 1083 1311 lv,

221 1375 344 1435 Obsecro
364 1375 461 1447 itaque
472 1392 520 1431 ros
534 1374 630 1444 (ethica
643 1374 808 1438 admonitio)
822 1372 846 1430 l.
862 1389 914 1442 ego
923 1372 1042 1438 vinctus,
1059 1375 1258 1437 incarceratus,
1268 1372 1308 1438 in,
1314 1388 1377 1442 pro,
1388 1363 1517 1437 Domino,
1534 1371 1658 1442 utdigne
1669 1373 1822 1430 ambuletis

183 1468 327 1522 rocaduno
340 1483 396 1536 qua
412 1465 504 1519 vocati
518 1463 597 1527 estis,
615 1461 767 1516 cumomni
780 1459 950 1523 humilitate,
964 1461 1055 1528 dictis,
1063 1462 1186 1528 olfactis,
1196 1458 1458 1526 etmansuetudine,
1470 1476 1533 1514 cum
1544 1461 1690 1531 patientia,
1706 1480 1825 1534 suppor-

186 1561 281 1611 tantes
294 1555 411 1610 invicem
423 1555 452 1609 in
466 1552 613 1617 charitate,
629 1550 741 1605 solliciti
754 1565 865 1604 servare
879 1549 1027 1615 unitatem,
1046 1551 1230 1615 concordiam,
1243 1549 1359 1620 spiritus
1372 1548 1402 1602 in
1417 1547 1526 1602 vinculo
1540 1549 1616 1620 pacis
1630 1553 1657 1612 (a
1666 1554 1777 1620 simili),
1792 1549 1821 1618 2,

185 1643 211 1702 3.
225 1643 318 1698 Unum
329 1658 440 1712 corpus,
453 1638 479 1695 l.
493 1645 522 1694 et
537 1655 610 1693 unus
626 1638 834 1709 spi1·itussitis,·
850 1636 923 1692 sicut
937 1643 966 1691 ct
981 1635 1069 1692 vocati
1080 1637 1147 1693 estis
1155 1637 1185 1692 in
1201 1654 1258 1692 una
1267 1655 1316 1709 spe
1327 1637 1477 1692 vocationis
1486 1643 1594 1692 vestrae.
1613 1639 1691 1694 Siout
1701 1645 1738 1694 est
1747 1642 1823 1693 uobis

183 1746 257 1786 unus
271 1731 419 1795 Dominus,
432 1717 577 1792 unafides,
594 1743 682 1782 unum
699 1725 901 1798 baptismatis
916 1727 1014 1780 debetis
1026 1729 1258 1796 anumspiritum
1266 1727 1370 1780 nabere.
1386 1726 1465 1781 Unus
1473 1725 1556 1790 Deus,
1567 1733 1595 1781 et
1604 1728 1834 1782 Pateromnium·

182 1817 209 1876 5.
224 1819 271 1891 qui
282 1824 325 1874 est
337 1834 422 1891 super
437 1832 543 1884 omnes,
561 1822 592 1870 ut
608 1817 743 1869 Ιιοιιιιιιιιι
770 1819 800 1868 et
815 1830 866 1885 per
878 1813 982 1879 omnia,
1006 1818 1037 1867 ut
1059 1816 1228 1882 gubernans,
1243 1819 1271 1868 et
1285 1813 1314 1868 in
1330 1813 1461 1868 omnibus
1484 1813 1573 1881 nobis,
1594 1819 1626 1868 ut
1646 1816 1820 1870 inhabitans.

848 1927 1143 1984 COMMENTARIUS.

182 2047 367 2105 similitudine
381 2053 497 2120 propter
504 2045 633 2102 mmdem
649 2061 762 2101 causam
777 2049 871 2116 patres
885 2044 981 2098 dicun·
992 2041 1096 2104 Aalias
1108 2041 1211 2098 dicitur
1227 2062 1233 2098 :
1253 2045 1347 2114 Supra
1371 2045 1483 2100 modam
1508 2047 1541 2100 in
1558 2045 1728 2099 sublimitate
1743 2049 1822 2100 aler-

181 2144 239 2204 tur,
265 2138 309 2192 vel
324 2137 390 2209 quia
414 2151 445 2190 ex
466 2153 496 2191 se
513 2135 583 2207 ipsis
605 2135 677 2189 tilios
692 2139 845 2205 generant,
857 2133 900 2186 vel
914 2133 981 2202 quia
1021 2154 1091 2193 num
1105 2141 1200 2208 pluria
1213 2141 1335 2210 pondua.

182 2224 321 2296 subjectos
342 2225 390 2296 pio
404 2223 497 2279 studio
510 2222 670 2293 gubernant
698 2228 727 2276 et
748 2227 859 2292 regunt.
877 2220 906 2274 Si
916 2236 980 2275 ver0
1055 2225 1100 2284 20.
1113 2229 1298 2296 Profundum.
1310 2229 1483 2284 Profundum
1494 2229 1634 2284 internum
1650 2235 1738 2284 vocat.
1748 2229 1821 2284 Orat

80 2379 83 2384 1
180 2330 232 2387 per
251 2315 335 2368 coelos
358 2313 472 2382 angelos
487 2311 610 2380 intelllgi
628 2311 726 2378 voluit,
747 2310 917 2371 credendum
938 2315 982 2363 est
1021 2330 1088 2386 ergo
1116 2316 1266 2387 Apostolus
1285 2323 1423 2388 quatenus
1450 2317 1509 2372 haeo
1522 2323 1642 2389 quatuor
1655 2319 1764 2389 possint
1777 2318 1823 2372 in-

180 2403 305 2458 minores
319 2402 443 2472 angelos.
456 2407 549 2472 patres
562 2399 707 2454 nominare
722 2400 981 2469 majores;quoquo
1020 2405 1157 2475 palligero,
1187 2412 1216 2460 et
1238 2406 1390 2472 intellecto,
1417 2406 1473 2461 oria
1501 2413 1643 2478 appetere,
1663 2422 1751 2462 unum
1778 2407 1822 2460 vi.

179 2497 276 2546 tamen
291 2490 375 2544 modo
389 2489 531 2544 sententis
544 2487 720 2558 intelligitur,
736 2486 810 2541 bona
827 2486 981 2557 paternitas
1020 2498 1095 2551 tare,
1733 2491 1736 2502 '

178 2579 299 2650 intelligi
311 2578 408 2645 debet,
430 2594 521 2650 neque
534 2577 610 2631 enim
620 2593 653 2630 ex
667 2577 725 2631 Deo
740 2575 789 2629 illa
799 2581 869 2641 erat,
880 2576 915 2629 do
925 2590 980 2646 qua
1055 2582 1087 2640 21
1101 2585 1227 2638 Anauon,
1243 2583 1338 2656 (Epist,
1365 2582 1415 2639 11⁶2
1434 2587 1471 2639 oo
1490 2587 1642 2639 Paulinam
1651 2585 1689 2639 ιιι
1703 2585 1822 2637 videndo

180 2669 210 2724 in
228 2668 379 2738 Evangelio
398 2666 490 2721 dicit:
513 2668 556 2720 Vos
572 2671 696 2734 eapotre
721 2664 830 2718 diodoto
848 2667 919 2718 estis.
946 2663 981 2718 Et
1020 2673 1081 2737 neo,
1098 2688 1156 2742 cap.
1185 2669 1229 2737 23,
1254 2677 1323 2727 tom.
1347 2673 1394 2742 II.)
1411 2673 1441 2728 Ut
1451 2675 1636 2741 impleamini.
1662 2672 1823 2743 Sicimple-

179 2756 247 2811 alibi
265 2775 270 2810 :
285 2755 320 2810 ab
335 2757 418 2809 initio
434 2755 553 2808 mendas
568 2758 615 2818 tol,
641 2758 670 2806 et
696 2757 777 2824 pater
796 2751 855 2821 elus
870 2757 978 2823 patrem
1019 2758 1126 2815 buntur
1146 2760 1176 2814 in
1190 2776 1302 2814 omnem
1315 2759 1517 2832 plenitudinem
1535 2759 1596 2821 Dei.
1612 2776 1669 2815 non
1682 2776 1746 2814 curn
1760 2759 1824 2814 ius·

179 2844 329 2911 mendacii,
345 2843 488 2898 diabolum
501 2842 605 2898 dicens.
1019 2847 1077 2902 rint
1089 2854 1118 2903 et
1130 2847 1185 2919 ipsi
1198 2848 1298 2919 plenus
1313 2848 1396 2916 Deus,
1418 2849 1467 2903 sed
1486 2865 1549 2903 eum
1572 2847 1677 2903 fuerint
1694 2847 1822 2919 perfecte

218 2934 258 2990 lt
285 2933 408 2988 Auousr.
431 2931 529 3004 (Epist.
549 2929 599 2987 120
614 2931 650 2984 lle
662 2931 757 2998 pratia
770 2931 841 2984 Noui
858 2929 936 2996 Test,
952 2945 975 2984 e.
1019 2936 1094 3007 plani
1110 2937 1176 2991 Deo.

176 3017 221 3088 26,
239 3027 308 3077 tom.
332 3022 380 3089 ΙΙ.)
404 3023 564 3076 [indicativi
574 3020 699 3088 fundali.
721 3018 848 3074 Radlcati
864 3024 979 3090 prOpber
1053 3023 1099 3082 2⁸2.
1112 3025 1235 3084 Asopos,
1248 3028 1280 3082 Ut
1289 3029 1474 3095 impleamini,
1491 3026 1519 3080 id
1532 3030 1584 3092 ost,
1599 3030 1633 3080 ut
1646 3025 1736 3097 ipsum
1749 3042 1820 3097 ppo.

177 3110 381 3182 agriculturam
397 3128 403 3176 ;
432 3107 541 3162 fundati
557 3113 672 3180 propter
681 3107 893 3162 aedificationem
906 3126 913 3174 ;
938 3107 978 3161 di·
1019 3115 1147 3185 portione
1159 3114 1315 3170 eommunis
1327 3115 1451 3187 eorporis
1463 3113 1622 3182 videamini,
1633 3114 1663 3168 in
1673 3131 1728 3186 quo
1740 3115 1819 3170 Deus

177 3199 216 3254 cit
239 3200 315 3256 anim
331 3199 386 3254 alio
402 3198 481 3254 loco:
498 3200 545 3252 liei
555 3200 745 3264 agricultura,
766 3197 816 3250 liei
835 3197 978 3264 edificatio
1018 3202 1169 3260 inhabitat,

176 3291 248 3344 estis.
987 3275 1013 3337 Β
1053 3289 1098 3346 13.
1115 3291 1149 3344 Ει·
1162 3295 1254 3346 aute-m
1266 3293 1317 3360 qui
1326 3294 1430 3360 potens.
1441 3291 1508 3345 Post
1516 3289 1614 3361 gratiae
1624 3287 1820 3344 narrationem

214 3375 257 3432 15.
280 3377 402 3430 Manes.
436 3375 468 3429 dt
490 3375 607 3442 possitis.
624 3373 684 3427 Hoc
702 3377 745 3427 est
757 3378 792 3427 ut
804 3373 834 3427 in
847 3373 978 3428 fruitione
1020 3383 1083 3432 orat
1097 3395 1148 3450 pro
1162 3378 1226 3445 illis,
1251 3385 1280 3433 et
1307 3378 1358 3433 sub
1383 3394 1460 3449 spem
1476 3379 1520 3448 [sa
1540 3378 1643 3449 specie]
1658 3379 1819 3449 gratiarum

176 3465 240 3520 rita
250 3463 420 3528 consistatis,
433 3462 507 3534 quod
523 3460 645 3516 ostendit
655 3460 773 3515 dicando
783 3477 846 3515 cum
861 3461 975 3528 sanctis,
1019 3467 1137 3522 actionis
1162 3466 1330 3523 concludens
1355 3467 1528 3538 dogmaticos
1556 3483 1700 3522 sermones
1718 3467 1821 3538 incipit

176 3569 242 3607 nam
258 3551 446 3618 latitudinem,
473 3550 689 3622 longitudinem,
706 3550 887 3620 protundum.
905 3549 977 3604 nni-
1019 3555 1138 3615 ethicos,

176 3641 303 3698 tudinem
314 3640 381 3695 dicit
389 3640 488 3712 gratia
499 3638 733 3709 magnitudinem,
750 3655 782 3693 ex
796 3637 840 3692 his
855 3638 976 3693 nomini·
1054 3645 1099 3703 24,
1120 3645 1226 3702 [Νι.
1252 3644 1351 3700 sycon·
1374 3649 1547 3700 osculorum,
1570 3646 1709 3700 saeculum
1732 3661 1823 3701 smu-

174 3731 227 3788 bus
242 3729 387 3804 quaeapud
397 3745 448 3783 nos
462 3744 565 3798 magna
577 3743 637 3782 esse
649 3726 787 3794 videntur,
802 3743 862 3792 oro,
872 3727 973 3799 inquit,
1017 3735 1110 3790 lorum
1120 3739 1162 3790 est
1174 3735 1316 3790 eternitas
1326 3735 1406 3804 cujus
1424 3739 1519 3804 partes
1545 3739 1612 3788 sunt
1638 3739 1766 3806 tempora
1787 3741 1819 3790 et

176 3837 240 3890 cum
256 3819 360 3874 sanctis
374 3818 423 3872 illa
440 3823 497 3872 tam
521 3833 624 3887 magna
648 3816 799 3872 donatione
817 3817 868 3871 Dei
889 3833 974 3888 quam
1017 3823 1112 3878 omnia
1125 3823 1236 3878 saecula.
1251 3822 1348 3877 Potest
1363 3821 1447 3876 etiarn
1457 3821 1577 3893 intelligi
1591 3822 1691 3876 secula
1701 3822 1819 3878 moulo-

172 3907 306 3984 praestitil
317 3905 397 3961 nobis
408 3904 530 3960 charitas
539 3904 653 3959 Christi.
1015 3928 1088 3978 rum,
1111 3912 1162 3967 hoc
1179 3928 1301 3984 presens
1314 3911 1446 3966 seculum
1465 3911 1499 3965 ab
1513 3911 1594 3966 initio
1613 3910 1711 3966 mundi
1725 3927 1819 3982 usque

211 3997 255 4054 td.
265 3998 392 4052 Aususr.
410 3996 502 4064 (ibid.)
525 3993 587 4060 Qua
605 3997 642 4048 sit
653 3995 781 4049 latitudo.
798 3993 930 4050 Latitudo
943 3995 973 4050 in
1014 4001 1149 4055 adfinem
1169 4001 1254 4056 simul
1268 3998 1453 4068 intellectum,
1468 3999 1541 4072 quod
1565 4000 1596 4054 in
1609 4000 1700 4055 multa
1713 4001 1818 4056 meula

173 4086 254 4146 bonis
262 4084 402 4158 operibus,
415 4081 716 4155 quibusbenevolentia
725 4081 973 4155 porrigiturusque
1013 4088 1156 4144 dividitur.

174 4177 210 4235 sd
224 4174 380 4248 diligendos
393 4171 535 4240 inimicos,
550 4176 579 4226 et
593 4169 750 4242 longitudo,
760 4177 792 4226 ut
804 4172 972 4242 longanimi·
1049 4177 1183 4233 CARIV.
1199 4176 1263 4234 —l.
1278 4178 1403 4233 Ansaos.
1424 4178 1479 4246 lios
1490 4179 1608 4246 pinctus.
1631 4177 1673 4231 Ad
1683 4192 1817 4232 reveren·

171 4271 217 4324 ter
231 4282 281 4338 pro
296 4265 349 4320 hac
362 4262 510 4318 latitudine
524 4261 659 4316 molestie
673 4261 844 4330 tolerentur3
861 4268 890 4318 et
904 4262 969 4318 lati·
1012 4267 1081 4322 tiam
1092 4271 1192 4333 mutat,
1213 4265 1280 4337 quia
1293 4265 1414 4336 adjecit:
1431 4265 1486 4334 Epo
1498 4269 1606 4320 vinctus
1622 4268 1653 4319 in
1672 4267 1788 4320 Domino
1805 4287 1815 4332 ,-

171 4354 251 4422 tudo‚
276 4361 309 4409 ut
326 4367 377 4426 pro
400 4352 444 4406 his
470 4357 616 4410 aeternum.
633 4352 707 4421 quod
723 4348 753 4406 in
768 4352 896 4423 supernis
915 4356 967 4420 est,
1010 4356 1034 4412 si
1047 4355 1160 4427 quidem
1181 4356 1243 4426 ipsa
1257 4354 1369 4409 vincula
1386 4359 1502 4426 propter
1519 4353 1746 4425 pradicationem
1758 4353 1815 4408 ha-

171 4443 329 4518 praemium‚
344 4456 401 4497 uon
415 4455 518 4495 sanum
528 4438 634 4511 aliquid
648 4441 803 4512 temporale
817 4446 945 4512 speretur
960 4461 967 4510 ς
1010 4444 1076 4500 bere
1091 4444 1212 4500 uidetur.

171 4527 967 4605 etprotundum,signiticatproiunditatemgratuitaegra·
1044 4533 1073 4588 2.
1091 4533 1182 4588 Unum
1198 4547 1306 4602 corpus,
1330 4531 1382 4586 hoc
1404 4535 1458 4597 est,
1473 4531 1546 4586 hanc
1566 4529 1706 4586 unitatem
1721 4529 1817 4587 illiba·

171 4623 228 4688 tire,
243 4623 274 4676 in
289 4636 345 4693 qua
360 4617 512 4674 multorum
523 4617 638 4688 ingenia
649 4625 843 4688 conterantur,
859 4617 1000 4693 investi-0
1010 4628 1068 4679 tam
1096 4618 1243 4685 custodita,
1263 4636 1313 4692 per
1335 4633 1434 4691 pacem
1458 4625 1487 4674 et
1505 4619 1671 4674 charitatem
1686 4639 1692 4688 ς
1713 4625 1742 4674 et
1759 4619 1816 4676 hoc

170 4727 238 4786 gare
265 4714 412 4775 conantur,
438 4712 471 4762 ut
492 4705 528 4761 ad
551 4713 709 4762 extremum
733 4707 773 4762 eis
796 4706 928 4762 dicatur:
947 4709 968 4764 0
1008 4727 1069 4766 esse
1081 4709 1269 4765 necessarium
1280 4707 1376 4763 multis
1389 4706 1480 4762 modis
1490 4708 1637 4763 ostendere
1650 4706 1750 4762 nititur
1759 4724 1816 4778 per

171 4802 260 4868 honio,
277 4803 308 4852 ιιι
323 4801 429 4867 quises,
446 4799 495 4866 qui
509 4799 669 4867 respondeas
680 4798 755 4850 lieo?
1007 4817 1041 4856 es
1055 4804 1295 4871 quaesequuntur.

208 4888 251 4945 17.
267 4888 369 4942 Laura.
386 4887 523 4940 latitudo.
545 4886 676 4940 Latitudo
689 4885 913 4942 Christianorum
927 4892 970 4941 est
1046 4887 1071 4947 3.
1086 4889 1188 4943 Laura.
1222 4887 1312 4942 Unuin
1322 4902 1419 4957 corpus
1434 4891 1458 4941 et
1474 4902 1549 4940 unua
1563 4889 1692 4954 spiritus.
1715 4881 1815 4942 Unum

171 4977 263 5046 cordis
273 4975 436 5048 amplitudo,
453 4975 489 5029 ad
503 4973 627 5030 dandum
642 4981 671 5030 et
684 4975 904 5030 subveniendum
918 4992 969 5047 pro
1010 4977 1120 5033 habetis
1134 4976 1274 5050 spiritum,
1298 4976 1370 5032 sicut
1384 4977 1451 5032 estis
1474 4993 1562 5032 unum
1580 4993 1691 5048 eorpus,
1706 4981 1816 5034 utnon

170 5069 229 5128 Deo
249 5066 277 5123 io
300 5070 436 5139 quantum
452 5069 545 5136 potest
565 5063 661 5120 :unde
674 5065 744 5120 alias
758 5065 862 5120 dieitur
874 5083 881 5120 :
893 5067 969 5121 Dila-
1010 5068 1071 5148 sitis
1079 5066 1258 5122 schismatici.

170 5161 274 5217 lamini
288 5162 312 5212 at
324 5172 381 5214 ιιοι.
1045 5155 1072 5214 l.
1083 5157 1209 5212 meaos.
1221 5156 1255 5210 ln
1268 5157 1477 5224 uniaeespiritas.
1494 5153 1615 5227 Spiritus
1631 5153 1680 5226 qui
1697 5170 1748 5210 nos
1764 5172 1814 5211 re·

208 5247 251 5306 18.
267 5247 428 5315 longitudo.
445 5243 612 5316 Longitudo‚
626 5263 687 5316 quae
707 5251 736 5301 et
756 5245 826 5302 alias
840 5245 968 5316 longani-
1008 5246 1169 5318 generarit3
1183 5260 1294 5316 corpus,
1308 5243 1410 5315 inquit,
1427 5261 1479 5316 per
1491 5244 1734 5316 regenerationem
1743 5260 1814 5302 con-

170 5335 255 5396 mitas
268 5336 380 5402 dieitur,
398 5333 427 5389 id
443 5340 495 5402 est,
509 5335 677 5406 exspectatio
687 5335 905 5407 promissionum
917 5335 968 5390 Dei
1007 5338 1106 5393 sistere
1114 5335 1257 5391 videmini.

170 5445 235 5488 aum
245 5426 390 5484 alacritate
403 5419 515 5480 mentis
1036 5425 1070 5490 ,5.
1083 5427 1135 5494 Qus
1145 5441 1226 5494 super
1241 5440 1343 5480 omnes.
1371 5423 1426 5490 Qui
1453 5423 1584 5480 omnibus
1604 5423 1808 5495 supereminet.

209 5515 436 5580 leublivnilos.
454 5513 619 5574 Sublimitas
627 5513 873 5594 estvitatoelestis.
888 5515 968 5574 Unde
1008 5516 1069 5574 Hoc
1082 5513 1159 5572 enim
1174 5513 1242 5571 dicit
1270 5527 1354 5588 super
1376 5530 1484 5584 omues,
1514 5513 1562 5586 qui
1586 5519 1616 5568 et
1636 5528 1688 5588 per
1711 5513 1810 5571 omnia
