3872 6162
16 5469 17 5480 i

16 5499 18 5510 t

95 269 155 332 rora
612 253 824 338 consenui.
845 278 1014 341 arnonae.
1036 307 1069 320 -
1089 276 1157 337 me.
1177 279 1202 340 1.
1657 277 1726 337 icae

92 401 302 467 tartesiacum
319 407 370 458 aut
381 401 410 456 in
424 402 542 474 privatis
554 403 653 458 diebus
663 409 782 476 pergunt
792 406 821 460 in
837 404 1047 478 eo-Aquenda.
1063 404 1144 468 Quod
1159 405 1183 460 si
1198 403 1344 460 matutinae
1353 402 1462 458 tardius
1472 403 1663 474 explentur,ut
1672 408 1725 462 ali·

93 488 201 558 quinam
225 495 257 544 ut
271 490 411 562 accipiant
422 491 500 546 fabas
515 511 520 547 :
536 492 638 563 quibus
652 495 774 564 acceptis
793 496 888 550 lavant
928 495 1039 568 quando
1053 493 1212 564 contigerit,
1224 492 1344 546 maxime
1355 492 1382 546 in
1392 491 1471 545 festis
1480 492 1627 564 praecipuis
1634 502 1662 549 et
1672 514 1724 551 ees-

92 592 131 630 eas
141 577 291 648 diligenter
318 595 397 650 aquae
424 585 492 634 tunc
520 581 636 646 infusae,
660 581 688 636 in
716 600 772 655 qna
800 585 885 638 etiam
927 581 1726 655 tivalibuS,etsignurnadprimammaturiusestpulsan·

90 665 245 722 faciunteas
260 675 425 738 pernoctare
440 669 564 724 caldario
578 669 649 724 benc
664 679 805 742 cooperto.
826 674 886 728 lla·
927 673 1085 735 damtune
1100 671 1178 743 prius
1193 687 1276 740 quam
1290 671 1358 741 quid
1368 671 1443 724 aliud
1456 669 1726 736 facianttabulare·

89 755 181 812 tutinis
200 757 353 814 Dominica'e
368 759 423 812 diei
435 759 560 830 expletis,
573 760 685 830 quando
700 761 741 816 illi
756 763 804 833 qui
819 781 887 834 prae-
926 761 1039 826 elinata,
1056 761 1139 814 horas
1158 759 1350 814 adordiantur.
1367 757 1479 830 Siquid
1499 766 1635 826 remanet,
1651 763 1726 834 quod

89 845 164 900 terita
176 845 529 912 hebdomadaservierunt,
544 848 579 902 ad
598 849 718 918 gradum
742 851 886 906 venientes
927 857 992 904 ante
1006 851 1126 922 primam
1143 865 1199 903 non
1214 848 1398 914 cantaverint,
1414 864 1469 900 non
1485 853 1528 901 est
1552 851 1724 906 consuetudo

89 934 139 988 Deo
151 936 261 1004 gratias
272 942 361 1006 agunt
375 951 425 1006 pro
435 938 677 991 consummatione
688 939 794 1008 peracti
808 940 887 995 obse·
928 944 960 992 ut
970 945 1032 1009 post
1046 938 1165 1010 primam
1180 941 1310 991 cantetur
1323 935 1352 989 in
1367 935 1534 991 'manifesto
1551 936 1612 1002 Qua
1634 939 1724 1006 finita,

90 1022 140 1094 quii
153 1023 229 1077 bunc
247 1040 358 1078 versum
374 1031 418 1078 ter
427 1041 490 1078 cum
505 1025 591 1079 totius
605 1032 758 1082 convontus
773 1044 887 1100 respon·
928 1028 970 1082 vel
985 1028 1008 1082 si
1023 1033 1066 1080 est
1080 1027 1109 1080 in
1122 1026 1237 1098 privatis
1253 1023 1349 1080 diebus
1361 1031 1422 1096 post
1439 1026 1613 1096 evangelium
1634 1027 1724 1084 missae

90 1111 159 1165 sione
173 1111 317 1166 dicentes:
333 1115 503 1174 Benedictus,
521 1116 635 1168 Borriinc
649 1116 729 1177 Deus,
743 1119 792 1184 qui
801 1119 885 1186 adju·
927 1116 1105 1172 matutinalia
1115 1116 1192 1170 clera
1207 1115 1329 1170 caldario
1340 1113 1537 1170 immittuntet
1551 1123 1611 1189 post
1620 1118 1726 1190 capitu·

89 1203 145 1254 cisti
158 1217 213 1262 me,
228 1206 252 1256 et
266 1205 419 1256 consolatus
434 1219 460 1254 es
478 1218 530 1267 iric,
547 1203 593 1256 isti
603 1202 670 1256 item
679 1203 708 1257 in
719 1203 884 1276 obsequium
925 1204 984 1260 lum
1000 1204 1028 1258 in
1041 1205 1160 1258 alterum
1175 1202 1253 1258 fabas
1267 1204 1380 1261 iterato.

89 1289 190 1354 facturi,
206 1289 257 1344 Dei
268 1290 439 1360 adjutorium
455 1295 555 1361 petunt
582 1291 622 1346 ita
647 1289 770 1347 dicentes
791 1296 883 1348 :Beier
960 1292 1107 1362 Accipiunt
1132 1291 1242 1346 lardum
1257 1289 1342 1358 (lib),
1360 1289 1407 1362 qni
1432 1308 1496 1345 cum
1518 1291 1724 1366 aliquantulum

90 1381 115 1432 in
124 1379 298 1445 adjutorium
314 1395 406 1432 mrum
419 1381 538 1444 intende,
550 1384 602 1434 etc.
613 1380 738 1443 'Quodsi
751 1381 814 1452 quis
824 1383 884 1437 illo·
923 1387 1018 1436 coctus
1037 1382 1132 1444 faerit,
1148 1398 1211 1436 cum
1227 1379 1348 1434 oleribus
1359 1381 1589 1452 exprimuntinde
1599 1383 1725 1454 sagimen

89 1483 142 1520 rum
157 1465 196 1520 ibi
212 1483 335 1536 praesens
350 1483 406 1522 non
421 1467 517 1532 fuerit,
535 1467 582 1539 qui
597 1474 665 1524 tunc
678 1470 887 1540 proximusstat
925 1470 995 1526 labis
1008 1470 1277 1542 superfundendum.
1294 1470 1411 1539 Propter
1419 1469 1492 1540 quod
1507 1474 1602 1524 tamen
1617 1471 1652 1524 ad
1668 1489 1725 1526 ma-

92 1553 306 1610 benedictioncm
323 1573 373 1626 pro
389 1555 504 1611 absente
517 1557 639 1628 accipit;
656 1559 705 1612 scd
724 1559 771 1613 ille
789 1565 885 1614 tamen
922 1560 1011 1628 jerem
1028 1560 1141 1614 missam
1157 1575 1214 1614 non
1229 1575 1326 1612 omnes
1342 1575 1371 1614 se
1386 1557 1565 1623 subtrahunt,
1593 1559 1642 1614 sed
1668 1561 1724 1616 duo

88 1641 113 1696 in
126 1643 247 1698 crastino
264 1660 315 1716 pre
330 1645 383 1698 hac
396 1645 523 1715 neglecta
538 1647 646 1700 veniam
667 1647 746 1718 petit.
763 1665 809 1702 co.
830 1649 884 1703 Pro
925 1654 1036 1704 tantum
1051 1648 1235 1720 etpraecipue,
1252 1647 1276 1701 si
1292 1647 1340 1718 qni
1350 1663 1446 1700 eorum
1464 1651 1530 1700 sunt
1541 1642 1644 1713 idiotae,
1661 1649 1724 1722 qui-

89 1732 245 1788 escentibus
264 1739 330 1788 sunt
345 1734 456 1788 dicendi
471 1735 598 1790 versiculi
613 1752 630 1789 a
644 1736 786 1790 sacerdote
800 1755 806 1789 :
821 1729 1081 1792 Sci-ansautem
1094 1753 1149 1791 non
1169 1736 1252 1790 debet
1278 1753 1294 1790 a
1320 1733 1557 1789 commilitonibus
1582 1735 1723 1794 indultum

90 1837 127 1874 eos
139 1824 282 1888 laeseram
293 1841 302 1886 ,¹
315 1826 452 1887 Cererertc,
476 1826 602 1891 Donn'nc,
621 1843 770 1894 usquequo,
795 1843 884 1898 eaque
925 1843 996 1893 esse,
1013 1833 1044 1881 nt
1060 1826 1183 1896 aliquam
1200 1825 1335 1896 privatam
1352 1825 1466 1877 missam
1481 1823 1589 1893 possint
1612 1825 1720 1882 audire.

89 1911 208 1978 collecta,
221 1914 292 1966 Deos
307 1916 354 1966 cui
368 1929 474 1980 semper
481 1915 644 1976 frumilinm,
662 1919 713 1971 etc.
727 1917 883 1970 Misericors
924 1917 970 1982 lli,
988 1922 1017 1969 ut
1033 1915 1207 1985 praemissum
1221 1921 1272 1978 est,
1287 1912 1414 1982 sagimen
1427 1911 1557 1974 fundunt,
1574 1918 1602 1966 et
1611 1931 1661 1984 per
1675 1931 1722 1970 eos

86 2014 112 2050 uc
122 2001 331 2066 pir'ssz'rnefleus,
342 2001 500 2067 quietique
510 2002 632 2068 serenator
642 2002 883 2056 tucaprointran-
924 2007 1027 2060 iterum
1042 2003 1111 2058 fabae
1122 2005 1265 2061 calefiunt.
1281 2001 1327 2066 Hi,
1339 2001 1362 2055 si
1381 2018 1451 2073 opus
1463 1999 1584 2056 viderint
1597 2017 1647 2074 pro
1661 2019 1722 2058 mo-

87 2085 151 2140 tibus
176 2103 240 2142 vero
270 2088 365 2143 Sericos
387 2089 434 2156 soc
452 2105 555 2152 cervom
580 2091 657 2144 lfittc
680 2096 728 2156 cis,
755 2093 879 2156 donnino,
923 2109 987 2148 rosa
999 2091 1133 2154 coctione,
1150 2095 1180 2144 ut
1191 2088 1487 2162 aniplinsaquasuper
1498 2087 1721 2156 oleramittatur,

89 2172 185 2228 Omtio.
923 2187 1059 2252 quantum
1076 2180 1188 2234 mittere
1203 2175 1308 2244 volunt,
1321 2175 1443 2248 primum
1453 2176 1482 2230 in
1497 2177 1638 2248 sartagine
1652 2177 1723 2232 cale·

118 2263 195 2320 Prius
210 2265 296 2320 etiam
311 2281 397 2338 quarn
415 2271 569 2321 conventus
589 2273 692 2322 exeunt
710 2268 744 2322 dc
763 2269 879 2324 ecclesia
922 2267 1043 2332 faciunt;
1060 2268 1125 2340 quia
1140 2285 1173 2322 ea
1188 2273 1343 2322 naturaest
1356 2266 1464 2320 olerum
1481 2269 1514 2319 ut
1527 2265 1562 2320 de
1582 2281 1657 2337 aqua
1676 2265 1724 2320 tri·

89 2352 113 2406 S.
128 2353 228 2416 narie,
247 2359 280 2410 ut
294 2372 323 2409 sc
339 2355 449 2426 possint
463 2356 581 2410 calciare
594 2363 622 2410 et
636 2357 749 2411 interim
764 2358 880 2412 descen·
921 2353 1260 2426 gidasuporcmhabcant
1289 2351 1467 2407 deteriorem·
1497 2351 1617 2406 Cavetur
1636 2351 1722 2408 etiam

89 2441 154 2508 dero,
171 2443 239 2498 dum
254 2450 407 2499 conventus
422 2445 457 2500 ad
471 2445 644 2500 necessarias
655 2453 717 2513 est;
734 2463 834 2501 manus
853 2453 882 2502 et
923 2459 986 2496 cnm
1002 2443 1138 2498 mittenda
1150 2448 1216 2498 sunt
1230 2443 1260 2496 in
1275 2441 1440 2504 caldarium,
1455 2445 1558 2496 utnon
1576 2438 1632 2496 alia
1648 2455 1722 2514 aqua

88 2529 162 2586 facies
173 2532 269 2586 lavant
282 2539 311 2588 et
325 2534 469 2602 pectinant
484 2553 490 2600 ;
508 2533 613 2589 faciunt
624 2539 682 2588 tres
697 2535 882 2600 orationesut
923 2550 1005 2606 quam
1022 2529 1056 2586 de
1072 2531 1177 2587 fervida
1202 2533 1339 2586 laventur.
1366 2529 1447 2585 Fabae
1475 2547 1531 2584 non
1553 2527 1724 2586 condiuntur

87 2620 164 2674 moris
178 2625 221 2674 cst
236 2620 264 2674 in
280 2621 407 2688 ecclesia,
422 2625 446 2676 si
462 2623 567 2677 intrare
592 2623 744 2696 potuerint,
777 2624 801 2678 si
825 2642 881 2680 non
923 2639 974 2676 nec
989 2621 1071 2692 adipe
1083 2627 1265 2692 sparguntur,
1281 2619 1335 2674 nisi
1343 2619 1454 2690 qnando
1462 2624 1596 2690 percoctae
1605 2617 1719 2686 fuerint,

88 2725 164 2779 prope
179 2710 251 2764 fores
280 2711 410 2766 ecclcsiae.
443 2713 453 2734 *
481 2713 506 2765 Λ
535 2711 660 2766 calendis
688 2718 783 2768 autem
805 2720 881 2769 octo·
922 2727 958 2764 nc
977 2711 1049 2764 forte
1064 2709 1276 2780 mora-longiori
1291 2709 1332 2762 sal
1344 2709 1542 2762 evanescatsst
1557 2709 1581 2761 si
1596 2724 1723 2764 unusco-

90 2795 138 2850 bris
151 2799 289 2870 usquead
303 2800 412 2854 Pascha
426 2800 505 2854 linita
519 2802 610 2872 prima
630 2801 736 2856 vadunt
761 2802 789 2856 in
815 2803 880 2856 dor·
922 2816 1040 2872 quorum
1055 2799 1183 2864 voluerit,
1198 2815 1254 2852 non
1269 2795 1458 2862 estillicitum,
1471 2797 1505 2850 dc
1519 2795 1581 2868 ipsa
1591 2797 1721 2852 fabarum

88 2885 258 2959 mitoriumpt
268 2889 444 2944 diurnalibus
453 2906 484 2944 sc
492 2887 628 2956 calciant,
647 2907 747 2945 manns
759 2892 881 2946 etfacies
922 2905 996 2961 aqua
1010 2888 1156 2959 paululum
1171 2884 1326 2958 praelibare,
1347 2889 1379 2940 ut
1394 2881 1501 2957 probet,
1517 2881 1541 2940 si
1561 2883 1632 2940 bene
1664 2885 1721 2942 sint

88 2973 170 3030 lavant
184 2981 214 3030 et
226 2977 380 3048 pectinant,
393 2985 430 3044 et,
444 2979 467 3032 si
479 2979 541 3034 fieri
557 2985 659 3050 potest,
674 2980 766 3050 ignem
786 2997 881 3035 accen·
921 2976 1049 3032 conditae.

88 3063 301 3130 dunt,utfmita
314 3067 423 3132 litania,
439 3045 911 3140 adquamnequaquamdesunt,C
956 3061 1362 3134 admixtumnonaccipiunt.
1378 3061 1524 3135 nisiquod
1545 3064 1574 3118 S·
1601 3065 1721 3120 Benedi-

89 3151 152 3208 idcm
167 3155 241 3226 ignis
258 3155 294 3210 sit
309 3156 479 3228 inpromptu
491 3157 526 3212 ad
537 3158 777 3232 supermittendas
790 3157 879 3212 fabas.
921 3159 981 3208 ctus
996 3153 1131 3225 praecipit,
1146 3157 1275 3225 quartam
1290 3157 1398 3223 partem
1414 3151 1494 3223 panis
1516 3151 1622 3224 absque
1648 3149 1721 3209 libra

88 3255 128 3296 un.
142 3241 284 3300 intrantes
294 3245 442 3316 coquinam
457 3247 552 3300 livvnnt
566 3246 643 3300 fabas
658 3248 745 3302 ternis
759 3248 880 3319 aquic,et
921 3261 981 3306 sua,
994 3249 1022 3296 et
1035 3243 1069 3296 de
1085 3241 1149 3297 vino
1163 3261 1169 3310 ;
1186 3239 1235 3296 sed
1250 3246 1345 3296 tamen
1359 3257 1392 3296 ea
1406 3241 1460 3308 die,
1477 3258 1533 3312 qua
1545 3243 1649 3314 aliquis
1661 3243 1719 3298 fre-

88 3331 121 3384 sic
134 3333 249 3388 mittunt
262 3349 348 3405 super
362 3335 465 3404 ignem.
476 3337 558 3406 Aqua
571 3335 694 3390 caldario
709 3337 880 3392 fervescente
921 3339 996 3387 trum
1009 3345 1072 3404 post
1085 3332 1219 3402 majorem
1236 3330 1350 3385 missam
1363 3330 1599 3402 sepelitur,minte
1613 3337 1719 3388 carent.

88 3425 112 3474 et
123 3438 235 3492 spumas
249 3421 401 3478 ebulliente
416 3425 531 3494 ejiciunt
542 3441 590 3478 eas
600 3425 709 3495 Jugiter
721 3432 880 3481 transverso
921 3419 1013 3475 finita
1027 3421 1097 3474 hora
1112 3426 1260 3492 postquam
1275 3425 1342 3474 sunt
1357 3419 1486 3474 refecturi
1509 3420 1619 3482 fratres,
1647 3422 1720 3476 cele-

88 3511 225 3576 coebleari,
240 3528 278 3568 ne
292 3511 364 3566 forte
375 3513 458 3568 simul
469 3530 533 3567 cum
545 3514 652 3584 spumis
665 3519 881 3585 supernatantes
921 3511 991 3564 riter
1001 3514 1113 3577 exeunt,
1128 3516 1160 3565 ut
1185 3509 1263 3563 fabas
1278 3508 1484 3574 administrent,
1501 3509 1544 3563 vel
1559 3508 1594 3563 ad
1606 3509 1721 3566 initium

86 3593 147 3652 fabae
162 3598 356 3670 projiciantur.
373 3599 448 3663 Quas
462 3601 546 3654 etiam
562 3616 577 3653 a
591 3601 677 3655 fundo
692 3602 793 3672 sepius
816 3620 880 3657 cnm
921 3599 1021 3671 psalmi
1035 3601 1162 3653 lliscrcrc
1178 3615 1211 3652 ea
1224 3598 1269 3652 die
1281 3614 1336 3668 qua
1350 3598 1497 3662 radantur,
1509 3596 1587 3652 autsi
1597 3599 1722 3670 psalmus

87 3686 139 3754 ipso
153 3688 293 3742 cochleari
304 3688 456 3756 diversant,
472 3706 508 3744 ne
522 3707 586 3744 cum
602 3690 699 3744 arandi
720 3691 879 3759 debuerint,
921 3705 976 3743 non
990 3693 1121 3742 cantetur
1135 3688 1171 3740 ad
1190 3703 1286 3758 preces
1300 3691 1411 3742 exeunt.
1428 3685 1565 3750 Quorum,
1581 3686 1629 3758 qui
1644 3687 1722 3756 prior

86 3775 417 3848 sapiantignisodorcm.
435 3778 699 3834 Folliculitabarum
719 3780 881 3835 cumsein-
922 3775 1119 3838 cst,sitamen
1136 3773 1205 3829 bene
1225 3773 1343 3840 noverit,
1366 3779 1394 3828 et
1422 3773 1507 3844 huJ'us
1527 3779 1570 3830 est
1599 3775 1722 3848 virtutis,

85 3860 183 3932 cipiunt
197 3864 316 3936 aperire,
334 3881 391 3920 non
415 3869 582 3937 permittunt
597 3884 643 3920 eas
658 3868 780 3939 amplius
796 3885 881 3940 super
921 3880 984 3917 cum
999 3863 1136 3918 cochleari
1147 3863 1182 3917 ad
1199 3861 1250 3916 hoc
1264 3863 1337 3917 facto
1351 3861 1430 3916 fabas
1442 3862 1563 3917 mittitin
1577 3864 1719 3931 seutellas;

83 3948 180 4018 ignem.
196 3954 276 4023 Aqua
291 3953 394 4024 frigida
413 3955 517 4009 iterum
532 3956 745 4026 refrigerantur,
760 3958 880 4012 iterum·
921 3953 1097 4025 aliiportant
1118 3952 1154 4005 ad
1181 3969 1302 4018 mensas,
1332 3968 1349 4006 a
1378 3951 1526 4024 principali
1553 3951 1719 4023 incipientes

83 4053 130 4106 que
144 4040 283 4095 cochleari
297 4041 352 4096 huc
368 4049 396 4097 et
410 4043 475 4098 illae
489 4044 676 4100 diversantur.
687 4044 880 4101 blittunturin
921 4058 1026 4096 nicosa
1041 4041 1081 4095 De
1097 4039 1243 4094 oleribuse
1258 4037 1399 4095 contrario
1409 4039 1471 4094 lieri
1494 4040 1574 4106 solet,
1597 4057 1658 4112 qnae
1679 4039 1722 4096 ita

83 4141 161 4182 unarn
174 4146 295 4202 cuppam
310 4129 460 4186 habentem
476 4133 672 4203 cooperculum
686 4132 757 4187 bene
770 4150 881 4206 eompa-
920 4129 1206 4196 administrantem
1223 4128 1373 4183 novissimo
1386 4129 1529 4200 incipiant.

83 4215 388 4283 gnatumcmdarium
403 4236 513 4291 qnoque
528 4220 558 4275 in
571 4237 626 4292 quo
636 4221 882 4292 coquebantur,in·
956 4219 1079 4274 Scutella
1094 4218 1185 4289 posita
1198 4234 1262 4272 cum
1277 4216 1346 4288 ipsis
1368 4217 1489 4273 oleribus
1504 4223 1570 4274 ante
1584 4221 1720 4277 domnum

85 4304 217 4361 trinsecus
231 4323 322 4378 neque
336 4308 372 4362 ad
382 4309 503 4363 nitidum
515 4309 881 4380 lavatur.(uo.)Reclinatur
921 4307 1050 4362 abbatem
1063 4307 1106 4362 vel
1118 4306 1252 4378 priorem,
1268 4305 1316 4378 qui
1331 4323 1393 4360 eam
1408 4307 1547 4378 apposuit,
1560 4326 1622 4364 cum
1639 4312 1719 4382 signo
1754 4355 1761 4364 .

83 4393 163 4449 etiam
174 4395 271 4450 tabula
288 4397 323 4451 ad
339 4397 474 4468 parietem
489 4397 632 4465 inclinata,
648 4398 678 4453 in
695 4416 790 4471 quam,
814 4416 879 4456 eum
920 4397 1054 4452 mediocri
1069 4395 1211 4450 licentiam
1222 4393 1322 4467 querit
1335 4412 1352 4449 a
1364 4396 1541 4466 presidente,
1557 4403 1590 4452 ut
1611 4397 1719 4455 scillam

84 4481 177 4539 lavatae
187 4485 303 4552 fuerint,
314 4495 459 4558 ponuntur
470 4494 512 4554 ;et
522 4487 584 4558 ipsa
591 4487 686 4542 tabula
694 4489 879 4562 totadesuper
916 4486 1016 4558 jubeat
1037 4485 1161 4540 sonare*
1176 4485 1237 4548 Quo
1245 4491 1387 4538 annuente
1400 4484 1545 4556 paululum
1557 4487 1721 4556 inclinat,et

81 4569 235 4629 infunditur
249 4591 325 4646 aqua
334 4582 363 4630 et
377 4575 500 4646 tergitur
511 4576 616 4648 scopis:
624 4578 704 4648 prius
714 4583 879 4634 tarnencon·
920 4573 955 4629 ad
970 4575 1077 4629 scillam
1092 4573 1205 4628 veniens
1216 4573 1326 4628 tamdiu
1340 4579 1431 4640 sonat,
1448 4591 1594 4647 quousque
1609 4577 1721 4648 juvenis

80 4669 156 4716 sueta
166 4664 349 4720 inclinatione
361 4663 515 4736 praemissa,
528 4671 573 4720 ter
587 4682 687 4721 rursus
701 4664 880 4723 dicuntbunc
920 4665 1070 4718 benedicite
1082 4658 1199 4733 incipiat
1213 4662 1406 4734 pronuntiare.
1415 4666 1482 4731 (un.)
1498 4663 1591 4720 Sedet
1604 4665 1720 4724 interim

80 4753 434 4824 versum,queminchoro
462 4753 611 4809 dixerunt:
639 4755 688 4810 sed
717 4761 812 4812 tarrren
835 4757 879 4813 bic
919 4751 987 4805 dum
1001 4747 1195 4804 benedietioa
1219 4749 1362 4805 Sacerdote
1384 4751 1567 4822 compleatur,
1588 4753 1721 4825 praelattls

77 4839 208 4908 adjuncta
221 4842 298 4896 trina
311 4842 469 4898 vieedloria
484 4843 729 4910 Patri,D0minica
740 4845 878 4913 oratione,
919 4839 1027 4912 dapifer
1041 4844 1099 4895 stat
1116 4839 1228 4894 inclinis
1249 4843 1314 4894 ante
1330 4839 1572 4909 architriclinium,
1598 4849 1627 4898 et
1651 4851 1728 4900 tunc·

76 4943 152 4984 versu
167 4931 353 4999 Adiutorium
369 4937 506 5000 nostram,
518 4931 682 4988 etc.Iterum
690 4933 764 4988 facto
778 4940 878 4990 unteet
918 4929 985 4984 facit
997 4933 1063 4984 anie
1078 4935 1106 4983 et
1116 4933 1202 4984 reiro·
1218 4927 1297 4994 Q¹¹⁰d
1314 4929 1437 4984 medium
1456 4929 1541 4986 datur
1553 4931 1628 4987 inter
1641 4933 1719 4990 fabas

75 5027 157 5086 retro,
176 5021 217 5075 ita
229 5021 345 5076 demum
358 5019 636 5079 tabulamreclinant.
649 5025 876 5080 Cantantomnes
919 5023 948 5073 et
961 5017 1047 5081 olera,
1065 5023 1121 5072 tres
1138 5017 1197 5072 dies
1211 5017 1240 5072 in
1253 5017 1421 5091 septimana,
1441 5019 1469 5073 id
1502 5027 1545 5076 est
1575 5021 1646 5076 feria
1673 5039 1720 5076 se-

75 5104 155 5162 horas
171 5111 316 5180 regulares
337 5126 387 5182 pro
411 5127 490 5165 more
509 5111 718 5166 canonicorum.
739 5113 877 5185 Vesperos
918 5106 1009 5162 cunda
1019 5112 1048 5161 et
1062 5113 1171 5178 quarta,
1184 5111 1212 5162 et
1227 5113 1305 5162 sexta
1318 5104 1390 5163 solet
1403 5125 1464 5163 esse
1476 5109 1620 5180 pietantia,
1634 5125 1718 5180 quam

76 5211 123 5264 pro
136 5198 267 5254 fidelibus
282 5199 422 5254 defunctis
435 5200 496 5254 loco
511 5201 721 5272 snoimponunt
731 5203 803 5256 etad
813 5201 878 5256 ulti·
919 5195 982 5251 aliis
997 5193 1095 5252 diebus
1108 5197 1273 5266 generale...
1295 5197 1424 5253 Gcrzcrcle
1445 5198 1628 5269 appellamus,
1643 5195 1718 5266 qnod

77 5299 151 5340 mum
176 5289 258 5344 Verbo
272 5305 341 5342 inco.
358 5289 453 5344 Effusa
466 5295 560 5344 autem
574 5307 647 5362 aqua
660 5291 790 5346 lavantur
812 5307 881 5346 scu·
920 5285 951 5340 in
961 5285 1079 5356 singulis
1093 5285 1217 5340 scutellis
1229 5287 1322 5341 datur.
1337 5287 1515 5352 Pietcntr‘nm,
1534 5285 1607 5355 quod
1620 5283 1649 5338 in
1662 5298 1719 5339 una

77 5375 158 5442 tettae,
173 5375 333 5432 infunditur
348 5393 381 5432 ea
395 5378 558 5447 calefienda,
575 5395 631 5452 qua
643 5379 721 5434 olera
736 5383 802 5436 sunt
828 5395 877 5434 co-
919 5373 1035 5430 scutella
1050 5374 1159 5430 duobus
1168 5373 1244 5429 verbi
1254 5374 1357 5448 gratia.
1373 5371 1530 5445 Aliquando
1544 5389 1595 5443 pro
1606 5372 1716 5446 pietan-

112 5555 191 5626 (tte)
203 5557 275 5614 ll‘me
288 5559 382 5615 mam
395 5559 547 5629 lardirium,
563 5575 614 5618 ceu
627 5557 715 5636 „larda
739 5561 815 5638 qnod
841 5554 877 5617 ob
898 5553 1038 5612 defectum
1051 5553 1107 5612 olei
1120 5554 1260 5612 obvanam
1281 5550 1426 5626 momphin
1446 5565 1610 5610 accessum
1623 5551 1686 5612 fuit.
