3900 6168
229 287 283 354 m
731 283 864 342 uoulzo
882 273 1131 340 incantatus
1149 277 1356 340 arisoouus.
1791 290 1834 350 itt

228 412 441 477 celebratissimi
463 413 494 471 in
519 411 659 470 Chronico
678 425 730 468 suo
752 409 924 466 mentionem
947 409 1131 474 fecitdctat,
1146 407 1294 480 inculpatae
1309 407 1448 481 etprobce,
1464 411 1513 467 sed
1524 409 1610 467 animi
1619 413 1775 485 pmfervidi,
1785 414 1834 470 ins·

227 510 381 582 Postquam
400 520 466 560 vero
490 519 552 577 qua
573 499 719 574 deperdita
738 498 904 554 videbantur
917 497 1022 572 ingenii
1063 497 1158 562 cundi,
1172 497 1389 554 adversitatibus
1404 500 1570 572 exasperati,
1580 507 1610 556 et
1622 501 1787 560 subobtentu
1800 521 1836 560 ve

227 599 289 670 ejus
298 598 481 652 monumenta
494 590 630 665 paulatim
643 606 659 646 e
673 589 770 648 forulis
778 587 1021 654 bibliothecarum,
1062 585 1333 651 ritatisasserendas,
1349 589 1485 660 usquead
1496 589 1648 646 Christiani
1661 591 1795 662 sanguinis
1805 594 1836 647 ef-

226 685 402 742 eruditorum
411 681 593 754 indagatione
601 677 1023 752 proeminerecoepemnt,indu·
1062 673 1201 730 fusionem
1214 676 1385 731 ferocientis.
1398 678 1464 742 Qnae
1473 679 1837 754 quidemanimiimpoteatia

225 776 295 833 stria
307 774 337 830 in
352 774 445 847 ipsum
459 776 603 828 auctorem
617 769 743 826 curatius
757 767 920 839 indagandi,
937 767 1021 824 simul
1062 779 1119 819 non
1135 765 1224 821 solum
1240 766 1434 835 adversitates,
1450 767 1611 826 inimicitias
1626 770 1836 843 calamitatesque

224 866 345 922 excitata
357 870 410 921 est.
1063 855 1295 926 quamplurimas,
1305 856 1355 911 sed
1367 856 1459 928 ipsam
1469 857 1591 930 denique
1605 865 1720 916 mortem
1734 876 1836 932 eamque

260 957 339 1013 inter
355 953 462 1027 primos
481 947 652 1007 Perdinandi
673 947 794 1018 Ughelli,
811 945 1019 1019 Antiquitatum
1061 942 1283 1000 crudelissimam
1294 945 1385 1000 eidem
1400 947 1555 1002 accersivit.
1572 947 1639 1020 Eius
1652 948 1693 1004 rei
1707 965 1836 1020 argumea

224 1043 477 1104 ecclesiasticarum
501 1039 589 1096 ltaliae
612 1037 727 1094 statoris
750 1035 855 1103 eximii,
873 1032 1021 1106 diligentia
1061 1035 1122 1088 tum
1134 1033 1255 1088 maxime
1266 1049 1409 1106 premens,
1426 1051 1496 1108 opus
1510 1037 1604 1108 ipsum
1621 1042 1673 1104 est,
1687 1037 1755 1109 quod
1764 1037 1836 1110 primi

222 1133 348 1190 emicuit.
364 1132 485 1188 Secutum
497 1133 541 1186 est
549 1126 697 1199 Ughellum
705 1124 849 1181 indefesse
859 1129 888 1180 et
901 1124 1020 1195 copiosae
1060 1119 1106 1176 hic
1117 1137 1151 1176 ex
1163 1122 1368 1194 antiquissimis
1379 1124 1835 1198 membranisedinvuaDepersecu-

222 1219 390 1280 eruditionis
403 1217 615 1289 bibliogrnpbus
638 1216 740 1271 Petrus
761 1213 953 1278 Lambeccius‚
970 1212 1018 1284 qui
1060 1209 1136 1265 tione
1147 1211 1317 1269 Ecclesiaead
1327 1213 1467 1270 Amicum.
1478 1215 1511 1270 ln
1521 1231 1577 1286 quo
1591 1215 1706 1270 unioein
1722 1215 1747 1271 id
1757 1214 1836 1271 erudi·

222 1312 258 1368 de
269 1309 415 1376 Banbone,
426 1307 571 1363 occasione
591 1304 695 1377 reperti
709 1304 738 1358 in
753 1319 817 1358 arce
832 1301 1018 1358 Ambrasiana
1058 1297 1144 1355 tionis
1154 1305 1183 1355 et
1193 1301 1467 1373 eloquentimuervos
1475 1303 1596 1359 intendit
1605 1309 1710 1370 auctor,
1722 1309 1751 1359 ut
1758 1321 1835 1360 sacm-

222 1398 325 1456 codicis
339 1414 435 1470 agens,
450 1401 483 1452 ut
492 1395 539 1450 ille
548 1392 623 1466 apud
633 1391 795 1449 Ciceronem
809 1411 821 1443 r
834 1391 862 1446 in
878 1407 939 1446 eam
955 1407 1018 1463 pro·
1058 1403 1121 1442 rum
1137 1388 1306 1458 litterarum,
1322 1391 1450 1458 Patrum,
1461 1409 1601 1450 canonum
1616 1398 1644 1449 et
1657 1393 1834 1449 historicomm

220 1489 340 1545 vinciam
356 1487 396 1543 sic
405 1485 517 1558 copiose
531 1484 670 1557 perfectus
684 1487 739 1554 est,
753 1487 785 1537 ut
802 1480 879 1536 domi
901 1497 1017 1553 prorsus
1059 1478 1206 1533 sententiis
1219 1479 1249 1536 in
1263 1497 1322 1536 rem
1338 1497 1418 1538 suam
1433 1482 1661 1546 accommodatis,
1672 1482 1835 1555 persuaderet

219 1579 291 1636 nihil
305 1577 486 1648 relinqueret.
504 1593 518 1628 a
1057 1582 1115 1621 sue
1128 1567 1257 1624 factionis
1276 1569 1447 1638 hominibus,
1463 1570 1547 1628 liccru
1571 1571 1678 1628 homini
1693 1571 1833 1628 Christiano

254 1666 357 1724 Boniso
372 1665 460 1737 igitur
470 1667 598 1735 tempora
613 1661 708 1734 magni
723 1659 798 1714 illius
810 1659 928 1716 dissidii.
940 1659 1015 1732 quod
1057 1655 1202 1727 religionis
1216 1659 1373 1726 veritatem,
1391 1661 1478 1716 armis
1491 1667 1521 1716 et
1532 1661 1618 1729 ferro,
1632 1662 1705 1717 ultro
1715 1677 1832 1716 asserere

216 1771 320 1830 papam
337 1755 413 1810 inter
421 1751 590 1824 Gregorium
608 1751 659 1806 Vll
675 1755 704 1806 et
717 1749 913 1806 ilenricule
927 1723 1047 1821 impe·B
1058 1743 1138 1808 Quod
1150 1745 1197 1802 ille
1208 1763 1291 1818 quam
1303 1749 1440 1804 veraciter
1449 1765 1592 1822 quamque
1600 1751 1767 1822 pertinenter
1774 1766 1834 1822 pra·

216 1839 849 1915 retoremjuraclaviumetgladiihorrendum
861 1839 1014 1894 inmodum
1054 1833 1169 1894 stiterit.
1185 1834 1244 1908 ipse
1260 1837 1368 1905 viderit,
1383 1839 1473 1894 etalii
1492 1838 1677 1896 arbitrentur.
1698 1837 1834 1896 Nobis‘ioc

216 1933 404 1999 conturbavit,
420 1945 609 1987 arumnosam
630 1929 715 1984 vitam
731 1927 1013 2000 egit,ct1.smbeccit
1054 1922 1114 1978 loco
1127 1923 1203 1979 aliud
1219 1925 1289 1980 nibil
1303 1927 1478 1999 propositum
1497 1945 1584 2000 quam
1607 1927 1759 1984 calamitosi
1769 1927 1833 1982 illius

216 2022 331 2095 quidem
343 2020 445 2092 elogio,
455 2019 572 2092 pietate,
583 2017 741 2072 eruditione
756 2021 785 2071 ot
793 2016 952 2072 constantia
959 2017 1014 2072 cla·
1054 2012 1212 2070 schismatis
1226 2013 1356 2071 tenebras
1371 2033 1443 2072 nova
1456 2017 1519 2080 hac,
1532 2018 1585 2074 elsi
1609 2018 1687 2091 picea
1698 2023 1727 2073 et
1737 2017 1833 2074 fumosa

214 2111 343 2168 tissimus
361 2108 478 2164 emicuit
502 2105 666 2163 clericalem
679 2104 766 2160 vitam
785 2105 930 2177 amplexus
944 2104 1012 2160 dum
1052 2101 1113 2156 face
1132 2118 1211 2174 aque
1232 2105 1434 2176 conflagrantis
1458 2123 1530 2178 pene
1553 2107 1719 2164 Christiana
1733 2105 1832 2179 pietatis

212 2199 318 2256 caelibis
333 2199 396 2254 vita
406 2196 500 2252 officia
510 2212 566 2251 non
576 2195 667 2250 sotum
677 2193 789 2266 scriptis
798 2193 847 2250 sed
857 2196 1011 2267 etaangui-
1052 2189 1135 2246 busto
1146 2197 1237 2264 rapta,
1251 2210 1335 2266 porro
1348 2195 1502 2255 illustrare.

211 2287 328 2345 aetneri
337 2285 490 2352 contendit,
503 2284 611 2357 primus
621 2282 840 2338 mansuetudine
850 2284 1011 2355 evangelica
1087 2279 1126 2335 Eo
1139 2280 1227 2353 igitur
1245 2281 1368 2356 ingenio,
1384 2285 1499 2342 turbido
1522 2291 1552 2342 et
1571 2285 1674 2344 acerbo
1696 2303 1755 2344 cum
1769 2289 1832 2342 asset

211 2377 323 2441 excidit,
334 2383 364 2432 et
372 2374 478 2448 gladio,
490 2390 574 2448 quem
584 2373 615 2429 in
625 2373 800 2429 adversarios
814 2372 1009 2445 stringendum
1051 2367 1164 2435 Bonizo,
1176 2371 1302 2443 privatus
1318 2373 1473 2430 etiamnum
1490 2374 1645 2432 multorum
1666 2375 1694 2431 in
1708 2393 1736 2431 sc
1748 2375 1831 2432 odium

209 2467 379 2541 scriptorum
398 2479 514 2520 suorum
536 2471 566 2518 et
589 2462 825 2518 declamationum
840 2464 916 2518 velut
929 2462 1007 2530 tuba,
1050 2458 1251 2528 concitaverat,
1268 2462 1402 2519 adversus
1414 2480 1484 2535 quos
1497 2464 1616 2520 loannis
1630 2464 1737 2522 abbatis
1748 2481 1832 2538 preces

208 2556 321 2614 miseris
334 2553 391 2610 illis
406 2558 436 2610 et
449 2553 583 2624 utrinque
597 2551 736 2624 pudendis
749 2551 935 2624 temporibus,
946 2569 1009 2624 pcr-
1050 2545 1192 2620 implorat,
1203 2555 1235 2606 ut
1246 2551 1352 2607 scilicet
1366 2552 1504 2608 orat-ionis
1517 2569 1575 2610 suaa
1591 2559 1670 2610 scuto
1683 2553 1718 2609 ab
1730 2553 1831 2610 emulo-

207 2646 328 2704 snadsre
341 2643 494 2709 nitebatur,
511 2642 613 2698 misere
636 2641 751 2697 tandem
766 2647 795 2696 et
807 2639 960 2696 barbarum
978 2641 1007 2697 in
1049 2649 1112 2691 rum
1127 2653 1193 2693 eum
1206 2639 1355 2696 latratibus
1369 2647 1537 2713 pmtegeret,
1555 2658 1676 2714 quorum
1691 2642 1782 2699 denies
1791 2658 1832 2715 pa

207 2734 323 2792 modum
339 2731 433 2806 pariit.
478 2741 484 2754 ·
1048 2723 1115 2791 tius,
1125 2725 1227 2798 quibus
1239 2726 1513 2786 dilaceranduserat.
1522 2739 1672 2787 mansueto
1682 2730 1831 2804 etpmdenti

241 2821 533 2884 Privatuaetiamnum
543 2824 572 2876 et
579 2818 743 2892 priusquam
753 2818 908 2891 majoribus
915 2819 1007 2876 Eccle-
1047 2813 1163 2870 condito
1174 2822 1286 2873 caveret
1296 2817 1452 2889 oportebat.
1464 2819 1643 2876 rEmulorum
1658 2837 1721 2876 vero
1730 2819 1831 2876 nomine

205 2915 255 2972 sia
265 2909 450 2985 dignitatibus
459 2910 666 2972 admoveretur,
673 2908 816 2982 epitomen
826 2909 1006 2982 augustinia·
1046 2900 1210 2960 Lambecclo
1225 2904 1388 2978 interprete,
1404 2907 1562 2964 sacerdotes
1576 2907 1640 2964 sine
1659 2907 1741 2965 dubio
1754 2907 1831 2964 Simo

178 2993 180 2998 ’
204 3002 502 3074 namldequapostea
517 2998 638 3072 plenius)
649 2997 685 3053 ad
699 2998 837 3053 loannem
857 2998 1004 3054 Gualberti
1046 2991 1119 3047 niaci
1133 2998 1162 3048 et
1173 2994 1344 3051 schismatici
1368 2996 1577 3068 intelliguntur,
1594 3015 1658 3054 cum
1677 2997 1774 3070 quibus
1792 2996 1828 3051 uti

202 3092 243 3166 (ἲ)
252 3089 341 3148 Vallis
350 3088 495 3148 Umbrosre
504 3088 532 3142 in
541 3088 655 3143 Etruria
669 3085 809 3154 abbatem,
821 3087 1006 3144 charitatiset
1045 3080 1098 3152 ipsi
1117 3088 1215 3138 sancto
1229 3083 1324 3140 abbati
1343 3085 1455 3153 loanni,
1467 3085 1507 3142 sic
1518 3085 1605 3144 etium
1626 3086 1721 3143 amicis
1739 3086 1794 3156 ejus
1806 3089 1831 3138 et

203 3177 429 3238 mausuetudinis
438 3175 604 3234 Christianae
613 3174 752 3248 insignem
763 3176 1001 3247 magistmmuti·
1044 3168 1189 3243 discipulis
1208 3177 1238 3228 at
1261 3175 1400 3246 precipue
1413 3175 1537 3247 ‘quidem
1559 3175 1695 3234 Bonicom
1709 3179 1831 3248 perpetua

202 3285 269 3328 nam
283 3267 425 3325 etsuurnl
441 3265 581 3321 volumine
603 3265 696 3320 adbuc
715 3264 865 3338 superstite
880 3267 1004 3339 perscri·
1043 3257 1137 3314 fuerat
1147 3260 1370 3335 gravissimaque
1379 3264 1532 3320 contentio.

202 3358 269 3433 psit.
283 3355 470 3429 «Composuit
479 3359 573 3410 nutem
584 3353 679 3422 (verba
688 3353 847 3410 Lambeccii
858 3355 1002 3426 ponimus)
1078 3349 1221 3405 ueterum
1234 3357 1308 3408 recte
1316 3353 1424 3424 colligit
1436 3352 1532 3410 virille
1546 3355 1729 3421 darismmus,
1739 3369 1797 3410 cum
1806 3351 1830 3406 iu

201 3449 276 3506 hanc
289 3447 432 3520 epitomen
445 3442 681 3516 Augustinianam
696 3447 762 3498 ante
775 3443 889 3499 initium
910 3445 1002 3517 ponti·
1044 3454 1078 3494 ea
1101 3439 1263 3512 praefatione
1286 3441 1357 3497 nihil
1382 3449 1566 3508 memoretur,
1584 3445 1660 3516 quod
1675 3443 1829 3500 &nizonem

202 3539 303 3594 antus
318 3533 447 3607 Gregorii
468 3532 531 3596 Vll,
552 3531 606 3586 boc
628 3537 672 3586 est
694 3537 760 3587 anta
773 3549 880 3587 annum
896 3532 1001 3588 christi
1043 3528 1087 3583 vel
1100 3528 1262 3601 episcopum
1277 3530 1320 3585 vel
1332 3531 1457 3587 exsulem
1480 3531 1596 3600 indicet,
1609 3549 1676 3589 eum
1690 3549 1757 3606 opus
1768 3529 1829 3586 illud

200 3625 283 3692 ⁴073,
297 3623 340 3681 uti
353 3627 432 3696 patet
444 3638 478 3677 cx
500 3620 619 3693 epistola
630 3619 813 3686 dedicatoria,
828 3637 891 3693 quaa
901 3622 1001 3677 loanni
1043 3617 1219 3689 priusquam
1235 3617 1263 3673 in
1277 3618 1438 3692 episcopum
1454 3621 1604 3677 Sutrinum
1618 3621 1827 3686 clectusfuisset,

204 3713 300 3772 abbati
321 3711 455 3783 inscripta
465 3716 508 3766 est
517 3708 568 3782 (3).
586 3729 597 3761 v
610 3709 697 3780 Cujus
707 3707 814 3764 obitum
827 3709 861 3765 acl
875 3710 1002 3782 ejusdem
1043 3704 1242 3778 composuisse.

204 3802 272 3860 anni
285 3800 359 3857 diem
369 3799 483 3855 xnlulii
494 3799 625 3870 ejusacta
635 3797 770 3862 reierunt,
780 3798 903 3870 primum
918 3799 1003 3855 inter·
1078 3796 1121 3850 flu
1137 3812 1202 3852 vero
1216 3796 1318 3853 Bonizo
1328 3797 1449 3855 abbatim
1468 3800 1497 3857 S.
1511 3799 1588 3856 Petri
1608 3801 1644 3858 de
1662 3803 1773 3874 Campo,
1787 3800 1830 3855 Pe·

204 3887 510 3965 polataaSurioltomo
520 3887 578 3956 IV),
591 3891 687 3959 postca
706 3903 772 3942 vero
783 3894 901 3944 amorte
915 3889 1001 3944 Lam·
1042 3884 1121 3952 rusii,
1138 3890 1199 3941 tum
1214 3887 1349 3960 temporis
1363 3889 1515 3961 prefuerit,
1536 3897 1566 3946 et
1588 3891 1626 3948 ad
1646 3893 1736 3964 ipsum
1751 3887 1829 3964 perti·

202 3979 290 4037 beccii
303 3975 635 4052 genuincotincorrupte
649 3974 732 4031 edita.
1041 3979 1137 4040 neaut,
1154 3991 1215 4047 quac
1238 3993 1272 4031 ex
1292 3976 1396 4048 placito
1417 3995 1492 4036 anno
1513 3977 1593 4048 totu,
1614 3981 1689 4039 inter
1711 3979 1828 4036 abbatem

239 4069 331 4140 liujus
343 4067 431 4139 igitur
443 4065 560 4121 loannis
574 4063 683 4120 abbatis
693 4064 929 4122 vallumbrosiani
945 4083 1002 4122 ma·
1041 4063 1127 4135 hujus
1138 4063 1260 4120 nominis
1274 4066 1443 4122 etlfaurum
1453 4066 1829 4142 depraedioqnodaminpra

202 4159 278 4217 xime
291 4158 406 4212 hortatu
428 4154 663 4227 Augustinianam
681 4154 764 4210 istam
779 4155 921 4228 epitomen
936 4156 1002 4212 seri·
1042 4153 1134 4209 sentia
1143 4153 1279 4209 Bratricis
1291 4153 1370 4210 ducis
1380 4156 1563 4214 etbiathildis
1572 4159 1745 4230 paciscentes
1753 4155 1830 4214 refert

203 4255 281 4324 ptam
290 4246 378 4303 fuisse
389 4243 648 4302 Lambecciovisum
659 4249 712 4310 est,
721 4259 755 4300 eo
763 4244 873 4316 quodin
882 4244 1002 4318 epistola
1041 4239 1159 4298 illustris
1173 4241 1345 4298 Muratorius
1353 4241 1401 4314 (il,
1412 4243 1457 4313 iis,
1469 4243 1518 4317 qui
1531 4245 1601 4302 locis
1616 4245 1794 4304 controuersia
1805 4247 1830 4298 et

201 4333 408 4409 nuncupatoria
417 4349 548 4406 expresse
558 4333 693 4404 legatur«
708 4333 999 4404 ipsiinsudatumcsse
1041 4332 1233 4388 monumentis
1251 4348 1349 4388 eorum
1367 4331 1513 4390 viciniores
1528 4339 1619 4408 agunt
1632 4334 1828 4394 discutiendum

201 4425 277 4485 istud
288 4441 368 4497 opus,
385 4424 462 4478 vhoc
471 4426 561 4490 estut
571 4421 630 4493 ipse
642 4421 855 4494 interpretatur,
871 4441 885 4474 a
901 4397 1237 4494 secun-”relinquimus

202 4518 270 4574 dam
284 4514 373 4588 ipsius
386 4510 559 4568 voluntatem
574 4514 603 4565 et
615 4509 645 4566 in
660 4509 750 4580 ipsius
762 4527 845 4567 usum
860 4527 917 4568 non
932 4513 998 4568 abs·
1074 4511 1117 4566 Ad
1132 4511 1278 4568 Sutrinum
1293 4527 1358 4567 vero
1372 4512 1565 4587 episcopatum
1580 4515 1695 4588 quando
1707 4527 1829 4590 pervene-

200 4623 256 4682 que
273 4604 376 4661 sudore
395 4599 465 4674 illud
480 4615 513 4656 ex
528 4598 659 4655 omnibus
672 4599 702 4656 S.
718 4600 871 4672 Augustini
884 4602 998 4675 scriptis
1038 4599 1078 4656 rit
1090 4599 1193 4656 Bonizo
1204 4605 1388 4658 monumenta
1402 4601 1532 4660 Ecclesia
1542 4603 1735 4679 illius,parum
1744 4603 1828 4660 adbuc

200 4695 349 4752 collectum
368 4695 398 4747 et
410 4687 584 4746 elaboratum
604 4704 679 4748 csse.
698 4707 712 4742 a
1038 4687 1157 4746 feliciter
1171 4690 1287 4759 refossa,
1302 4708 1360 4748 non
1369 4693 1438 4748 satis
1453 4693 1602 4752 definiunt.
1616 4695 1750 4769 Ughellus
1760 4692 1827 4765 (blaa

235 4785 304 4842 Erat
316 4785 422 4847 autem,
442 4781 475 4834 ut
495 4777 582 4834 camd
603 4777 657 4834 hoe
673 4793 816 4850 moneam,
839 4779 943 4836 Eonizo
955 4781 997 4838 vir
1037 4777 1066 4833 in
1084 4779 1151 4834 seda
1163 4795 1238 4836 anno
1256 4777 1322 4838 tota
1337 4782 1465 4839 floruisse
1476 4783 1723 4841 tradit2001ettus
1731 4783 1826 4839 veroin
1900 4781 1903 4796 '

197 4866 994 4948 pmsaculosuononperfunctoneeruditusvitaedam,
1036 4865 1228 4924 additionibus
1251 4868 1287 4924 ad
1308 4868 1384 4925 idem
1409 4887 1489 4943 opas,
1505 4877 1619 4945 tempus
1640 4871 1787 4946 praevertit,
1800 4873 1826 4924 et

198 4980 261 5038 quse
273 4960 387 5036 quidem
402 4973 515 5018 mamm
537 4961 567 5010 et
583 4953 736 5029 disciplina
757 4958 909 5030 puritatem
929 4977 995 5033 spe·
1036 4971 1142 5012 annum
1159 4955 1228 5016 ¹075
1241 4959 1357 5014 mavult.
1369 4959 1481 5031 Ughelli
1492 4961 1576 5017 verba
1589 4962 1650 5018 haec
1668 4966 1736 5019 sunt
1749 4961 1778 5033 li.
1792 4975 1822 5024 a,

194 5140 309 5216 proprio
324 5137 422 5196 Bonus
429 5135 727 5222 estquemadmodum
735 5135 993 5224 DomniaoaDom-
1070 5131 1110 5208 (3)
1123 5135 1281 5194 Commeat.
1297 5135 1332 5194 de
1344 5140 1416 5210 Aug.
1430 5139 1506 5224 Cas.
1522 5138 1724 5200 bibl.llindob.
1735 5095 1783 5196 lib.
1793 5107 1824 5192 ri.
1898 5133 1902 5140 '

193 5231 258 5300 uus,
274 5212 371 5294 Gunao
390 5227 409 5266 a
430 5209 605 5274 Guntherus,
621 5207 710 5276 Enao,
724 5207 761 5263 ab
774 5209 881 5277 Encas,
897 5211 992 5266 etaim
1033 5223 1084 5278 cap
1114 5205 1142 5275 8,
1155 5225 1184 5291 p.
1199 5225 1238 5264 m.
1260 5207 1323 5266 787.
1337 5210 1372 5265 ln
1387 5227 1550 5296 recensione
1564 5212 1624 5268 cod,
1642 5230 1696 5268 ms.
1712 5228 1744 5268 aa
1756 5212 1821 5266 Ama

194 5299 524 5428 eliitgliviriiiriussuriua
543 5366 579 5406 ue
591 5349 776 5407 Gualbertum
787 5367 991 5476 perperamve·
1032 5275 1221 5416 gabrpffiava
1236 5281 1272 5337 ad
1288 5281 1445 5338 ewam
1458 5281 1658 5340 mmmmm
1669 5283 1821 5341 mmmm

853 5438 871 5477 u

191 5431 258 5510 caut
279 5423 445 5510 observante
466 5421 535 5510 Lam
556 5419 640 5491 accio,
662 5427 691 5478 et
709 5419 753 5476 his
764 5422 831 5506 duci
873 5439 991 5507 suerror
1063 5416 1107 5492 (l)
1120 5419 1209 5480 ltalia
1220 5422 1319 5480 media
1331 5423 1501 5498 Antiquitat.
1521 5430 1545 5483 t.
1569 5427 1605 5486 11.
1628 5425 1677 5483 fol.
1694 5423 1754 5491 955.
1770 5421 1821 5480 clia·

191 5497 275 5580 hpdve
285 5495 415 5564 invaluit,
428 5499 517 5570 patna
533 5508 648 5566 nomen,
671 5493 774 5550 loanni
791 5493 851 5549 diro
864 5493 990 5550 tribuen·
1029 5497 1097 5547 sert.
1118 5491 1183 5576 131..

190 5567 236 5624 dv.
1063 5561 1104 5636 (5)
1121 5563 1209 5620 ltalia
1223 5579 1309 5622 sacra
1323 5569 1345 5622 t.
1361 5565 1386 5636 1,
1400 5566 1468 5625 edit.
1483 5565 1627 5628 maudo.
