3882 6172
242 267 295 329 tlt
727 263 774 324 AD
794 261 914 318 OPERA
932 263 965 318 ll.
985 258 1195 318 LANFRANGI
1214 261 1407 317 APPENDIX.
1816 263 1862 321 tls

242 410 274 450 se
283 411 340 450 non
353 392 465 464 longius
477 390 519 444 ire
529 403 614 460 quam
627 402 716 458 usqae
729 387 764 442 ad
778 388 944 442 Beccensem
958 387 1239 449 eccle-Amonachus
1250 386 1341 451 Becci,
1360 384 1461 440 deinde
1475 383 1562 439 abhas
1575 382 1759 451 cadomensis,
1778 385 1812 440 ad
1823 387 1863 442 ul-

242 483 314 537 siam
329 499 390 554 quse
405 485 466 534 erat
480 478 509 532 iu
524 477 624 542 vicino,
639 492 696 530 non
709 475 773 547 plus
788 492 845 530 uno
860 475 1001 540 milliario,
1014 481 1043 529 et
1083 477 1185 530 timum
1207 475 1431 548 archiepiscopus
1451 473 1660 529 Cantuarieusis
1679 473 1772 528 decem
1785 484 1811 529 et
1821 492 1864 532 no·

242 570 398 626 testabatur
407 567 511 623 hahere
521 583 551 621 se
566 565 648 619 tidem
664 564 721 619 illio
736 581 816 635 posse
829 565 953 635 recipere
969 563 1042 618 sanl-
1083 581 1144 618 vem
1161 565 1253 619 annis.

241 663 329 714 tatem
355 655 484 728 precibus
506 653 595 708 beatae
616 651 711 707 Marisa
739 653 837 706 matris
860 651 990 718 Domini,
1010 652 1041 706 in
1117 653 1296 724 TemporoS.
1311 651 1438 706 Anselmi
1453 649 1562 705 abbatis
1581 649 1660 705 Becci
1673 655 1729 706 tres
1743 656 1864 707 matrone

241 748 322 816 cujus
334 747 468 800 honorem
484 748 527 798 est
539 745 701 797 consecrata
715 741 777 812 ipsa
794 740 920 806 ecclesia,
937 747 965 795 et
981 757 1041 795 me·
1081 740 1189 797 nobiles
1216 740 1355 795 dederunt
1375 757 1405 794 se
1428 739 1458 794 in
1478 739 1680 808 subjectionem
1699 739 1784 806 Becci,
1802 741 1865 795 vide·

241 834 303 890 ritis
318 835 437 890 aliorum
451 836 631 897 sanctorum
647 833 676 883 et
694 834 725 882 ut
739 828 809 882 dixit
820 829 860 882 ita
873 828 949 894 fecit,
968 833 996 882 et
1009 833 1042 883 ut
1082 831 1148 885 licet
1162 829 1267 884 Basilia
1285 845 1356 883 uxor
1374 829 1500 899 Hugonis
1515 830 1550 884 de
1564 829 1698 894 Garnato,
1713 833 1741 883 et
1752 821 1865 884 Amlrida

241 921 362 977 credidit
375 922 416 976 ita
430 919 531 976 evenit.
544 918 667 974 Veniens
680 917 769 988 igitur
780 917 815 971 ad
830 933 938 971 sacram
952 918 1040 972 eccle·
1082 918 1174 990 neptis
1186 917 1275 988 ipsius
1289 917 1406 983 Basilis,
1425 923 1454 972 et
1467 918 1524 972 Eva
1537 934 1607 972 uxor
1619 917 1760 973 Guillelmi
1774 919 1865 989 Crispi-

240 1011 311 1066 siam
341 1011 433 1082 prima
461 1008 607 1064 Dominica
635 1007 788 1071 Adventus,
816 1023 877 1077 quae
904 1007 1042 1078 contingit
1081 1007 1120 1061 ni
1136 1007 1203 1071 Quae
1224 1012 1281 1061 tres
1296 1023 1359 1061 cum
1374 1007 1458 1062 simul
1480 1007 1559 1061 Becei
1573 1007 1706 1073 viverent,
1722 1007 1797 1077 qnasi
1810 1024 1864 1062 con·

239 1099 325 1154 tertio
335 1101 430 1154 Nonas
440 1095 610 1161 Decembris,
621 1095 746 1167 perstitit
758 1095 787 1149 in
800 1095 907 1167 porticu
919 1097 1040 1151 ecclesia
1080 1095 1212 1151 dixerunt
1223 1095 1277 1151 sibi
1290 1101 1322 1150 ut
1333 1097 1368 1150 de
1382 1096 1436 1150 hoc
1445 1096 1551 1150 mundo
1561 1111 1618 1150 una
1627 1095 1777 1166 postellam
1786 1102 1864 1151 trans·

240 1189 301 1261 ipso
321 1189 366 1243 die
394 1193 423 1242 et
450 1185 587 1258 sequenti,
617 1185 701 1239 tertio
724 1199 788 1238 vere
812 1184 858 1238 die
883 1184 966 1255 coepit
989 1185 1041 1240 ali·
1081 1184 1165 1250 irent,
1186 1188 1215 1238 et
1237 1182 1864 1254 tresDominicaselegerunt,inquibusvitam

242 1278 410 1348 quantulum
425 1275 568 1346 quiescere
581 1293 587 1341 ;
613 1280 704 1331 aetum
721 1276 764 1326 est
786 1278 879 1328 autem
894 1278 927 1327 ut
940 1279 1040 1344 quarto
1082 1273 1204 1328 flnirent.
1218 1274 1314 1328 Prima
1327 1279 1432 1340 autem,
1449 1273 1556 1328 scilicet
1569 1272 1696 1327 :imtrida
1709 1272 1812 1328 Basiliae
1825 1290 1864 1328 ne·

241 1367 286 1421 die
299 1365 424 1420 evenerit
436 1364 571 1419 festivitas
586 1362 661 1418 beati
681 1361 798 1416 Nicolai.
814 1363 852 1415 Eo
867 1362 922 1426 die,
939 1377 1041 1415 aurora
1081 1362 1146 1433 ptis,
1163 1379 1225 1432 quae
1239 1361 1405 1418 minoraret
1419 1367 1510 1428 aetate,
1528 1362 1605 1433 virgo
1620 1367 1716 1416 autem
1727 1377 1832 1432 corpore
1842 1366 1867 1416 et

238 1457 298 1526 jam
309 1454 499 1518 illucescente,
508 1469 571 1506 cum
580 1451 687 1521 janitor
696 1450 818 1505 ecclesiae
828 1449 1041 1518 Becci‚nomine
1083 1450 1140 1504 Deo
1151 1457 1272 1516 sacrata,
1286 1450 1390 1505 decidit
1402 1451 1431 1504 in
1442 1449 1646 1521 egritudinem,
1658 1455 1688 1505 et
1698 1450 1773 1505 venit
1784 1451 1816 1504 ad
1828 1467 1866 1505 ex·

240 1544 371 1608 ioannes,
397 1541 555 1612 aperuisset
579 1541 691 1610 januas,
721 1539 902 1593 reminiscens
925 1539 1039 1605 infirmi,
1082 1544 1204 1594 tremum
1215 1540 1370 1606 Dominica,
1388 1544 1489 1610 quarto
1503 1541 1599 1594 Nonas
1618 1539 1820 1602 ianuariiQua
1831 1555 1865 1593 se·

239 1631 353 1686 divertit
366 1630 401 1684 ad
423 1647 487 1684 eum
510 1628 558 1683 uhi
573 1627 694 1697 jacebat,
710 1627 757 1698 qui
770 1627 878 1682 invenit
891 1643 954 1681 eum
971 1627 1041 1697 vigi·
1081 1628 1170 1701 pulta,
1196 1628 1281 1698 ooepit
1305 1627 1441 1682 infirmari
1465 1627 1571 1683 Basilia
1591 1627 1706 1682 domina
1724 1628 1796 1697 eius3
1814 1643 1865 1698 quos

238 1721 616 1788 fantem,etantequameum
627 1716 734 1794 aliquid
744 1717 953 1787 interrogasset,
962 1701 1069 1771 infir-B
1081 1731 1144 1770 cum
1159 1732 1210 1787 per
1226 1716 1336 1787 aliquot
1350 1715 1409 1771 dies
1424 1716 1504 1786 gravi
1521 1716 1748 1770 incommoditate
1758 1716 1866 1786 corporis

239 1823 302 1861 mus
322 1823 387 1861 eum
400 1806 573 1877 preveniens
586 1805 656 1859 dixit
669 1821 699 1859 se
720 1809 812 1858 totum
828 1797 995 1860 exstinctum
1010 1810 1038 1858 et
1080 1805 1289 1873 molestaretur,
1304 1804 1396 1858 velata
1409 1809 1453 1858 est
1463 1820 1481 1857 a
1498 1803 1650 1859 Guillelmo
1665 1802 1867 1874 Rothomagensi

238 1910 357 1957 sanum,
375 1894 481 1962 janitor
503 1893 680 1963 interrogans
702 1892 813 1962 quando
830 1897 859 1946 et
878 1891 1038 1963 quomodo?
1080 1891 1300 1963 archiepiscopo,
1322 1891 1425 1964 sicque·
1444 1892 1577 1946 defuncta
1603 1897 1649 1948 est
1665 1892 1720 1947 alia
1737 1893 1867 1947 Dominica

237 1983 287 2037 ille
301 1982 455 2053 respondit.
471 1983 542 2036 Tota
563 1981 618 2035 ista
640 1985 721 2035 nocte
743 1979 813 2035 bene
835 1979 929 2044 habui,
946 1980 1039 2035 media
1079 1979 1321 2052 decimoseptimo
1337 1981 1475 2035 Calendas
1494 1980 1652 2046 Februarii,
1668 1987 1697 2035 et
1709 1982 1812 2052 sepulta
1831 1987 1866 2036 est

239 2076 333 2126 autem
358 2075 439 2124 nocte
462 2069 625 2134 obdormivi,
652 2074 681 2123 et
701 2069 879 2141 postmodum
904 2069 1038 2140 evigilans
1079 2073 1112 2122 ut
1132 2070 1220 2124 talem
1241 2084 1392 2141 personam
1409 2067 1534 2124 decebat.
1549 2069 1655 2136 Tertia,
1675 2069 1739 2135 Eva,
1753 2085 1805 2124 non
1825 2069 1866 2124 diu

238 2159 332 2215 inveni
345 2175 390 2212 me
415 2163 506 2214 totum
529 2157 705 2223 exstinctum,
730 2163 759 2211 et
781 2157 988 2228 refrigeratum,
1011 2163 1040 2212 et
1080 2156 1241 2229 supervixit,
1258 2175 1322 2212 nam
1349 2162 1431 2213 aetate
1447 2163 1476 2213 et
1490 2158 1607 2228 jejuniis
1631 2157 1867 2228 attenuata,coepit

239 2264 315 2303 nunc
329 2247 379 2303 Dei
392 2247 485 2318 gratia
498 2247 569 2301 hene
583 2246 652 2301 mihi
666 2251 718 2310 est,
741 2246 849 2301 meritis
873 2246 1039 2301 beatissimae
1080 2251 1196 2316 repente
1211 2245 1316 2302 viribus
1327 2247 1451 2318 corporis
1461 2245 1586 2302 destitui.
1599 2247 1668 2301 Post
1679 2251 1792 2301 mortem
1801 2246 1865 2301 enim

238 2337 372 2408 Virginis,
395 2336 425 2391 in
448 2336 528 2406 ouJus
551 2334 657 2390 honore
679 2335 735 2390 ista
750 2335 866 2390 ecclesia
879 2339 923 2390 est
941 2351 1039 2390 conse·
1080 2335 1132 2388 viri
1142 2335 1185 2389 sui
1199 2334 1342 2391 Gaillelmi
1352 2335 1473 2407 Crispini
1486 2335 1564 2390 omni
1577 2335 1868 2390 continentisesemsu-

239 2432 327 2483 crata.
346 2427 447 2480 Actum
462 2430 505 2480 est
517 2425 570 2478 hoo
584 2440 657 2478 anno
670 2422 875 2479 Inoarnationls
889 2423 1040 2478 Donvinicae
1080 2423 1192 2494 cipavit,
1211 2424 1346 2497 Beccique
1356 2441 1445 2494 usquc
1463 2425 1498 2479 ad
1511 2425 1596 2479 linem
1612 2424 1677 2479 vitae
1693 2425 1723 2478 in
1736 2424 1784 2479 Dei
1795 2422 1867 2478 servi·

238 2514 387 2569 millesimo
415 2513 567 2568 centesimo
588 2512 746 2581 undecimo,
767 2529 863 2567 meuse
882 2510 1039 2582 Decembri,
1079 2513 1120 2568 tio
1134 2513 1338 2584 perseveravit3
1354 2513 1413 2568 haec
1425 2517 1490 2568 ante
1504 2512 1599 2584 plures
1614 2529 1866 2568 annessacrumve·

240 2603 289 2674 qui
308 2608 352 2657 est
370 2602 444 2674 apud
463 2600 595 2656 Hebraeos
613 2601 748 2667 decimus,
770 2601 845 2672 apud
864 2617 915 2656 nos
935 2600 1040 2655 duode-
1080 2601 1174 2656 lamen
1197 2606 1377 2672 acceperata
1399 2602 1532 2674 praedicto
1552 2601 1704 2657 Guillelmo
1729 2601 1867 2656 Rothoma·

239 2691 343 2749 cimus.
1080 2691 1159 2762 gensi
1173 2690 1392 2763 archiepiscopo.

273 2781 411 2836 Defuncto
424 2780 519 2852 ltaque
529 2784 609 2853 patre
621 2777 756 2834 Herluino
767 2779 886 2851 septimo
898 2779 1039 2835 Kalendas
1116 2780 1243 2850 Cumque
1262 2779 1291 2834 in
1305 2779 1365 2833 dies
1386 2779 1506 2850 languor
1519 2785 1659 2836 cresceret
1671 2786 1701 2836 et
1714 2780 1773 2854 ipsa
1786 2779 1867 2852 quoti-

239 2867 422 2942 Septembris,
448 2885 521 2924 anno
544 2869 635 2923 aetatis
658 2885 715 2924 suae
744 2868 914 2939 octogesimo
938 2874 1038 2939 quarto
1079 2866 1124 2922 die
1147 2868 1183 2921 nd
1205 2867 1349 2922 ecclesiam
1372 2873 1518 2939 pergeret,
1541 2868 1588 2923 die
1612 2869 1769 2924 festivitatis
1789 2868 1867 2923 macti

239 2958 424 3012 monachatus
439 2973 504 3012 vero
522 2957 736 3036 quadragesimo
751 2962 860 3027 quarto,
882 2955 979 3027 paucis
993 2956 1038 3011 in·
1078 2956 1228 3022 Vincentii,
1241 2971 1323 3010 mane
1335 2956 1401 3010 fecit
1413 2973 1444 3010 se
1456 2956 1487 3011 in
1498 2957 1645 3012 ecelesiam
1658 2957 1730 3026 duci,
1746 2957 1867 3030 ubiquea

238 3045 382 3118 terpositis
403 3045 510 3111 diebus,
536 3045 640 3100 electus
664 3050 707 3101 est
728 3044 813 3100 abhas
836 3045 964 3115 eJ'usdem
985 3023 1138 3100 tociCtoto
1161 3048 1299 3099 conventu
1319 3044 1432 3098 visitata
1453 3050 1540 3115 atque
1566 3045 1684 3101 inuncta
1705 3051 1768 3101 ante
1789 3047 1867 3100 altaro

238 3135 397 3200 anselmus,
414 3133 462 3206 qui
486 3134 564 3206 prior
582 3132 742 3204 quindecim
766 3131 847 3186 annis
869 3132 970 3187 fuerat.
987 3132 1037 3186 Se·
1079 3132 1223 3198 Crucifixi,
1248 3137 1276 3188 et
1299 3137 1483 3205 ceteraque
1505 3133 1690 3190 morientibus
1715 3133 1867 3190 Christianis

238 3223 336 3294 quenti
353 3239 416 3276 vero
439 3239 513 3278 anno
537 3222 567 3276 in
588 3221 739 3276 festivitate
761 3221 851 3275 sancti
871 3219 956 3287 Petri,
976 3237 1038 3290 quse
1079 3221 1170 3276 solent
1187 3221 1310 3276 exhiberi
1326 3221 1470 3293 persoluta
1484 3223 1552 3276 sunt
1565 3223 1602 3276 ei.
1622 3224 1867 3295 Cumqueoonven·

238 3311 341 3365 dicitur
355 3311 504 3376 cathedra,
519 3310 682 3365 benedictus
704 3315 748 3364 est
767 3307 853 3363 abbas
872 3309 901 3363 in
922 3308 1039 3364 ecclesia
1078 3313 1124 3364 tus
1143 3309 1295 3376 recederet,
1319 3311 1427 3364 elevata
1447 3327 1534 3365 manu
1556 3310 1680 3382 signavit
1700 3329 1747 3368 eos
1759 3311 1864 3366 dicens:

238 3397 328 3466 Becci,
339 3398 375 3454 ah
387 3399 548 3454 Ehroiconsi
562 3399 691 3469 episcopo
707 3396 877 3454 Gisleherto.
1079 3397 1136 3453 Deo
1147 3415 1196 3453 vos
1205 3399 1379 3464 commendo,
1392 3399 1460 3466 ulii,
1477 3399 1614 3471 diligebat
1624 3401 1700 3456 enim
1713 3406 1769 3456 mm
1781 3406 1866 3456 muare

275 3490 356 3543 Anno
385 3487 497 3542 Domini
525 3485 675 3540 millesimo
704 3483 874 3555 octogesimo
900 3483 1035 3550 secundo,
1078 3502 1130 3542 nos
1140 3487 1220 3558 quasi
1230 3503 1328 3542 omnes
1338 3488 1501 3560 peperisset.
1510 3489 1618 3544 Deinde
1630 3489 1864 3555 domumreduota,

237 3577 386 3632 translatio
409 3575 610 3630 monachorum
633 3572 727 3635 Becci,
754 3572 829 3642 apud
848 3571 1037 3626 conflanitum
1078 3575 1145 3630 dum
1161 3575 1196 3629 ad
1210 3575 1301 3630 focum
1318 3576 1437 3643 sederet,
1451 3576 1580 3648 sequenti
1590 3583 1673 3633 nocte
1683 3577 1865 3632 transiittbm

236 3664 480 3730 commorantium,
495 3680 513 3717 a
527 3661 613 3717 veteri
625 3661 752 3728 ecclesia,
767 3676 829 3732 quae
841 3661 955 3732 Capella
972 3660 1038 3714 dici·
1078 3663 1113 3718 ad
1128 3663 1233 3718 exitum
1247 3664 1496 3735 appropinquaret,
1513 3665 1633 3720 aderant
1647 3667 1747 3722 fratres
1758 3671 1788 3720 ut
1799 3665 1864 3736 psal·

235 3759 291 3822 tur,
308 3755 341 3808 ad
359 3768 459 3808 novam
475 3750 630 3816 ecclesiam,
646 3765 709 3804 cum
731 3765 847 3820 corpore
865 3755 969 3803 sanctae
984 3749 1038 3802 Ho-
1079 3751 1132 3806 mis
1153 3757 1182 3807 et
1195 3751 1368 3806 orationibus
1388 3751 1415 3805 ei
1431 3751 1633 3821 subvenirent3
1654 3755 1729 3810 inter
1741 3770 1806 3826 quos
1820 3753 1865 3808 fuit

234 3843 351 3908 norinae,
367 3857 432 3896 oum
447 3841 506 3896 llvo
524 3840 558 3894 de
581 3839 756 3894 Bellomonte
775 3854 868 3892 comes
882 3853 966 3909 saper
980 3839 1036 3892 lsa-
1078 3840 1192 3911 quidam
1202 3840 1299 3907 frater,
1315 3840 1430 3895 nomine
1443 3840 1621 3913 liudulphus,
1638 3843 1686 3914 qui
1700 3859 1760 3898 eam
1769 3839 1865 3912 rogavit

234 3947 306 3995 ram,
323 3934 353 3985 et
366 3929 494 3984 Adelidis
509 3945 580 3983 uxor
594 3928 664 3998 ejus,
683 3927 808 3981 volentes
823 3925 851 3980 in
868 3925 985 3980 ecclesia
1001 3926 1033 3980 B.
1075 3932 1117 3994 ut,
1133 3929 1157 3983 si
1172 3927 1304 4000 possibile
1318 3933 1400 3995 osset,
1416 3934 1479 3999 post
1490 3933 1610 3985 mortem
1621 3930 1648 3985 ei
1661 3929 1865 4004 apparensdice·

234 4015 879 4074 HonorinaedeconlluentiumamonaohisDeo
890 4013 1034 4078 deserviri,
1075 4021 1120 4072 ret
1142 4018 1217 4088 quod
1237 4017 1399 4074 invenisset.
1420 4017 1458 4070 nt
1481 4017 1531 4072 illa
1548 4020 1705 4090 respondit,
1722 4020 1745 4074 si
1762 4019 1830 4074 Deus
1842 4017 1863 4071 ei

233 4107 373 4162 dederuut
387 4123 449 4161 eam
464 4111 492 4161 et
507 4105 603 4160 omnia
617 4105 652 4160 ad
672 4120 735 4159 eam
754 4103 924 4175 pertinentia
937 4118 1035 4158 mona·
1076 4105 1248 4161 concederet.
1275 4105 1376 4175 Sicque
1396 4103 1527 4160 defuncta
1548 4113 1592 4162 est
1614 4107 1700 4162 tertia
1723 4106 1861 4171 flaminica,

233 4194 319 4250 sterio
332 4195 474 4262 Beccensi,
489 4193 541 4250 suh
562 4193 654 4249 libera
666 4197 805 4265 potestate
817 4196 846 4247 et
859 4190 1035 4246 ordinatione
1076 4193 1183 4248 decimo
1197 4193 1338 4248 Kalendas
1357 4192 1512 4261 Februarii,
1532 4199 1569 4262 et,
1586 4196 1685 4267 paucis
1707 4193 1863 4267 interpositis

234 4282 367 4340 abbatum
381 4283 490 4356 praefati
512 4282 641 4338 coenobii.
658 4281 730 4337 Huic
749 4280 894 4336 donationi
907 4296 1035 4335 reveren·
1075 4281 1174 4337 diebus
1187 4285 1337 4353 postquam
1352 4281 1482 4338 defuncta
1503 4289 1556 4350 ast,
1571 4285 1705 4356 apparuit
1717 4285 1793 4340 hatri
1806 4283 1864 4337 dor·

232 4371 285 4426 dus
300 4372 446 4443 episcopus
460 4370 628 4426 Parisiensis
639 4369 800 4435 Godfridus,
812 4369 847 4424 de
862 4370 940 4438 cujus
955 4339 1066 4440 paro·D
1075 4370 1183 4425 mienti.
1201 4371 1291 4435 Quam
1304 4387 1367 4425 cum
1382 4371 1507 4436 vidisset,
1518 4372 1558 4427 ait
1570 4391 1576 4426 :
1590 4374 1665 4438 Quid
1680 4379 1731 4441 est,
1741 4367 1862 4428 domina?

232 4459 296 4514 chia
311 4459 446 4515 beneflcio
459 4465 512 4527 est,
526 4465 558 4526 5
570 4465 602 4514 nt
616 4475 727 4530 semper
742 4474 801 4512 mos
815 4462 859 4512 est
870 4457 950 4512 bonis
965 4456 1035 4512 hene
1076 4459 1221 4524 Quomodo
1234 4464 1263 4513 te
1279 4458 1385 4514 hahes?
1407 4460 1562 4532 Respondit
1581 4478 1611 4516 se
1629 4463 1771 4534 sexaginta
1784 4475 1862 4516 annos

232 4547 302 4602 actis
320 4547 423 4615 favere,
439 4564 503 4603 cum
520 4548 661 4604 canonicis
675 4547 797 4603 ecclesia
817 4547 927 4602 Sanctae
939 4545 1035 4601 Maria
1075 4547 1247 4620 paenitentia
1273 4548 1430 4619 accepisse,
1454 4555 1483 4604 et
1506 4566 1571 4604 oum
1598 4551 1648 4607 ille
1675 4535 1860 4623 obstupuisset,

232 4634 410 4702 Parisiensis,
427 4637 566 4692 consentit
577 4655 583 4704 ;
608 4637 737 4691 Ecclesiae
760 4652 817 4691 sum
832 4651 977 4690 reservans
990 4639 1032 4701 ut,
1076 4635 1202 4708 quaesivit
1215 4651 1340 4690 causam.
1353 4637 1388 4690 Et
1400 4636 1441 4692 ait
1453 4656 1460 4691 :
1472 4638 1545 4702 Quia
1558 4655 1660 4710 parvos
1673 4657 1763 4700 canes.
1775 4643 1803 4693 et
1812 4636 1861 4693 alia

232 4722 257 4779 si
271 4725 383 4795 quando
396 4725 492 4797 aliqua
505 4723 615 4780 ratione
627 4725 754 4796 exigente
768 4728 921 4796 pertatem
931 4724 1035 4795 episco-
1074 4723 1238 4794 hujusmodi
1257 4722 1344 4790 varia,
1367 4739 1429 4796 qua
1442 4724 1571 4781 homines
1588 4743 1641 4799 pro
1655 4727 1743 4782 nihilo
1755 4726 1860 4788 ducunt,

232 4817 330 4884 patum
344 4813 542 4883 parisiensem,
556 4819 606 4869 aut
619 4813 649 4868 in
660 4813 792 4885 praedicto
806 4818 917 4868 tantum
930 4816 1031 4879 castro,
1075 4811 1176 4879 amavi,
1192 4817 1221 4866 et
1234 4813 1310 4867 ultro
1325 4813 1440 4868 modum
1454 4814 1483 4869 in
1498 4814 1533 4869 iis
1555 4815 1695 4871 delectato
1706 4831 1786 4881 sum;
1806 4812 1860 4866 ideo

232 4900 358 4957 divinum
385 4902 508 4959 officium
534 4903 681 4976 episcopus
702 4901 867 4957 Parisiensis
890 4901 1032 4957 celebrare
1071 4901 1158 4956 talem
1176 4899 1370 4971 poenitentiam
1392 4903 1496 4974 accepi.
1522 4903 1557 4958 Et
1575 4902 1615 4959 sic
1634 4905 1711 4960 vides
1733 4902 1803 4978 quod
1822 4901 1860 4956 hae

230 4990 407 5062 prohibuerit
416 4991 536 5063 publice,
546 4990 714 5047 monachiin
727 4990 802 5044 dicta
815 4989 1033 5045 ecolesiadeser·
1071 4994 1129 5044 tres
1139 4987 1368 5050 dominae.tribus
1382 4989 1535 5046 Dominicis
1549 4993 1650 5047 seculo
1663 4991 1858 5062 migraverant3

230 5077 347 5146 vientes,
376 5086 440 5152 post
471 5084 631 5152 perceptam
663 5078 698 5133 ab
731 5078 869 5151 episcopo,
897 5078 941 5133 vel
970 5080 1031 5150 eJus
1072 5077 1172 5150 prima,
1185 5078 1307 5148 inparte
1325 5078 1428 5146 noctis;
1445 5080 1576 5148 secunda,
1592 5081 1785 5146 mediauocte,
1799 5076 1859 5130 dum

189 5220 190 5224 ,
229 5169 343 5236 nuncio,
358 5169 525 5240 jussionem,
539 5167 736 5224 observabunt.
1072 5171 1254 5222 cantarentur
1262 5167 1422 5237 matutinae5
1434 5169 1702 5237 tertis,maae,dum
1710 5171 1859 5225 cantaretur

265 5259 347 5314 Anno
363 5257 512 5314 Dominicae
531 5256 735 5314 incarnationis
755 5256 904 5312 millesimo
918 5261 1032 5328 octoge·
1071 5256 1174 5329 prima,

231 5345 303 5404 simo
316 5363 401 5418 nono,
423 5346 503 5415 obiit,
517 5347 571 5419 piae
585 5345 727 5402 memorie
750 5345 934 5417 Lanlrancus,
953 5346 1032 5418 prins
1107 5345 1279 5417 Notaquod,
1294 5351 1326 5404 ut
1340 5346 1427 5405 refert
1441 5349 1566 5406 Historia
1580 5348 1710 5407 debeata
1725 5345 1855 5410 Anmlmo,
