3896 6170
223 251 290 313 tart
754 223 1318 310 curoourssasnnsrsnrnnsrs
1755 255 1814 316 aa

221 377 370 436 lectionem
385 377 500 434 inchoet
511 397 517 434 τ
530 379 641 451 legente
652 379 723 434 duos
733 373 876 434 versus'vel
887 375 1197 450 prasina-Aposuerit,
1207 374 1272 428 talis
1281 373 1416 444 legatura
1430 375 1551 444 lactorc;
1566 376 1654 432 nullus
1666 393 1696 432 ex
1708 379 1817 436 iratribus
1910 373 1911 392 ¹

222 469 291 540 tius,
301 473 369 524 tunc
380 468 498 540 jubente
512 467 612 523 abbate
623 475 721 540 surgat
741 469 789 522 ille
805 468 849 523 cui
864 467 971 532 annuit,
992 472 1021 521 et
1061 465 1305 538 presumatalium
1317 464 1417 520 librum
1437 466 1587 538 imponere.
1603 467 1818 526 Nametomnium

222 563 304 613 sonet
319 557 489 631 cymbalum.
505 558 545 613 En
572 558 638 613 hinc
658 562 777 629 surgant
789 573 898 622 ornnes,
917 557 1021 612 facient
1060 554 1180 610 fratrum
1188 553 1477 622 obscultetlectiones‚
1490 556 1698 627 responsotiaet
1706 558 1818 630 quidquid

222 653 288 702 ante
302 651 331 702 et
345 652 431 711 retro,
442 652 469 703 et
478 651 543 702 eant
555 647 726 719 dumpotum
735 646 821 702 fuerit
830 645 1018 702 benedictum:
1060 642 1138 698 intus
1154 646 1182 697 et
1196 642 1265 698 toris
1279 643 1462 708 cantaverint,
1475 644 1518 699 rel
1531 644 1655 716 legerint.
1665 645 1756 702 Omnes
1767 664 1818 704 sero

220 734 562 806 perganthebdomadarii
571 735 698 808 coquinae
711 739 740 790 et
749 735 844 807 ignem
858 735 1020 805 cooperient
1061 730 1147 787 libros
1163 732 1252 803 ligare
1265 737 1352 805 atque
1372 731 1516 801 investire,
1531 751 1580 789 seu
1602 735 1738 790 emendare
1753 736 1819 794 debet

221 829 251 879 et
260 823 344 880 simul
356 824 477 892 veniant;
493 824 532 879 ibi
546 823 650 880 iaciant
659 829 725 880 ante
739 829 768 880 et
780 829 856 880 retro
870 824 1018 896 imponen-
1059 838 1111 894 per
1123 838 1161 879 se.
1177 823 1222 877 vel
1234 839 1284 894 per
1297 823 1368 879 alios
1381 825 1483 880 tratres
1496 825 1629 892 eruditos,
1645 831 1740 896 etquos
1752 826 1819 882 libros

220 913 348 969 teshunc
358 929 479 981 versum,
495 914 654 968 Benedictus
670 930 706 979 es,
717 916 831 968 benninc
844 915 915 968 bens
929 928 1014 972 sneus,
1057 911 1205 981 generales
1217 911 1321 967 debent
1346 913 1469 968 scribere
1496 912 1608 974 iratres.
1624 915 1712 970 omnia
1730 916 1820 970 nudent

220 1002 313 1058 tribus
324 1002 440 1069 uicibus,
449 1005 534 1072 llyrie
544 1005 652 1058 eleison.
663 1005 745 1058 Pater
754 1007 854 1058 noster.
865 1003 897 1058 lit
908 1017 942 1056 nc
958 1017 1015 1056 nos.
1059 999 1120 1072 ipse
1134 1001 1246 1066 redere,
1261 1007 1347 1073 atque
1360 1002 1524 1074 perducere,
1537 1008 1565 1058 et
1576 1003 1722 1076 cuicunque
1733 1021 1761 1058 ox
1777 1005 1819 1060 irs·

219 1091 492 1162 Adiutoriumnost„
510 1097 612 1159 etc.‚ot
619 1091 659 1148 sic
673 1092 846 1147 recedant.Si
862 1090 948 1145 obbas
962 1106 1018 1145 non
1059 1088 1150 1145 tribus
1163 1090 1289 1160 jusserit.
1308 1099 1341 1145 ut
1350 1109 1414 1146 eum
1429 1092 1573 1164 adjurent,
1585 1091 1709 1148 obedient
1720 1093 1743 1148 ei
1755 1113 1760 1148 :
1774 1095 1819 1149 etsi

221 1186 274 1248 est,
291 1182 388 1238 eadem
397 1181 501 1238 faciant
509 1182 538 1237 in
546 1183 608 1238 loco
617 1184 687 1254 ejus,
703 1182 886 1252 quiordInem
900 1186 1016 1248 tenent;
1059 1179 1161 1252 ailquis
1174 1196 1207 1234 ex
1221 1180 1262 1235 eis
1275 1181 1412 1248 renuerit,
1423 1181 1453 1237 in
1463 1183 1585 1238 crastino
1597 1182 1821 1254 querelabiturdu·

221 1269 394 1342 quotidianis
402 1269 499 1326 diebus
508 1270 637 1342 cymbalo
645 1276 762 1326 sonante
769 1271 950 1325 iaciant.lllis
961 1269 1018 1324 die·
1060 1268 1192 1341 tiphonas
1206 1285 1268 1341 quse
1282 1274 1350 1324 sunt
1364 1286 1397 1325 ex
1411 1271 1559 1342 evangelio
1573 1271 1703 1344 imponat.
1721 1271 1820 1327 siabbas

220 1357 284 1426 bus,
296 1357 398 1431 quibus
410 1375 467 1415 non
477 1359 606 1431 pulsatur
613 1359 858 1432 cymbalum‚dum
868 1359 1019 1414 habuerint
1059 1358 1214 1413 nonudest.
1233 1358 1273 1414 De
1289 1359 1386 1425 missa,
1395 1360 1499 1424 cilicio,
1513 1377 1634 1416 necnon
1648 1361 1680 1416 de
1693 1361 1820 1432 evangelio,

221 1447 317 1503 omnia
326 1448 444 1520 expleta,
452 1465 514 1520 quae
523 1447 562 1503 ibi
577 1465 647 1520 opus
661 1453 705 1504 est
714 1448 843 1516 faciendi,
859 1449 900 1504 ita
911 1448 1016 1508 dicant.
1059 1451 1088 1501 et
1100 1451 1201 1502 catera
1215 1447 1282 1513 ulia,
1292 1464 1354 1519 quse
1367 1450 1403 1505 ad
1418 1449 1563 1506 ecclesiam
1578 1449 1720 1522 pertinent,
1734 1451 1823 1504 studeat

219 1541 249 1593 et
262 1536 404 1592 recedant.
416 1537 467 1593 Die
480 1536 625 1593 Dominico
640 1537 761 1593 reddant
776 1553 842 1593 vase
856 1537 961 1593 munda
989 1541 1018 1592 et
1058 1535 1118 1607 ipse
1133 1537 1294 1604 emendare,
1315 1538 1340 1592 si
1360 1538 1521 1609 neglectum
1549 1538 1642 1595 fuerit.
1662 1538 1750 1594 Libros
1764 1538 1822 1594 torn

219 1640 290 1681 sana
302 1624 448 1681 cellerario
460 1642 512 1700 per
524 1642 674 1682 numerum
688 1633 752 1699 post
766 1626 962 1699 capitulum‚et
975 1626 1018 1681 in·
1057 1625 1212 1698 producere
1223 1627 1267 1682 vel
1289 1627 1454 1699 recolligere
1478 1628 1540 1700 ipse
1553 1627 1638 1684 debet
1660 1644 1720 1684 cum
1733 1635 1823 1684 conum
1910 1659 1911 1670 .

218 1713 362 1770 mantibus
371 1714 484 1771 dentur.
1023 1696 1201 1787 Bqnotidie:
1218 1719 1247 1770 et
1260 1716 1351 1770 multa
1360 1716 1418 1771 alia
1429 1716 1512 1773 debet
1529 1716 1633 1774 babere
1642 1716 1692 1772 sub
1705 1733 1749 1772 sus
1762 1733 1822 1780 curu,

503 1804 620 1863 CAPUT
633 1806 746 1862 XXVII.
1058 1818 1120 1875 quae
1130 1803 1249 1876 sparsim
1259 1803 1396 1862 habemus
1404 1807 1639 1879 jimconscnpsa
1654 1807 1723 1878 qnod
1733 1806 1823 1862 hicnon

429 1896 466 1951 ln
480 1897 646 1964 confessione
655 1912 819 1966 puerorum.
1059 1898 1102 1948 est
1116 1893 1333 1966 opusinserere.

223 1981 226 1986 ’
253 1986 324 2041 Cum
338 1983 374 2041 ad
386 1983 588 2040 contessionem
604 1985 747 2041 ducuntur
760 1984 892 2052 infantes,
902 1985 925 2042 si
939 1985 1016 2041 dom·
1341 1986 1458 2042 CAPUT
1466 1985 1568 2042 xxix.

216 2090 270 2132 nus
285 2071 372 2128 ebbae
387 2089 511 2144 presens
523 2079 575 2140 est,
585 2073 721 2146 magister
731 2090 779 2130 eos
789 2073 912 2130 edilium
926 2090 1016 2147 usque
1314 2075 1352 2130 Ile
1361 2079 1595 2144 processionibus.

215 2162 370 2234 perducam
385 2162 446 2232 ipso
460 2167 594 2233 surgente
608 2163 743 2234 magister
766 2169 832 2218 unte
847 2163 962 2235 capituli
974 2179 1016 2218 se·
1092 2161 1431 2234 Quandocunquelratres
1441 2166 1649 2236 processionem
1663 2171 1724 2222 iret
1734 2182 1759 2221 n
1770 2165 1825 2221 ieris

215 2250 283 2306 dere
298 2249 383 2306 debet
393 2250 549 2305 introitum.
573 2252 606 2306 ln
634 2252 696 2307 loco
718 2268 794 2318 vero,
815 2252 863 2324 qui
876 2253 1014 2308 intantum
1056 2249 1244 2318 includamus
1260 2259 1292 2308 ut
1306 2253 1382 2308 dicte
1395 2254 1481 2309 suerit
1496 2271 1556 2310 uus
1571 2272 1605 2312 en
1618 2256 1767 2328 antiphonis
1777 2273 1825 2328 pro

214 2339 538 2411 soletesse‚capitulum
563 2339 620 2394 illic
649 2347 677 2395 et
691 2339 894 2396 consessionem
910 2339 1016 2397 debent
1055 2339 1386 2402 cessionarii.illicoduo
1396 2343 1477 2414 pueri
1487 2343 1582 2400 dicent
1597 2345 1729 2410 litaniam,
1741 2345 1825 2400 tamin

214 2443 309 2500 agere.
325 2427 404 2485 Prior
417 2427 510 2484 intans
528 2428 608 2501 prius
622 2430 753 2498 accedat3
770 2435 848 2484 sbtns
862 2429 1013 2486 contessio-
1055 2427 1117 2500 ipso
1132 2429 1245 2492 itinere.
1256 2446 1341 2502 quam
1357 2430 1387 2486 in
1401 2433 1519 2488 ecclesia
1546 2450 1612 2490 rum
1635 2439 1794 2490 serenentur
1802 2435 1825 2489 in

214 2534 280 2573 nem
296 2516 389 2585 iaciat,
405 2518 478 2572 alter
491 2517 520 2573 in
536 2523 618 2590 parte
645 2519 801 2574 meridiana
820 2519 917 2576 sedeat
928 2536 1014 2591 super
1054 2516 1826 2594 chorum.Nullusantequamiltaniaiucritexpletadebet

213 2623 302 2663 unum
313 2607 539 2665 sediumeorum.
554 2607 622 2662 Post
635 2607 836 2663 consessionem
848 2608 949 2664 iterum
965 2625 1012 2665 eos
1054 2605 1139 2671 exire,
1152 2609 1280 2678 quamvis
1299 2608 1441 2664 licentiam
1457 2609 1578 2668 habeat:
1591 2613 1645 2667 nisi
1656 2612 1717 2668 talis
1728 2610 1826 2667 amemi-
1910 2657 1911 2660 ,

212 2695 350 2768 magister
365 2696 494 2768 accipiat.
504 2697 575 2752 Cum
588 2713 653 2752 vero
666 2698 753 2769 priori
765 2699 809 2753 vel
822 2698 1013 2753 decenoclau-
1054 2698 1098 2748 ies
1110 2695 1234 2750 evenerit
1260 2713 1345 2767 quam
1359 2698 1521 2755 nullalenus
1550 2701 1692 2773 praeterire
1709 2700 1822 2773 potuerit.
1910 2771 1911 2784 χ

212 2784 264 2840 stri
278 2784 417 2840 soluerint
426 2801 487 2840 esse
500 2783 619 2841 confessi
633 2803 696 2841 cum
721 2787 857 2858 magister
870 2787 905 2842 ad
919 2787 1011 2858 ipsum
1053 2781 1125 2837 Num
1141 2783 1260 2856 expleta,
1271 2785 1295 2839 si
1309 2784 1392 2841 alicui
1406 2792 1450 2842 est
1472 2787 1552 2843 valde
1564 2806 1635 2861 opus
1657 2790 1746 2861 aliqua
1758 2803 1827 2844 causa
1910 2797 1911 2812 ¹

212 2890 261 2930 cos
275 2873 446 2946 perduxerit,
458 2874 624 2946 statimipse
638 2876 759 2942 reccdat;
772 2877 849 2948 prior
863 2877 891 2932 in
906 2877 1013 2949 capitu·
1053 2886 1146 2942 agere,
1171 2877 1250 2944 Petet
1276 2873 1419 2928 licentiam
1442 2874 1478 2933 D·
1498 2874 1622 2942 abbatie,
1638 2878 1680 2932 iel
1695 2877 1771 2942 illibi,
1788 2875 1825 2947 (lli
1910 2937 1911 2942 ,

213 2961 502 3030 luminationem
524 2969 589 3036 poss
613 2963 816 3020 contessionem
833 2966 868 3020 au
887 2967 1011 3022 scholam
1054 2959 1183 3015 ordinem
1198 2965 1286 3028 tenes,
1302 2961 1326 3017 si
1342 2961 1428 3018 ebbae
1442 2980 1499 3019 non
1513 2971 1567 3032 eet.
1583 2971 1726 3038 esperare
1741 2965 1784 3020 sel
1794 2969 1827 3018 e·

213 3051 341 3108 reducat.
359 3052 431 3108 Cum
440 3051 562 3108 infantes
572 3052 681 3126 aliquot
687 3054 722 3109 de
730 3055 826 3110 schola
832 3061 899 3110 sunt
909 3054 1011 3111 exituri
1053 3067 1119 3106 men
1133 3057 1199 3106 ante
1213 3052 1298 3108 iaciat
1310 3055 1506 3121 reverentiam,
1523 3061 1553 3112 et
1566 3056 1665 3112 abluat
1677 3057 1825 3129 pedetenus,

214 3141 250 3196 ad
264 3140 420 3213 capitulum
433 3139 584 3208 infantum,
601 3142 722 3198 domnus
737 3142 823 3198 obbas
836 3144 919 3200 debet
933 3145 1010 3200 veni·
1052 3145 1081 3196 at
1090 3146 1221 3211 procuret
1231 3141 1306 3213 quod
1315 3144 1658 3214 procurandumeettsam
1668 3145 1826 3200 sineliccntia

211 3245 253 3298 re,
270 3229 382 3285 etulios
396 3229 516 3286 infantes
530 3231 609 3286 exire
625 3231 719 3300 iaciat;
733 3233 1011 3304 ipseautcmetma-
1052 3229 1128 3284 ullus
1138 3245 1278 3302 nusquam
1289 3230 1550 3304 laetatusquedum
1561 3235 1649 3291 misse
1658 3235 1737 3290 suelli
1749 3235 1824 3288 ΜΨ
1910 3267 1911 3272 ¹

211 3318 301 3391 gister-
315 3334 378 3374 cum
392 3318 437 3384 iis,
446 3319 494 3392 qui
506 3320 607 3376 exituri
621 3326 697 3388 sunt,
708 3328 883 3391 remaneant,
901 3329 929 3378 at
943 3341 1010 3380 aaa.
1047 3318 1181 3373 similiter
1194 3318 1224 3374 in
1239 3320 1433 3391 rogationibus
1443 3323 1486 3377 vel
1496 3323 1560 3378 aliis
1574 3323 1793 3396 processionibus.
1910 3325 1911 3332 ’

210 3409 362 3465 sessionem
376 3425 473 3465 eorum
489 3409 593 3465 audiat.
610 3409 679 3466 Post
695 3411 896 3468 contessionem
919 3415 1010 3486 magi·
1086 3407 1157 3462 Item
1174 3425 1180 3461 τ
1196 3408 1270 3463 Nam
1285 3409 1314 3463 in
1328 3409 1384 3464 iliis
1398 3411 1585 3483 temporibus,
1603 3405 1713 3484 quando
1726 3417 1827 3485 pergam

212 3501 271 3552 ster
285 3498 349 3553 illos
363 3503 392 3553 et
405 3498 477 3555 alios
490 3499 615 3561 redueat,
631 3501 802 3571 usquedum
816 3501 852 3556 ad
868 3517 1011 3558 aaaaaaaa.
1050 3495 1086 3550 ed
1095 3502 1174 3551 extra
1188 3499 1402 3566 monasterium,
1418 3505 1485 3555 eant
1499 3500 1620 3557 dicendo
1636 3501 1827 3574 responsoriaet

211 3585 317 3642 tionem
331 3587 449 3642 veniunt
463 3603 614 3658 procurare
633 3587 716 3644 debet
727 3589 788 3661 ipse
804 3605 810 3641 :
831 3591 1009 3662 postmodum
1050 3585 1221 3657 antiphffltflss
1236 3589 1425 3659 Impessffliissr
1436 3589 1738 3662 0i0¹beei²Virssi1¹i⁸
1750 3588 1827 3646 nans

212 3671 316 3728 iaciant
327 3673 386 3742 elii,
402 3674 504 3746 quibus
516 3675 642 3747 jubetur.
1051 3672 1254 3746 [supp.]oilicio
1262 3677 1427 3747 quaerelint.
1436 3678 1500 3733 Jam
1512 3695 1602 3752 prope
1613 3679 1652 3735 ibi
1662 3679 1827 3752 proximantes

478 3763 595 3820 CAPUT
607 3765 734 3822 XXVIII.
1049 3761 1186 3834 incipiunt
1201 3765 1411 3836 responsorium
1425 3783 1458 3821 ex
1472 3766 1527 3822 illis
1539 3768 1669 3841 reliquiis
1677 3773 1825 3830 eunomium,

212 3849 338 3918 Qualiter
345 3858 432 3920 upum
445 3856 590 3908 arnrors'us
602 3858 643 3910 cet
657 3860 755 3910 cuntur
767 3858 812 3912 dic
825 3859 1009 3916 Subbutcrum
1050 3865 1171 3920 (1110111111
1180 3852 1314 3909 voeabula
1326 3853 1365 3911 ibi
1380 3860 1544 3911 consecratu
1559 3855 1742 3930 [conscripta]
1764 3857 1825 3910 sunt·

300 3925 506 3991 sciscitandi
519 3926 591 3994 quod
599 3929 719 3980 enormi
730 3934 851 3996 oportent
862 3933 924 3999 ipsi.
1049 3939 1182 3996 Protinus
1198 3946 1231 3996 ut
1246 3943 1357 3998 linitum
1375 3944 1469 4010 fuerit,
1480 3945 1561 4001 dicat
1572 3947 1712 4013 sacerdos,
1726 3959 1825 4001 metum.

246 4008 298 4065 Die
313 4009 611 4068 sabbawfflmdebeni
625 4016 1009 4089 0⁸⁸0q¹181110bquibr0l0m
1051 4027 1213 4084 Orationem
1229 4037 1389 4086 sanctorum
1405 4031 1528 4102 illorum;
1544 4039 1616 4090 tunc
1626 4037 1793 4106 prosternant
1803 4047 1827 4084 se

210 4098 324 4166 sicient,
337 4115 457 4171 (limium
473 4101 565 4157 infimi
584 4102 633 4174 qui
645 4102 749 4160 scribat
759 4106 853 4177 capite
864 4121 1010 4178 responeo·
1050 4132 1147 4173 omnes
1172 4122 1202 4172 et
1224 4119 1329 4174 iaciant
1343 4137 1448 4192 preces.
1463 4125 1546 4178 Putcr
1560 4129 1664 4191 noster,
1679 4123 1707 4179 in
1721 4121 1827 4178 hocloco

210 4187 452 4257 fi⁰fflm20811i0r2
469 4191 517 4262 qui
533 4190 637 4247 indicet
649 4193 765 4248 immine
780 4193 900 4251 fratrum
908 4211 1010 4252 cenen-
1051 4221 1107 4260 non
1122 4211 1166 4261 est
1180 4207 1330 4262 dicendum
1345 4225 1363 4262 a
1373 4209 1517 4265 sacerdote
1531 4211 1656 4268 clamosa
1670 4209 1828 4277 rocanecllt

210 4274 280 4376 tium
298 4295 304 4331 :
322 4277 463 4333 armarius
477 4278 580 4351 quippe
595 4281 711 4336 nomina
724 4281 878 4353 legentium
894 4286 1042 4394 notula-D
1052 4309 1085 4348 ne
1097 4309 1154 4349 nos.
1165 4295 1220 4350 Sed
1230 4295 1325 4351 statim
1339 4305 1451 4370 promat
1463 4299 1617 4371 psalmum,
1633 4318 1685 4374 pro
1698 4298 1827 4363 denaus,

209 4369 258 4420 crt.
275 4365 347 4421 Item
362 4373 461 4422 cantor
472 4367 709 4426 hebdomadarius
737 4370 772 4428 de
794 4372 885 4428 cilicio
900 4379 929 4430 et
941 4375 1007 4432 tulis
1050 4383 1099 4455 qui
1113 4383 1151 4438 ibi
1165 4385 1354 4456 requiescunt,
1370 4389 1474 4455 wudu,
1487 4393 1587 4444 enimn
1602 4407 1673 4455 meu,
1686 4393 1826 4447 borninnm.

208 4469 274 4508 cum
287 4455 339 4510 tali
354 4460 437 4511 canat
450 4459 669 4528 responsorium,
686 4459 752 4515 talis
769 4465 799 4516 et
813 4461 878 4517 talis
892 4463 1007 4520 alleluiu
1047 4471 1139 4544 Capit.
1154 4473 1174 4527 t
1199 4479 1281 4543 portu
1306 4477 1405 4544 inseri.
1422 4477 1559 4533 Dominus
1571 4480 1720 4535 uobiscum.
1733 4476 1826 4540 Oratio,

208 4547 376 4615 pertenent:
390 4545 568 4613 effectorem,
578 4548 613 4603 td
625 4548 1006 4608 servitores-liemarmeriue
1049 4561 1117 4616 bcus
1131 4567 1211 4632 cujus
1227 4567 1416 4620 miseratione.
1432 4566 1511 4621 'I'unc
1524 4566 1580 4622 duo
1605 4569 1687 4640 pueri
1707 4567 1828 4639 incipiant

207 4628 313 4686 indicet
322 4630 387 4686 talis
402 4632 638 4704 habeatmissam,
653 4643 682 4692 et
691 4638 739 4694 ille
751 4638 843 4694 inians
857 4640 1003 4711 epistolam
1044 4648 1172 4706 litaniam
1195 4654 1280 4722 Kyrie
1295 4667 1362 4709 unte
1376 4654 1465 4710 altare
1491 4661 1520 4711 ct
1540 4659 1706 4728 perveniant
1717 4657 1751 4711 ud
1763 4656 1826 4728 ipsos

209 4721 239 4772 et
252 4717 300 4772 ille
314 4720 500 4790 evangelium,
516 4729 603 4796 atque
617 4725 682 4780 talis
696 4726 732 4780 ad
755 4743 880 4783 mensam
909 4728 1005 4786 lectio·
1044 4742 1291 4806 sanctos,dicendo
1302 4741 1341 4798 ibi
1355 4745 1493 4816 usquead
1507 4763 1612 4803 nomen
1626 4747 1702 4804 beati
1714 4746 1825 4803 loannis:

206 4821 272 4863 nem
287 4807 373 4879 legat.
389 4810 558 4868 Gellerarius
572 4829 673 4886 nempe
686 4815 743 4880 tlte,
759 4817 1005 4891 etqueilleroqui·
1046 4834 1156 4885 attane
1169 4830 1265 4886 dicant
1280 4831 1371 4888 Irieus
1391 4833 1506 4902 vicibus,
1523 4835 1626 4892 deinde
1640 4837 1709 4892 alios
1727 4835 1771 4907 qui
1787 4849 1827 4886 se·

205 4910 273 4951 nam
287 4895 437 4956 faciuntln
452 4899 514 4956 XII
521 4901 688 4958 lectionibus
696 4903 754 4959 siut
761 4911 837 4961 tres:
854 4908 1002 4977 armarius,
1046 4925 1182 4990 quuntur3
1195 4925 1224 4975 et
1238 4919 1344 4976 saciant
1357 4928 1423 4978 ante
1438 4929 1468 4979 et
1486 4930 1563 4980 retro
1582 4931 1613 4981 et
1626 4925 1667 4982 sic
1679 4923 1826 4998 procedant,

205 4989 313 5049 cantor.
330 4985 431 5056 infans3
446 5006 512 5044 nam
527 4989 588 5062 ipse
602 4992 741 5048 armarius
762 4993 845 5049 debet
857 4997 1003 5066 prouidere
1044 5008 1282 5078 quemadmodum
1297 5014 1443 5068 venerunt.

203 5072 260 5130 illis
269 5075 478 5142 festivitatibus,
490 5078 591 5151 quibus
605 5081 635 5134 in
649 5082 745 5153 cappis
757 5082 908 5152 celebrant,
926 5087 1003 5143 siillc
1353 5115 1470 5173 CprT
1484 5118 1568 5174 xxx⁸

202 5161 252 5305 ζῶ
266 5163 503 5269 helffmadmiuf
518 5167 553 5223 de
567 5167 658 5225 ⁰ffi⁰i⁰
671 5176 825 5273 ³Pt¹¹⁵J¹⁰f¹
839 5179 896 5274 ω’,
907 5179 940 5230 1η
956 5177 1003 5247 iu*
1042 5211 1390 5282 Desuncturumrcliquiis,
1402 5216 1523 5282 qualiter
1532 5216 1741 5284 deferunturad
1750 5217 1827 5270 boum

222 5257 269 5307 eut
281 5254 345 5309 alus
359 5271 392 5310 ex
414 5253 559 5324 iratribus,
575 5262 608 5313 ut
627 5265 742 5315 cantent
753 5267 958 5331 invitatorium,
973 5271 1003 5322 et
1078 5283 1128 5334 aba
1141 5298 1240 5337 aaaaaaa
1259 5289 1325 5338 sunt
1339 5285 1512 5354 deportundsr
1521 5289 1768 5356 processionaliter.
1783 5288 1827 5339 eti

200 5342 381 5411 postmodum
396 5360 461 5401 curn
477 5345 540 5418 ipso
559 5347 608 5420 qui
638 5348 761 5405 cilicium
788 5358 941 5422 procurent
963 5354 1000 5409 ad
1078 5355 1200 5421 qualiter
1214 5357 1389 5424 recipiantur
1402 5372 1466 5410 cum
1480 5359 1570 5412 tande.

200 5429 329 5486 missam.
1078 5447 1196 5512 Quando
1211 5451 1336 5523 reliquia
1357 5452 1537 5524 deportandae
1564 5459 1633 5510 sunt
1656 5451 1763 5518 alicubi,
1781 5451 1826 5508 boe

234 5519 998 5612 ddmensamatquecollationcmqualemlibrumipse
1040 5536 1124 5594 modo
1134 5537 1241 5595 iaciunt
1255 5559 1264 5597 s
1279 5547 1422 5598 annuente
1435 5543 1567 5612 armario,
1588 5543 1633 5599 rel
1651 5543 1786 5616 loquente,
1804 5539 1825 5593 si
