3896 6170
111 248 182 310 1217
706 249 915 308 DISCIPLINA
932 249 1146 309 uxsssnsls.
1676 243 1745 307 itti

111 380 196 443 Audi,
206 373 534 448 lucebitesponsorium,
546 377 712 435 Terromoto
721 384 769 434 est.
783 380 908 452 drenge·
915 383 1046 448 Aciftrm
1073 384 1105 436 in
1128 395 1221 435 cerne.
1249 377 1320 434 (lum
1343 371 1558 447 repetitionibus
1579 373 1680 428 Nolite.
1698 371 1748 428 In-

112 469 194 535 lium,
213 467 372 525 decedentes
395 467 527 536 discipuli
550 469 586 522 od
608 470 711 528 lesum.
727 469 906 526 offerendum
947 474 1093 524 troeuntes
1114 472 1217 523 cenant
1231 465 1422 538 antiphonam,
1435 464 1519 519 Hodie
1533 465 1659 532 completi
1671 467 1749 518 sunt.

113 564 306 630 atquepecem
318 573 392 612 unus
406 556 534 628 accipiet.
546 557 907 624 offertoriumldeditebor.
951 557 995 616 Ad
1026 557 1141 612 missam
1164 572 1262 611 onmes
1281 553 1491 610 circumdentur
1513 551 1618 624 cappis.
1636 553 1750 624 Septem

114 646 291 710 Gommnnio,
318 648 415 701 Pace-m
440 662 539 700 mecm.
562 646 645 702 Sexta
658 647 729 703 serie
746 649 911 720 antiphone.
954 645 1123 701 candelabre
1135 649 1200 700 ente
1215 659 1306 709 erem,
1322 648 1352 698 et
1364 642 1421 698 trie
1434 649 1519 697 retro.
1533 641 1673 709 Officium,
1685 642 1749 711 Spi-

113 738 242 804 ltepletur
255 751 283 790 os
298 751 401 792 meum
428 734 561 802 Collecte,
577 737 626 798 Do,
647 753 812 805 quesumus,
836 739 914 794 ecete-
953 739 1026 790 ritus
1037 733 1302 799 Dominioremm,
1317 733 1388 787 Deus
1402 734 1451 802 qui
1460 731 1604 785 hodierno.
1615 730 1748 802 Epistola,

114 827 170 880 sier.
202 824 308 888 Lectio,
326 824 477 887 desultete,
503 827 559 892 fitis·
577 824 654 881 Sion.
680 825 911 898 Responsorium,
959 826 1020 879 Vide
1037 826 1139 878 ostium
1153 827 1292 891 opertum.
1307 821 1439 877 Alleluia.
1450 821 1563 876 Nonuos
1577 822 1748 890 relinquam,

113 914 176 968 Esto
190 914 273 967 mibi.
290 911 482 984 ErengeIIum,
508 913 583 968 Venit
599 915 636 970 od
649 916 743 970 lesum
767 917 824 970 uir.
842 914 914 971 Olli-
954 914 1025 969 Item
1038 911 1167 968 Alleluia.
1190 913 1262 973 Veni,
1284 914 1376 964 serente
1395 909 1529 979 Spiritus.
1555 909 1749 981 EvangeIInm,

114 1001 203 1068 cium,
231 1001 338 1070 leudes,
365 1016 399 1056 ac
425 1001 595 1069 communio,
625 1002 750 1072 Spiritus
777 1005 827 1059 ubi
854 1007 914 1060 uuit
954 1000 1320 1057 Erettomoeel’lmriseis.
1337 998 1680 1066 Ollertorium‚(lonfirme
1693 999 1752 1066 noc,

114 1093 213 1162 spiret.
954 1091 1034 1145 lieres.
1047 1088 1226 1155 Communio,
1238 1089 1336 1143 Factus
1346 1092 1398 1145 est.
1410 1087 1454 1142 Ad
1468 1087 1654 1159 expletionem
1667 1103 1753 1142 sacrm

150 1179 277 1236 Sabbeto
301 1187 482 1237 conservetur
504 1180 573 1238 ordo
586 1183 646 1252 iem
666 1182 804 1239 decretus.
830 1183 916 1238 Facto
956 1178 1051 1234 omnia
1073 1178 1154 1250 signa
1177 1177 1334 1250 pulsentur.
1360 1175 1401 1230 Ad
1427 1191 1572 1248 vesperem
1598 1176 1755 1247 antiphona

116 1269 247 1325 oratione
257 1270 353 1326 ueniat
364 1270 494 1326 sacerdos
506 1286 571 1326 cum
585 1270 723 1328 ministris
740 1272 770 1327 iu
781 1271 913 1336 sacrario,
956 1269 1088 1330 Alleluia,
1099 1269 1197 1336 repleti
1204 1265 1449 1335 sunt,Antipbona
1458 1265 1487 1320 ln
1498 1265 1657 1336 Evangelio.
1668 1264 1753 1320 Hodie

116 1365 144 1414 et
156 1358 260 1414 induet
287 1375 318 1415 so
339 1359 513 1415 vestimentis
535 1361 631 1416 succis.
661 1361 747 1417 Pueri
770 1377 867 1417 omnes
886 1377 917 1416 se
957 1357 1083 1425 completi
1109 1360 1184 1417 sunt,
1212 1355 1338 1420 alleluia,
1368 1356 1493 1417 alleluiu,
1519 1355 1644 1409 alleluiu.
1671 1352 1755 1407 Hodie

116 1447 256 1504 iuelbent.
272 1449 379 1504 Cantor
390 1447 427 1504 sit
440 1447 469 1503 in
483 1449 568 1504 choro
587 1466 651 1504 cum
672 1466 770 1524 cepps.
788 1449 918 1506 charites
958 1461 1050 1501 omnes
1061 1446 1185 1514 apostoli.

116 1537 176 1593 Dei.
198 1537 279 1592 Unus
302 1537 498 1594 tantummodo
512 1553 661 1594 conversus
676 1539 723 1606 sit,
741 1537 790 1610 qui
809 1539 919 1595 deleret
1054 1607 1057 1614 Ι
1255 1568 1372 1624 CAPUT
1390 1568 1463 1624 xlv·

116 1625 341 1680 candelabrum:
358 1627 507 1682 lectionem
521 1625 643 1682 inientes
661 1627 759 1698 legent
772 1627 801 1682 in
819 1626 918 1699 primis

116 1715 257 1785 juniores,
273 1714 375 1770 deinde
389 1715 437 1770 elii
448 1714 520 1770 siem
531 1705 952 1788 suntpriores.ResponsorisB
1126 1695 1272 1748 mmmm
1285 1694 1314 1748 Η
1320 1697 1380 1761 imi
1397 1694 1576 1748 Ρθηῑθθωῑθη·

119 1804 173 1876 ipsi
195 1809 313 1859 content
334 1803 456 1860 vicissim
476 1804 589 1876 sioguli.
607 1804 743 1860 Sacerdos
756 1804 868 1860 ueniens
883 1805 920 1860 ad
995 1802 1028 1857 ln
1042 1801 1104 1873 ipse
1118 1800 1295 1856 hebdomade
1314 1798 1420 1854 ferietis
1438 1798 1537 1854 diebus
1559 1802 1675 1855 content
1697 1799 1758 1856 oill-

120 1893 210 1948 altere
221 1893 310 1949 sociat
320 1893 522 1948 confessionem
531 1909 595 1948 cum
606 1893 698 1960 levite,
712 1893 796 1960 dicet,
808 1910 920 1950 oremus
961 1891 1172 1953 ciumltomirse,
1185 1893 1216 1944 in
1228 1894 1277 1943 tue
1286 1889 1486 1943 irrisericordio.
1501 1888 1631 1956 Oremus,
1642 1890 1712 1944 Dens
1727 1892 1759 1944 in

121 1983 261 2037 Mentibus
283 1986 398 2045 nostrin·
424 1983 467 2038 vel
489 1984 637 2050 Effundam
656 1985 689 2038 de
716 1986 820 2052 spiritu
850 1999 918 2038 meo.
962 1985 986 2034 te
996 1977 1474 2048 sperantium.Evangelium,liomo
1484 1979 1665 2046 quidemeret
1673 1979 1757 2032 dives.

120 2071 355 2142 Responsorium,
371 2074 517 2127 Protector.
533 2071 662 2134 Oremus,
674 2075 727 2127 ltlo
737 2074 866 2140 cusiene,
878 2071 922 2126 rel
962 2068 1069 2124 Exhinc
1082 2083 1212 2138 nemque·
1228 2066 1367 2137 usquead
1391 2065 1457 2122 Idus
1472 2066 1645 2138 Septembris
1658 2071 1760 2138 quarta

123 2162 241 2214 moetus
256 2164 294 2214 est
307 2162 455 2218 Dominus.
470 2160 847 2232 Responsorium‚Propitius
856 2166 919 2216 erte.
963 2158 1021 2213 sive
1031 2162 1108 2213 sexta
1121 2155 1192 2211 feria
1203 2155 1330 2226 ieiunare
1353 2154 1469 2222 debent;
1486 2155 1558 2211 sicut
1572 2156 1656 2210 Peter
1665 2159 1761 2210 noster

120 2248 389 2318 uremosmeesqes
397 2249 920 2317 udonimorumLectio,dudilsroet.
965 2246 1132 2304 Benedictus
1140 2244 1267 2300 instituit
1279 2261 1337 2300 sure
1353 2244 1468 2316 Regulee
1482 2261 1542 2316 cop.
1559 2245 1604 2299 ll.
1615 2244 1650 2298 Et
1662 2243 1698 2298 ab
1710 2241 1761 2297 ab·

121 2337 656 2408 Responsorium,Converterellomine
669 2338 920 2404 Oremus‚l³resta,
964 2333 1028 2389 bete
1038 2334 1086 2388 ille
1097 2332 1227 2388 discretio
1239 2332 1301 2387 lieri
1316 2332 1497 2403 debet,quem
1507 2331 1568 2404 ipse
1582 2331 1762 2388 beatissimus

121 2443 293 2495 quesumus,
308 2429 482 2496 omnipotens
490 2429 572 2482 Deus.
585 2426 689 2494 Lectio,
700 2429 779 2482 llicit
791 2429 925 2482 Dominus
966 2429 1121 2496 preceptor
1133 2423 1220 2494 jussit
1232 2427 1348 2494 propter
1363 2421 1567 2494 pusillanimes,
1583 2422 1626 2477 vel
1635 2421 1708 2476 seris
1723 2421 1764 2475 in-

123 2517 161 2569 ad
185 2517 311 2585 Moysen.
347 2515 580 2587 Responsorinm‚
603 2517 762 2584 Diriputur.
792 2516 922 2584 Oremus,
967 2512 1142 2585 temperiem,
1167 2517 1221 2566 eut
1238 2511 1262 2566 si
1277 2511 1357 2566 labor
1382 2512 1473 2582 major
1500 2510 1590 2566 faetus
1611 2509 1765 2566 fueritleci

121 2603 414 2673 Praests‚quesumus,
426 2607 607 2673 ornnipotens.
619 2605 723 2671 Lectio,
735 2605 855 2673 Iapetus
868 2606 927 2660 llo-
967 2602 1051 2657 illius.
1065 2600 1095 2655 Si
1111 2605 1206 2655 eutem
1223 2599 1318 2654 abbati
1340 2599 1382 2654 rel
1405 2598 1492 2671 priori
1506 2599 1594 2655 uisum
1609 2599 1704 2666 luerit,
1720 2603 1762 2667 ut,

123 2695 203 2748 enini
215 2694 362 2748 deseendit.
376 2693 601 2748 benedictionem
613 2694 751 2748 missorem
760 2693 816 2749 duo
825 2694 927 2748 fratres
968 2690 992 2745 si
1006 2689 1177 2752 reficientur,
1194 2689 1247 2744 boo
1261 2688 1344 2743 modo
1358 2693 1453 2759 egent.
1468 2688 1531 2743 Mor
1543 2693 1575 2743 ut
1594 2687 1767 2743 surrexerim

122 2782 153 2837 in
166 2781 244 2838 elbis
254 2782 366 2837 dicant:
381 2783 540 2837 Benedictus
550 2799 586 2850 es,
600 2783 714 2838 Domine
728 2801 737 2838 .·
751 2782 926 2855 usquedum3
968 2779 1003 2835 de
1018 2778 1151 2850 capitulo,
1172 2783 1201 2832 et
1210 2777 1239 2832 ln
1254 2777 1377 2831 claustro
1391 2776 1527 2842 renerius,
1541 2775 1766 2847 iubentesbbste

120 2873 294 2928 Benedicent
310 2877 343 2933 te,
360 2875 466 2928 cetum.
483 2875 569 2932 terro,
581 2887 659 2925 oreore
673 2875 698 2925 et
712 2875 808 2926 omnic
822 2875 927 2940 quein
968 2873 1085 2923 sonetur
1094 2867 1207 2938 elgnum
1218 2866 1322 2932 minus,
1336 2871 1368 2920 ut
1377 2864 1590 2921 hebdomadarii
1600 2865 1768 2937 coquinanet

122 2963 161 3015 eis
192 2965 272 3015 sunt.
301 2959 408 3015 Deinde
432 2964 573 3030 repetent.
600 2960 632 3014 lit
653 2961 813 3015 laudabilis.
831 2960 927 3016 lilerio
969 2955 1019 3011 elii
1029 2955 1131 3010 fratres
1142 2960 1301 3027 preparent
1310 2953 1415 3020 omnis,
1431 2970 1492 3025 qum
1502 2953 1766 3025 prrepamndasnnt,

122 3052 220 3104 Petri.
231 3048 303 3105 Cum
315 3048 490 3121 repetitione.
500 3049 532 3104 ut
545 3049 706 3116 laudabilis,
718 3054 822 3104 ettunc
830 3048 928 3104 subse·
938 3019 961 3081 G
970 3049 999 3098 et
1017 3049 1104 3115 egent
1117 3043 1232 3098 mlesem
1250 3042 1286 3097 ed
1299 3040 1424 3108 tertiam,
1440 3045 1468 3096 et
1480 3041 1644 3096 reficientur
1657 3041 1693 3096 ed
1708 3058 1769 3098 sex·

123 3139 345 3210 quanturSicut
354 3143 423 3194 eret.
434 3139 468 3193 st
479 3139 640 3192 laudabitis.
652 3137 713 3192 Illis
722 3153 931 3210 suprarespon·
970 3139 1039 3189 um.
1056 3133 1085 3188 Si
1099 3149 1165 3188 vero
1176 3133 1216 3204 Jej
1223 3131 1379 3196 rennuerint,
1395 3135 1459 3202 post
1472 3136 1579 3186 sertem
1593 3131 1721 3203 protinus
1733 3137 1765 3188 ut

123 3226 441 3284 dentibusllenedictns
456 3243 492 3282 es.
505 3227 606 3282 Moxut
620 3227 727 3283 dictum
736 3227 824 3283 suerit
836 3228 931 3282 veniat
971 3221 1146 3278 surrexerint
1161 3219 1310 3276 meridiani
1328 3218 1411 3292 [sorte
1426 3235 1442 3274 e
1456 3219 1623 3287 meridiane,
1645 3221 1733 3284 idest,
1750 3236 1768 3276 a

124 3317 308 3374 sacerdosad
319 3317 408 3372 altore
423 3321 452 3370 et
461 3315 546 3383 dicet,
561 3316 697 3372 llominus
712 3316 929 3372 uobiscurn.col-
970 3328 1066 3368 somno
1078 3317 1138 3380 post
1147 3307 1435 3382 meridim],veniont
1443 3307 1522 3381 pueri
1534 3315 1599 3364 ente
1609 3309 1769 3364 eltereore·

123 3408 215 3468 lecta,
239 3407 311 3461 Deus
325 3409 375 3474 qui
390 3407 487 3460 tribus.
509 3405 644 3476 Epistola,
658 3408 810 3473 iustificati
828 3409 927 3475 ipitur.
971 3403 1077 3458 tionem
1091 3400 1197 3469 secere;
1212 3415 1268 3472 qua
1281 3399 1363 3466 lacto,
1385 3398 1533 3471 imponent
1552 3399 1625 3454 benc
1640 3398 1770 3470 entipbo·

123 3498 263 3562 Tractus,
288 3496 417 3562 Ineunte,
438 3493 570 3550 slmiliter
591 3493 648 3549 duo
662 3494 692 3548 in
707 3494 787 3550 albis.
804 3495 931 3566 Erenge-
972 3508 1049 3558 nem,
1067 3491 1199 3558 Susurpe
1216 3491 1341 3544 Domine.
1357 3487 1549 3543 Tunct'ecient
1562 3488 1769 3560 processionem

123 3587 213 3648 lium,
240 3585 402 3654 Eprediente
429 3586 502 3638 lesu.
532 3583 723 3652 offertorium,
748 3585 828 3648 Deus,
861 3586 930 3639 lleus
973 3598 1024 3655 per
1040 3581 1168 3639 ordinem
1181 3579 1254 3636 sicut
1260 3580 1320 3650 jem
1336 3577 1461 3633 crebrius
1474 3577 1672 3650 prompsimus.
1684 3577 1773 3634 Eron-

124 3677 236 3730 salutis
259 3689 330 3728 nuc.
347 3672 526 3741 Communis,
546 3674 609 3728 Nou
633 3690 679 3728 uos
694 3677 855 3742 relinquam
885 3689 932 3729 or·
973 3672 1047 3742 gello
1058 3671 1191 3742 legentur
1204 3669 1234 3723 ln
1250 3667 1327 3723 seriis
1347 3667 1421 3723 sicut
1444 3667 1472 3722 in
1487 3667 1559 3722 libro
1578 3671 1772 3723 sacramento·

121 3766 251 3836 pisanos.
974 3777 1038 3815 rum
1048 3747 1207 3830 conscripta
1221 3757 1388 3813 invenerint,
1402 3756 1512 3811 Debent
1528 3756 1631 3828 quippe
1644 3761 1723 3811 sexta
1735 3756 1774 3812 le·

435 3852 552 3908 CAPUT
565 3851 642 3907 XIII.
975 3850 1144 3904 decantare
1159 3847 1274 3902 missam
1289 3846 1317 3901 in
1329 3846 1465 3900 bonorem
1476 3851 1578 3900 senctae
1591 3846 1699 3912 Crucis,
1708 3851 1738 3901 et
1748 3845 1774 3901 si

398 3941 504 3998 Oetaeis
519 3943 688 3996 resumeres.
976 3936 1076 4010 aliquis
1083 3941 1197 3992 sanctus
1207 3935 1341 4000 evenerit,
1351 3934 1425 3989 unde
1435 3939 1493 3988 tres
1501 3932 1634 3988 lectiones
1642 3939 1772 4004 agentur,

164 4029 380 4096 Invitatorium,
396 4031 528 4093 Alleluia,
536 4029 660 4097 Spiritus
672 4026 936 4098 Domini,quodduo
977 4030 1092 4083 cantent
1107 4023 1223 4080 missam
1237 4023 1272 4078 de
1283 4023 1344 4094 ipso
1357 4027 1464 4077 sancto.
1481 4022 1515 4076 Et
1529 4022 1642 4092 quendo
1656 4027 1772 4077 sanctus

127 4126 255 4180 cantent
279 4121 309 4176 in
334 4119 439 4192 cuppis.
462 4117 528 4174 Tria
548 4116 717 4172 candelabre
744 4124 810 4172 ente
836 4117 936 4182 altere,
979 4132 1037 4172 non
1052 4113 1254 4180 adventarent,
1272 4111 1454 4183 qulntelerie
1467 4111 1579 4182 legetur
1592 4110 1775 4181 Euangelium

127 4219 216 4270 retro
242 4226 310 4266 une.
334 4209 367 4265 ln
391 4207 535 4264 nocturnis
549 4207 710 4279 antiphone
734 4206 853 4277 singulm
875 4221 937 4260 cum
979 4205 1068 4278 ipsius
1083 4204 1149 4268 diei,
1166 4204 1253 4258 Homo
1272 4202 1388 4270 quidem
1401 4205 1461 4254 eret
1476 4199 1641 4255 diues'l'ota
1654 4213 1777 4270 nomque

129 4299 265 4360 Alleluia
283 4299 318 4353 de
337 4297 399 4370 ipso
422 4295 494 4352 festo
511 4295 650 4362 dicantur,
665 4293 800 4350 lectiones
824 4299 886 4350 octo
905 4294 940 4349 de
980 4294 1043 4366 ipse
1068 4291 1245 4348 hebdomada
1273 4291 1309 4346 ad
1340 4291 1500 4358 Mepniflcet
1527 4285 1631 4343 debent
1662 4293 1777 4344 cantero

129 4403 274 4448 sermone
284 4372 377 4442 sancti
390 4384 492 4440 Leonis
506 4400 595 4456 papae.
612 4384 750 4448 Quartum
766 4385 896 4437 octavum
912 4377 1151 4455 etDentiphonas
1166 4397 1200 4437 ex
1216 4378 1379 4451 EvangeIIo,
1392 4379 1477 4434 Homo
1492 4378 1602 4446 quidem
1618 4382 1678 4432 erut
1691 4378 1774 4433 diues.

129 4478 343 4538 duodecimum
357 4473 566 4546 responsorium
592 4488 609 4529 a
634 4469 744 4527 dnobus
768 4469 939 4527 cantabitur.
983 4472 1105 4530 Sebbato
1141 4471 1178 4527 ed
1205 4485 1351 4542 vesperem
1375 4467 1596 4540 responsorium,
1622 4469 1778 4536 Preporote

131 4565 317 4627 Homiliede
336 4563 497 4635 Evangelio,
512 4563 580 4617 lirot
596 4561 675 4616 borno
689 4577 722 4616 ee
735 4562 883 4616 Pteriseis
897 4576 943 4615 ex·
982 4563 1066 4618 cordo
1093 4566 1193 4617 nostre.
1222 4559 1265 4615 Ad
1293 4560 1453 4628 Mopuiflcet
1487 4555 1652 4628 antiphona,
1676 4558 1779 4613 Montes

131 4655 295 4734 positionis
317 4652 447 4725 Gregorii
467 4650 644 4707 Nazianzeni.
666 4651 700 4706 In
714 4649 845 4706 leudibus
867 4648 943 4704 enti-
985 4652 1086 4708 Getboe.
1125 4671 1127 4677 ’

133 4751 241 4824 phone
257 4761 264 4802 ι
280 4744 412 4805 Alleluia,
428 4743 496 4796 dum
510 4743 723 4808 complerentur.
742 4739 775 4796 In
794 4738 945 4811 Evangelio
1285 4769 1403 4829 CAPUT
1417 4771 1477 4827 XV·

134 4836 322 4909 antiphone:
343 4832 419 4888 Venit
443 4831 522 4885 homo
536 4831 573 4884 od
586 4832 690 4892 lesum,
707 4833 829 4884 nomine.
853 4827 887 4883 In
901 4827 946 4883 die

135 4940 273 4998 namque
289 4923 343 4978 hoc
357 4921 382 4976 si
399 4919 496 4993 alique
513 4919 585 4974 teste
606 4917 789 4985 occurrerint,
816 4922 948 4990 repetant
1148 4899 1294 4955 nominer
1305 4899 1350 4954 ΠΙ
1358 4903 1419 4967 ll⁰³l
1432 4899 1615 4953 Ρθηῑθΰθδῑθη·

136 5015 336 5088 antiphonam
351 5015 381 5068 et
394 5015 481 5083 egent
494 5008 690 5064 matutinalem
704 5005 947 5078 missum,ed1'un-
1024 5006 1127 5063 Dicent
1134 5003 1576 5073 iuvitatorium,l³rcoerupemus.
1589 5003 1784 5077 Hymnusdto·

136 5110 251 5181 gentes
264 5102 409 5158 collectam
424 5101 504 5162 Deus,
512 5101 562 5168 qui
576 5097 710 5152 hodierne
724 5097 777 5150 die.
792 5095 821 5151 Si
835 5101 949 5151 senctus
990 5103 1029 5152 ete
1054 5099 1205 5165 serpentes.
1231 5094 1376 5150 Lectiones
1399 5098 1461 5148 octo
1484 5093 1581 5164 legant
1602 5091 1636 5147 de
1659 5091 1782 5162 regibus.

139 5193 266 5268 Spritus
294 5195 445 5266 perventus
472 5204 529 5243 non
557 5185 653 5252 fuerit,
667 5185 704 5240 ad
726 5200 834 5239 seuram
857 5185 949 5256 ipsem
991 5184 1219 5257 Responsorium,
1233 5185 1451 5239 Deusornuium.
1469 5182 1502 5237 ln
1516 5179 1600 5236 tertio
1624 5180 1719 5251 [Supp.
1736 5195 1782 5235 no-

138 5299 241 5344 unam
262 5281 407 5336 esttecum
433 5276 593 5350 persolvant
617 5289 682 5328 cum
711 5272 873 5345 praelatione
894 5272 951 5329 diei
991 5274 1101 5345 sturno]
1115 5273 1233 5328 bomilia
1247 5288 1280 5327 ex
1299 5270 1473 5342 Evangelio:
1495 5269 1579 5323 Homo
1593 5268 1708 5335 quidem
1722 5273 1783 5323 erut

140 5369 310 5434 Paschelis.
327 5366 472 5424 Processio
485 5366 518 5420 tit
530 5363 603 5419 deut
622 5361 772 5434 preteritis
783 5361 881 5417 diebus
894 5362 952 5418 Do·
992 5365 1075 5421 dines.
1101 5361 1289 5434 Responsorie
1314 5360 1350 5415 de
1369 5357 1495 5431 ejusdem
1519 5354 1637 5410 historia
1658 5359 1783 5425 cantent)

142 5460 278 5522 mininis,
288 5463 415 5515 sttnrnen
425 5471 488 5513 cnm
498 5451 662 5510 renermtio
675 5451 819 5508 redeundo
833 5451 863 5508 in
881 5451 953 5508 strio
993 5467 1083 5524 usque
1098 5451 1239 5507 Kalendm
1253 5448 1383 5522 Augusti.
1411 5449 1449 5503 At
1462 5443 1659 5501 matutinalem
1686 5445 1786 5501 borum

142 5557 224 5612 mee
238 5549 314 5607 tores
327 5545 459 5616 occlude,
470 5543 584 5602 initient
592 5544 667 5599 hene
679 5539 872 5614 antiphonam,
882 5541 954 5598 dru-
993 5540 1127 5614 hymnus,
1139 5539 1273 5610 trecium
1287 5539 1387 5596 noctis.
1401 5535 1497 5609 Usque
1505 5531 1646 5591 Kalendas
1661 5532 1790 5592 Octobris
