3934 6174
105 228 139 285 ιη
385 219 478 276 run.
498 219 736 300 reomense.
756 221 941 292 commun
962 209 1344 298 *cernebamus
1627 226 1692 304 ess,

103 353 225 414 tineosos,
237 361 270 402 ne
283 343 355 414 forte
368 343 429 399 siue
439 359 533 412 censa,
541 347 692 413 inutiliter,
706 345 892 402 laboraverim
904 347 934 402 in
943 346 1019 403 vobis
1029 345 1120 418 lqund
1130 362 1164 402 ne
1177 347 1236 414 tlat.
1250 341 1296 404 le.
1306 341 1352 404 30.
1367 345 1463 404 mute
1469 351 1594 408 oonmrst
1602 349 1682 410 nece

103 439 366 510 egonodooonuersus,
382 431 427 490 tt.
444 433 510 504 quia
524 439 553 488 et
565 450 616 504 ego
631 433 705 489 sicut
714 451 761 490 vos
774 438 819 504 sui
828 440 905 500 otim,
917 437 1027 501 tratres,
1050 451 1083 490 nc
1096 436 1258 504 judaizetis,
1274 432 1388 490 obsecro
1401 451 1460 494 vos,
1477 433 1522 492 22.
1537 437 1615 496 Nihil
1629 454 1677 496 ms

101 525 236 590 bustisimo
241 522 859 593 profuistis,steutnnpetuns.Detsuscipientes.
870 525 952 580 Scitis
960 530 1055 579 autem
1064 523 1130 596 quis
1139 521 1237 593 idper
1244 521 1437 578 infirmitatem
1443 524 1535 582 carnis
1542 529 1675 598 afflictas,

101 615 128 668 nl
138 615 251 680 infirnus,
266 609 451 682 evangelizavi
464 609 542 664 vobis
549 612 611 681 jam
621 609 730 682 pridem
745 631 751 676 ;
767 617 796 666 et
807 609 850 678 24,
863 613 907 668 ub.
922 613 1107 669 tentationem
1123 615 1255 676 vestram,
1267 627 1320 680 pro
1335 613 1408 665 vobis
1422 612 1537 682 suctum,
1552 613 1682 672 incarne
1783 607 1788 612 ’

99 718 143 756 mes
152 700 186 756 it.
197 715 245 754 uon
257 698 506 772 sprevistis,neque
520 699 729 771 respuistis,sed
738 699 948 774 sicutaegelum
960 702 1010 756 Dei
1019 701 1170 774 excepistis
1181 699 1317 768 me,sicut
1328 702 1521 772 (eruperunt
1533 701 1678 765 Christum

98 791 173 856 tuum,
185 795 205 842 et
218 791 254 841 ito
270 792 336 842 tunc
351 789 422 842 beuti
434 804 488 842 voe.
498 787 551 842 Ubi
565 793 608 843 est
619 789 662 843 27.
671 804 747 860 ergo,
758 805 835 844 nunc
843 795 946 848 nutem.
954 793 1004 844 ute·
1014 788 1159 845 beatitudo
1168 793 1262 844 vestre
1266 791 1412 858 pristino?
1424 805 1533 848 nonme
1545 794 1677 850 insistis:

97 880 207 934 rtltonurn
213 877 279 930 mibi
290 875 608 944 fecistis.Testimoninm
620 877 697 932 euim
703 877 837 950 perhibeo
845 878 921 934 vobis
929 879 1033 951 quiesi
1041 879 1102 936 lieri
1109 879 1459 950 possetuoeneooununut
1466 882 1520 936 sibi
1526 881 1679 954 obediente)

97 966 452 1034 omlosvestrosemissetis,et
461 964 610 1022 dedissetis
620 967 761 1038 mihi.E,go
769 967 901 1024 inimicus
911 967 987 1024 vobis
996 968 1154 1024 tactussum
1162 973 1182 1036 1
1190 963 1303 1043 ῡῇἳὸ.
1317 981 1415 1020 verum
1427 966 1522 1024 diceus
1532 968 1622 1026 vobisl
1630 972 1686 1031 nti.

97 1059 131 1128 put
137 1057 278 1126 persuadent
288 1071 331 1130 ene
346 1057 496 1112 inimicum
505 1057 648 1122 nonense,
659 1057 917 1125 oetoosjudoisare.
934 1055 984 1116 29.
1003 1056 1184 1114 AEmulantur
1192 1071 1240 1110 vos
1252 1047 1311 1110 non'
1318 1053 1389 1112 bene
1401 1072 1407 1108 ι
1417 1055 1467 1112 sed
1476 1056 1623 1114 excludere
1629 1075 1691 1116 sos-

95 1147 191 1214 solnta
202 1146 303 1216 Metel
317 1162 335 1199 a
348 1162 409 1200 mec
423 1143 1152 1212 dilectionumilloseemulemini,tmttensini.Bonum
1161 1147 1257 1200 autem
1267 1145 1300 1197 tn
1309 1143 1690 1209 illonaemulaminiinbono

96 1251 182 1307 nunt,
195 1239 220 1288 et
230 1250 285 1288 non
298 1239 411 1294 tautum
425 1251 489 1290 cum
505 1251 627 1307 praesens
636 1251 700 1290 sum
709 1233 784 1307 apud
799 1249 856 1288 sos.
873 1231 917 1290 30.
932 1233 1024 1289 Filioli
1040 1232 1105 1298 mei,
1116 1247 1187 1303 quos
1196 1230 1301 1286 iterum
1314 1228 1359 1286 31.
1369 1231 1574 1302 parturientem
1583 1235 1687 1294 labore.

95 1339 169 1392 raom,
177 1319 214 1380 32.
227 1321 313 1377 donec
323 1321 461 1386 formetur
469 1321 598 1388 Christus
609 1323 639 1377 in
651 1319 730 1377 vobis
743 1323 917 1390 resipiscenti
919 1321 1086 1376 bus.Vellem
1100 1325 1196 1375 autem
1211 1335 1272 1376 esse
1280 1319 1357 1392 apud
1369 1336 1417 1376 vos
1428 1321 1520 1388 modo,
1532 1337 1598 1392 quos
1610 1338 1672 1378 uoco

93 1413 255 1478 fliunocurem
265 1414 406 1480 pessimos,
414 1411 455 1465 oet
466 1427 533 1481 quos
545 1413 676 1466 &moneo
687 1411 862 1476 blandiendo,
870 1414 899 1464 et
908 1406 951 1466 33.
959 1412 1069 1464 mutare
1076 1423 1171 1463 vocam
1182 1409 1489 1472 meamnomminorem
1498 1411 1671 1477 imperando,

93 1499 191 1571 quoniam
202 1499 354 1554 confundor
363 1499 392 1553 in
406 1498 494 1554 robis.
510 1497 554 1556 34.
562 1499 653 1554 Dicite
663 1498 743 1564 mihi,
759 1498 809 1570 qui
820 1498 871 1560 sub
888 1499 952 1569 lege
966 1499 1049 1557 vultis
1063 1513 1134 1565 esse,
1150 1496 1243 1568 legem
1257 1512 1314 1552 non
1331 1496 1463 1566 legistis?
1476 1496 1618 1568 Scriptum
1630 1501 1676 1553 est

92 1589 143 1644 euim
157 1607 162 1642 :
175 1587 213 1645 35.
227 1587 365 1656 Quoniam
375 1587 517 1644 Abraham
528 1588 598 1643 duos
609 1587 788 1643 tilioshabuit
802 1605 808 1640 :
831 1603 918 1643 unum
928 1589 1027 1642 temnet
1036 1587 1071 1642 de
1086 1586 1188 1642 ancilla
1199 1587 1286 1654 naar,
1301 1590 1330 1640 et
1340 1601 1428 1641 unum
1443 1587 1521 1642 tenue
1532 1585 1568 1643 de
1588 1585 1680 1642 libere

90 1677 147 1734 Sors.
156 1677 203 1733 Sed
215 1677 260 1752 qui
272 1677 309 1734 da
321 1677 434 1744 ancilla,
449 1677 493 1733 35.
510 1675 666 1733 secundum
681 1691 797 1732 carnem
810 1681 895 1732 natus
914 1681 970 1744 est3
984 1675 1032 1748 qui
1043 1679 1139 1732 sutem
1153 1673 1287 1731 delibera
1301 1679 1384 1730 notus
1398 1679 1446 1744 est,
1460 1690 1512 1747 per
1524 1674 1678 1748 repromis-

717 1833 1014 1898 COMMENTARIUS.

111 1967 143 2024 it.
155 1970 270 2028 meos.
283 1971 372 2026 Estote
381 1974 453 2026 sicut
467 1987 522 2040 epo.
537 1969 625 2026 Eram
643 1968 746 2042 inquit,
757 1973 885 2040 etegoA.
918 1967 964 2024 29.
982 1966 1075 2039 (ibid.)
1096 1967 1288 2035 Emulantur,
1311 1965 1341 2021 id
1361 1969 1413 2034 est,
1437 1963 1564 2020 insident
1590 1963 1679 2033 vobis,

86 2056 122 2111 sub
132 2057 194 2129 lege;
208 2059 254 2114 sed
266 2064 333 2132 post
347 2060 418 2132 elegi
426 2065 505 2115 extra
522 2060 613 2132 legem
627 2057 805 2125 visere,sicut
817 2061 845 2112 et
884 2056 933 2128 qui
946 2072 995 2111 vos
1008 2056 1135 2110 carnales
1149 2056 1184 2110 de
1198 2054 1390 2128 spiritualibus
1399 2055 1497 2111 volunt
1509 2055 1601 2110 tacere
1610 2071 1618 2123 ;
1628 2053 1683 2109 hoe

86 2161 174 2245 supper,
191 2164 249 2205 uem
264 2150 379 2220 quanin
404 2147 685 2216 Cbristn,est1bdem
700 2144 844 2203 vivebatis.
886 2151 929 2214 est
941 2145 1179 2205 snoudunam
1192 2144 1273 2202 uene

85 2233 280 2309 [muniriergo
289 2244 389 2306 atros,
405 2255 460 2306 noe,
473 2235 722 2308 cumiltsqunin
735 2234 846 2292 omissa
923 2232 967 2294 30.
985 2235 1080 2306 (ibid.)
1099 2239 1195 2292 Filiott
1213 2239 1277 2293 met.
1304 2232 1523 2291 Parturitionem
1540 2233 1695 2306 hmtczpsno

84 2324 556 2399 mttunuunrersationelegitimp
561 2325 745 2398 vosmetipsos
751 2328 843 2386 extre·
882 2341 1014 2382 curarum
1029 2325 1182 2396 angoribus
1195 2323 1316 2396 positam
1329 2323 1531 2395 intelligamus.

82 2427 130 2468 neos
140 2414 282 2482 fruentes,
916 2413 962 2478 31.
977 2416 1086 2473 Ltusu.
1102 2414 1328 2474 nortemanni
1348 2419 1377 2470 et
1391 2413 1466 2487 purti
1484 2416 1566 2468 erant
1585 2409 1619 2466 in
1630 2410 1702 2468 tide--

106 2501 139 2557 ts.
149 2503 244 2562 bursa.
258 2506 349 2560 Estote
361 2509 433 2560 sicut
445 2521 501 2574 epo,
519 2503 612 2572 idest,
628 2500 844 2560 conformamini
885 2503 988 2560 christi
1002 2522 1009 2574 ;
1024 2504 1074 2560 sed
1087 2503 1278 2577 qssiaqaidam
1292 2503 1407 2560 illorum
1420 2499 1507 2558 tidem
1517 2501 1699 2558 dimiserant.

81 2589 132 2650 neit
140 2592 263 2664 moribus,
276 2591 845 2665 quieegoconlormorvestns.velenotc
884 2591 1012 2666 pariendi
1026 2593 1128 2650 iterum
1144 2592 1180 2648 sb
1194 2593 1328 2666 Apostolo
1338 2589 1697 2665 erantquodusquetore,

81 2679 159 2748 non,
171 2681 306 2754 sicutege
317 2699 392 2751 suen,
402 2682 469 2754 quin
481 2697 534 2753 ego
547 2681 670 2738 infidelis
684 2680 725 2736 rui
735 2680 808 2736 sicut
816 2682 846 2735 et
885 2686 1013 2738 meretur
1024 2680 1153 2738 Christus
1162 2682 1193 2736 in
1205 2681 1256 2737 eis.

80 2782 129 2836 ros,
143 2786 228 2842 seper
248 2772 303 2840 boc
323 2787 370 2828 mc
392 2770 553 2838 imitamini,
576 2769 643 2842 quia
657 2785 709 2840 ego
723 2768 846 2841 priorem
921 2769 967 2828 32.
981 2773 1106 2828 Aususr.
1133 2771 1224 2841 (ibid.)
1248 2771 1337 2826 dorne
1359 2771 1511 2840 functuri
1534 2769 1695 2826 romaum

80 2856 271 2915 blensensine
285 2859 508 2922 casusndeserui.
887 2859 1015 2916 Christus
1029 2860 1059 2915 in
1073 2876 1117 2927 en,
1131 2875 1198 2914 cum
1209 2859 1330 2922 formem
1345 2856 1580 2930 tlhrlstiaccipit.
1654 2861 1655 2864 ’

103 2943 137 3002 u.
149 2949 392 3018 Qutuptepnsieut
405 2965 459 3006 uos.
474 2948 585 3002 Diceret
599 2946 681 3018 quis:
700 2945 846 3012 Quomodo
920 2948 964 3007 33.
980 2949 1071 3018 libid.)
1084 2949 1302 3003 Muturouoccm.
1315 2946 1390 3015 Quid
1404 2946 1616 3013 eliuddicstur,
1628 2943 1696 3000 mnia
1749 2985 1751 2992 >

78 3049 196 3102 murmur
211 3037 403 3106 assultat
428 3036 610 3108 Respondet:
633 3035 765 3102 Potestis,
780 3033 848 3106 quia
887 3037 1040 3110 quintilius
1052 3035 1240 3094 remuneras
1252 3051 1445 3108 essaparcans
1454 3033 1495 3092 eis
1505 3034 1684 3106 perlitterss,

78 3119 225 3182 imteumus
236 3126 316 3190 idern
325 3125 547 3184 insubstantiali
555 3124 687 3190 essentia,
694 3137 845 3195 possumus
886 3145 930 3194 ne,
942 3126 1084 3182 severiore
1096 3124 1294 3197 objurgatione
1306 3122 1451 3188 commoti,
1472 3121 1554 3178 laniis
1571 3122 1611 3176 in·
1620 3123 1703 3194 eius:-

76 3224 119 3264 esse
129 3212 153 3280 in
164 3214 340 3286 seoidsptsli,
352 3214 445 3282 idest,
461 3213 492 3270 in
500 3214 662 3272 sanctitate.
888 3217 985 3272 odium
997 3216 1222 3271 traducerentur.
1233 3213 1341 3268 Vellem
1348 3229 1427 3285 ergo,
1440 3211 1541 3284 inquit,
1549 3211 1686 3268 mncad-

100 3299 134 3360 Ἠ.
147 3303 218 3358 tillut
238 3321 280 3358 noe
293 3305 411 3361 mutu.
425 3304 468 3358 Ne
488 3302 550 3374 quis
560 3302 665 3358 diceret
677 3267 877 3374 ApostolumB
888 3322 950 3362 esse
962 3304 1038 3377 apud
1046 3320 1095 3360 vos
1106 3306 1137 3360 et
1149 3307 1260 3360 mutare
1269 3319 1367 3358 socom
1380 3318 1486 3370 mesen,
1494 3297 1523 3356 id
1538 3305 1591 3368 est,
1603 3316 1688 3374 neges

77 3387 606 3463 eumneumguerenemoveosiu:
623 3391 687 3452 Non
700 3407 746 3448 me
759 3389 847 3446 leesis·
887 3411 918 3449 re
933 3409 980 3449 sos
995 3393 1167 3458 fuliosmeos,
1184 3393 1251 3464 quie
1266 3391 1466 3447 contenderim
1483 3388 1571 3446 vobis.
1661 3393 1663 3398 ’

76 3473 108 3539 tis,
119 3479 182 3547 quod
197 3479 319 3535 debeam
334 3480 459 3534 inridere
481 3479 579 3548 vobis;
600 3479 649 3534 sed
665 3478 759 3534 omniu
772 3479 847 3536 mnu
922 3481 967 3539 54.
988 3482 1096 3540 Lenem
1117 3484 1205 3538 litoite
1220 3483 1304 3549 mitt,
1325 3482 1375 3551 qus·
1388 3481 1440 3535 sub
1454 3481 1606 3548 lapsuutts's
1620 3494 1684 3540 erse.

77 3562 237 3637 moenem,
253 3569 324 3641 quia
335 3569 443 3624 smnus
456 3568 557 3624 tactus.
572 3569 631 3624 Hoc
643 3567 744 3640 loquor
755 3567 843 3634 vobis,
886 3572 949 3628 Non
961 3571 1069 3628 debetis
1082 3571 1152 3628 salte
1165 3570 1218 3627 sub
1230 3571 1292 3642 lege
1300 3567 1483 3635 meusedsub
1495 3568 1685 3626 ecclesiastica

78 3653 231 3719 omnnium
244 3675 313 3728 sum
328 3657 414 3725 robis,
425 3663 456 3712 et
473 3657 540 3729 quia
554 3673 651 3720 verum
666 3663 721 3714 est.
883 3660 974 3731 gratia
988 3677 995 3728 ;
1011 3661 1055 3716 lex
1073 3660 1150 3715 enim
1166 3662 1404 3729 seruos-generat,
1423 3656 1546 3712 Ecdeme
1568 3655 1686 3715 liberos,

98 3738 130 3798 ii.
142 3745 189 3797 Per
201 3748 411 3814 infirmitatem,
430 3745 460 3800 id
479 3751 522 3800 est
539 3745 570 3800 in
584 3744 757 3811 infirmitate,
771 3743 845 3799 sicut
885 3748 965 3814 Quod
981 3749 1131 3821 Scripturae
1140 3748 1308 3804 annotitste
1322 3745 1482 3819 sioprobst,
1489 3745 1585 3802 dicens
1597 3745 1686 3800 annua

74 3834 137 3898 elpes
147 3832 213 3888 illud
224 3839 353 3906 tempus,
369 3834 397 3888 id
409 3839 460 3899 est,
477 3835 506 3888 in
519 3834 566 3887 illo
581 3837 718 3905 tempore.
885 3838 943 3892 lem
956 3839 1033 3910 Ager
1046 3837 1167 3894 Abrahss
1180 3853 1291 3893 servom
1305 3836 1447 3908 genuisse,
1463 3835 1563 3890 Salam
1573 3851 1640 3890 vero
1650 3833 1684 3888 ti·

97 3917 129 3974 it.
145 3921 440 3980 tentationem.Tanta
463 3922 519 3978 fuit
537 3921 687 3986 infirmitas
709 3922 802 3978 curnis
816 3921 844 3978 iu
886 3925 980 3982 beram
991 3925 1111 3982 liberum
1123 3923 1685 3995 utiunsdtdnseltonentcasquodsers

71 4003 185 4076 Annulo,
202 4019 235 4066 ut
259 4011 408 4068 auditores
431 4010 534 4066 tentari
558 4015 683 4082 possent,
697 4015 727 4066 et
744 4016 849 4083 putore
885 4018 914 4068 et
929 4016 1007 4086 Agar
1020 4014 1056 4069 ad
1069 4015 1161 4086 legem
1179 4013 1375 4069 etEcclesiam
1390 4013 1461 4083 [sup.
1474 4012 1639 4084 pertinent],
1654 4017 1684 4068 at

73 4094 125 4160 leod
135 4099 279 4168 Apostolus
295 4100 402 4156 Christi
420 4116 477 4156 non
487 4106 573 4166 esset,
593 4100 696 4171 quiite
706 4105 843 4170 egrotare
884 4103 958 4175 quod
973 4119 1070 4160 earum
1084 4102 1145 4169 filii,
1158 4103 1352 4173 adntrumqne
1361 4100 1552 4173 populum.Et
1562 4115 1681 4170 respon-

71 4185 223 4248 multumt„
884 4192 1089 4263 detApostolus
1104 4191 1180 4263 quod
1193 4191 1303 4246 dictum
1317 4193 1360 4246 est
1372 4189 1408 4244 de
1421 4188 1530 4246 duabus
1541 4187 1695 4246 matribus*

95 4268 129 4325 ii.
141 4277 263 4332 tusses.
276 4280 320 4348 (tn
330 4277 415 4346 Epist.
427 4277 463 4330 od
476 4276 546 4349 dut.)
565 4279 761 4334 tentationem.
772 4277 843 4332 Ten·
883 4285 912 4336 et
921 4297 1018 4336 earum
1034 4280 1108 4342 tiliis,
1124 4278 1358 4351 perallegoriam,
1370 4276 1617 4349 delegeetgrstis
1630 4277 1685 4332 ds·-

71 4359 107 4412 bti
116 4371 182 4430 sunt,
195 4382 261 4422 cum
271 4365 501 4437 persecutionem
517 4371 661 4436 peteretur
668 4367 838 4438 Apostolum
883 4368 948 4426 bere
962 4368 1092 4441 intelligi.
1112 4368 1192 4433 Quod
1212 4366 1323 4440 plenius
1337 4366 1463 4422 inuenies
1480 4365 1542 4422 ibi:
1558 4365 1611 4424 Sed
1628 4369 1679 4437 qui

69 4453 243 4509 etmmtimore
256 4455 425 4510 desererent
435 4471 555 4520 eum,au
565 4455 703 4513 charitate
719 4456 840 4528 amplec-
880 4459 913 4514 de
926 4459 1042 4522 anullo,
1058 4463 1110 4512 ete.

69 4537 175 4598 ΜΨ.
841 4619 844 4624 ¹
915 4545 960 4604 35
972 4548 1110 4614 Quoniam
1122 4547 1276 4602 Atratum.
1289 4544 1444 4601 ostendere
1456 4544 1517 4601 vult
1531 4543 1677 4602 honestius

90 4624 233 4686 tiliam
248 4631 314 4692 lt'on
325 4632 476 4700 sprevistis,
485 4635 542 4694 etc„
560 4631 722 4689 Potuissent
735 4631 787 4694 illi.
802 4631 840 4687 vi·
851 4625 931 4694 Csub
944 4636 1037 4708 grsu's
1051 4636 1122 4692 Novi
1130 4634 1305 4693 Testamenti
1318 4649 1473 4707 essequam
1487 4634 1540 4690 sub
1553 4635 1675 4706 legatu-

67 4707 138 4774 ent„
149 4719 318 4792 Apostolum
341 4718 441 4790 attigi,
457 4736 589 4792 spernere
610 4721 839 4792 predicationem
880 4724 1014 4782 decorum.
1039 4725 1192 4789 Abraham,
1215 4723 1291 4780 Deus
1309 4724 1395 4779 Peter
1410 4723 1596 4796 intelligitur3
1620 4723 1676 4782 dac

67 4803 114 4869 ein,
128 4809 439 4880 sednonsprererunt,
456 4814 484 4864 et
506 4814 608 4880 putere
618 4810 708 4869 Deum
722 4825 777 4872 nun
792 4826 840 4865 cu·
880 4813 940 4880 lilii,
954 4813 1032 4886 plebs
1044 4814 1207 4870 tudseorum
1219 4817 1248 4868 et
1262 4813 1382 4885 populus
1399 4812 1546 4884 gentium,
1562 4813 1674 4882 ancilla,

66 4903 110 4948 ure
122 4893 195 4954 illum
207 4897 258 4970 qni
273 4896 317 4952 sic
330 4895 519 4967 affligebatur.
879 4901 925 4957 lex
934 4919 995 4975 qum
1010 4919 1103 4958 servos
1113 4901 1361 4974 gignebattimore
1376 4917 1544 4974 cognusces,
1556 4901 1672 4958 diosna:

88 4981 121 5036 u.
140 4985 208 5056 Erpa
233 4986 378 5050 beatitudo
401 4991 502 5040 uestra.
523 4986 673 5043 Beatitudo
693 4986 751 5044 illis
777 4993 839 5044 erat
880 4991 909 5048 Si
924 4992 986 5063 quis
1001 4993 1053 5048 boc
1066 4990 1407 5058 velilludteoerit,morte
1420 4991 1675 5062 moriatur-dibon,

66 5067 198 5140 tmolum
219 5075 355 5146 diligere,
374 5080 404 5132 et
421 5076 567 5148 preceptis
580 5077 642 5148 ejus
662 5076 692 5131 in
709 5075 839 5132 omnibus
880 5081 1040 5152 predicatio
1060 5080 1131 5137 Nori
1150 5079 1333 5149 Testamenti,
1348 5096 1410 5151 ques
1431 5080 1534 5136 liberos
1546 5085 1675 5152 generat,

66 5156 166 5234 bunc,
190 5165 242 5234 sed
269 5164 344 5234 hene
365 5164 568 5222 beatitudinem
586 5164 699 5237 quidam
723 5166 836 5222 illorum
877 5174 996 5244 paterne
1010 5169 1160 5226 dilectione
1170 5168 1325 5225 &monens
1335 5184 1383 5225 eos
1396 5168 1513 5224 dicens:
1534 5169 1624 5223 Venite
1637 5169 1675 5222 cd

66 5251 223 5326 tribuant,
242 5257 297 5328 qui
315 5256 352 5310 ad
369 5256 510 5312 culturam
529 5255 687 5320 &monum
702 5257 837 5315 redirent
877 5275 928 5326 erre,
944 5275 1036 5314 munes
1053 5261 1107 5329 qui,
1126 5259 1268 5327 taboratis,
1283 5264 1309 5313 et
1323 5261 1432 5314 onerati
1445 5261 1517 5324 estis,
1533 5260 1558 5311 st
1571 5271 1618 5325 epo
1629 5273 1675 5312 uos

65 5339 91 5391 ἀι
100 5347 191 5402 senne
203 5345 354 5402 volebant.
877 5351 1042 5417 requiescere
1053 5349 1175 5416 sucium5
1182 5351 1286 5418 jusum
1302 5349 1377 5402 enim
1388 5361 1481 5401 mcum
1495 5349 1636 5412 seruent,
1647 5350 1674 5400 et

87 5426 120 5486 tt
135 5435 262 5494 Αυιιιιτ.
288 5436 371 5502 (ibid.
395 5435 436 5500 B,t
467 5436 564 5492 Verum
586 5437 687 5490 dicens.
703 5435 838 5508 seuquid
877 5453 947 5492 onore
959 5453 1051 5490 oneum
1065 5440 1119 5492 tous
1135 5435 1293 5504 estlltottls.
1309 5435 1356 5502 ιι).

66 5531 131 5576 *emm
145 5527 319 5596 pmdieans,
332 5525 386 5580 ruisi
401 5531 499 5580 utnon
515 5525 802 5584 circumciderentur?
914 5524 957 5581 33.
974 5525 1130 5582 Securulurn
1139 5541 1263 5589 coruscus,
1273 5523 1360 5588 idest,
1369 5523 1511 5588 curnslem
1523 5527 1673 5580 cousuetu-
