3970 6172
216 239 288 299 1367
759 242 914 299 ROBERTI
934 238 1086 296 neutris
1109 238 1138 294 S.
1160 237 1307 295 vleonts
1761 235 1818 292 liii

236 369 363 440 (Nipredo
377 377 402 426 et
416 371 509 439 formo
525 385 636 438 sponsa,
652 385 701 439 per
731 369 992 439 mortificationem.)
1021 367 1164 433 Asinium·
1175 371 1234 433 post
1256 381 1352 433 preces
1373 362 1513 416 sodalium
1535 363 1654 414 tuorum.
1675 360 1706 414 ln
1721 361 1819 418 meridie

253 455 283 515 9.
301 458 380 512 Vere.
399 456 425 513 t.
441 457 530 524 Nicro
544 473 606 510 socru
617 459 796 524 salsormosu,
804 462 869 524 lilia
879 460 1013 513 Hieruso-
1054 453 1196 508 Christum
1206 454 1258 508 sub
1269 451 1368 508 umbra
1378 449 1513 521 pascit,et
1525 447 1616 503 cubat.
1628 447 1711 518 quiin
1723 449 1819 519 refrige-

219 549 282 610 lem,
290 547 547 600 siouttuberncculc
557 546 652 608 dedus,
669 550 739 600 sicut
749 549 831 615 polles
845 547 1010 602 Solomonis.
1053 542 1162 596 ratione
1171 542 1294 612 Spiritus
1303 539 1404 607 sancti,
1413 537 1466 592 sibi
1478 536 1558 608 quasi
1568 535 1687 607 requiem
1696 541 1821 608 etpastum

217 633 661 706 Nigramquippeettormosam
675 635 880 690 sanctaanima
898 651 928 690 se
944 634 1013 689 bene
1054 635 1145 700 parat.
1161 630 1214 684 Per
1224 629 1371 684 meridiem
1387 626 1491 698 quippe
1513 625 1597 678 ardor
1610 624 1732 679 vitiorum
1745 627 1821 698 expri·
1867 639 1874 651 ·

216 721 362 794 dicit,quia
375 739 488 795 semper
499 728 527 777 et
540 723 744 794 turpitudinem
758 731 937 796 peccaterum
952 739 1015 778 suo·
1055 719 1160 786 mitur;
1188 735 1238 790 per
1260 716 1388 796 umbram
1411 731 1477 770 vero
1498 713 1631 785 spiritalis
1648 715 1738 784 gratia
1753 716 1822 770 llatus

216 827 281 866 rum
297 811 439 882 perspicit,
450 815 480 866 et
493 816 588 865 tamen
605 811 681 866 illius
694 812 812 882 justitiae
826 829 909 884 quem
923 812 953 866 in
973 812 1015 866 in·
1055 807 1227 877 designatur.
1243 805 1363 860 Meridie
1381 819 1449 874 ergo
1460 803 1593 867 fervente,
1608 801 1638 856 in
1655 801 1744 856 umbra
1759 802 1822 858 Chri-

216 898 294 954 timis
320 898 403 966 videt,
428 899 458 953 in
481 899 667 954 exterioribus
687 899 741 955 sibi
756 902 874 956 solerter
893 901 1013 956 formam
1055 901 1116 950 stus
1126 893 1432 966 requiescit,quiadum
1447 892 1476 945 in
1489 890 1617 963 reprobis
1626 891 1823 946 aestussitiorum

215 987 299 1059 gerit.
310 987 377 1054 Quae
386 988 458 1043 bene
467 991 537 1043 mont
555 990 736 1043 tabernacula
745 990 930 1058 dedoruiprc,
943 993 1014 1045 sicsrt
1055 984 1167 1054 flagrat,
1177 984 1237 1055 ipse
1246 999 1354 1054 sponsas
1364 998 1421 1036 suae
1430 978 1715 1050 refrigeriumtribuit,
1724 985 1750 1033 et
1761 980 1786 1033 in
1797 997 1824 1036 ea

214 1078 299 1147 pelles
313 1077 469 1132 Salomonis
487 1079 610 1145 formosa
625 1078 736 1144 dicitur,
753 1079 819 1149 quia
832 1078 860 1132 in
877 1083 1015 1149 quantum
1056 1072 1109 1128 sibi
1125 1072 1316 1127 delectabilem
1332 1071 1424 1124 lerum
1437 1069 1539 1140 quietis
1554 1069 1647 1123 eflicit.
1666 1067 1772 1123 Sedhoc
1782 1069 1824 1124 sibi

217 1163 349 1220 tenebras
365 1164 546 1219 mortalitatis
560 1166 817 1236 portat,nigredine
828 1167 1015 1237 corruptionis
1056 1178 1159 1232 sponsa
1173 1160 1290 1215 indicari
1299 1159 1432 1230 deposcit,
1449 1157 1523 1228 quod
1536 1157 1605 1211 nulli
1619 1173 1736 1228 unquam
1749 1158 1824 1211 decla-

217 1253 389 1309 sordidatur.
400 1253 567 1309 Cederenim
581 1254 694 1308 tenebre
707 1253 922 1325 interpretatur,
939 1256 1015 1310 Salo·
1056 1254 1145 1314 retur,
1160 1248 1214 1302 nisi
1229 1247 1255 1302 ei
1270 1248 1317 1318 qui
1327 1247 1402 1301 idem
1410 1244 1631 1300 sanctificatricis
1639 1244 1730 1315 gratia
1743 1261 1825 1299 munus

216 1358 283 1397 mou
298 1358 373 1408 vero,
386 1342 435 1414 qui
449 1342 890 1413 Christumsignificat,pcclficus
901 1343 1013 1399 dicitur.
1055 1337 1183 1408 percipit.
1213 1336 1305 1400 Quare
1329 1351 1395 1389 tero
1415 1334 1452 1388 ad
1470 1335 1529 1388 haec
1546 1332 1721 1405 percipienda
1737 1337 1824 1398 aestuet,

216 1429 382 1486 Formosam
396 1447 462 1503 ergo
477 1431 593 1486 sesicut
609 1431 1015 1504 pellesSalomonisdicit.quia
1057 1425 1255 1480 manifestatur
1264 1441 1327 1479 cum
1338 1423 1441 1478 dicitur
1457 1439 1463 1475 :

216 1518 284 1574 dum
299 1525 412 1574 sanctes
426 1536 551 1592 quosque
565 1519 613 1591 qui
622 1519 657 1574 ad
675 1520 860 1576 imitationem
870 1521 974 1577 Christi
984 1538 1014 1577 se
1177 1515 1225 1582 (rte
1239 1529 1309 1582 ungu
1323 1515 1359 1568 sil
1371 1517 1430 1582 post
1441 1527 1533 1580 propes
1545 1512 1723 1580 passionum)
1938 1577 1939 1602 1

216 1607 397 1673 mortificent,
409 1608 515 1662 imitari
525 1625 580 1662 non
596 1599 722 1680 negligit,
736 1626 832 1665 eorum
843 1611 941 1681 utique
955 1611 1015 1680 pul·
1093 1603 1135 1658 li.
1149 1603 1301 1670 Neuapcri
1314 1604 1450 1670 incipiam
1468 1606 1528 1669 post
1541 1602 1828 1668 preaessoduliumtue
1938 1635 1939 1644 1

216 1695 370 1750 chritudIni
382 1713 432 1768 per
445 1696 659 1752 similitudinem
675 1698 817 1769 sejungit.
829 1699 871 1753 Ne.
880 1676 1132 1771 vet'opl·0·BWm·
1157 1691 1240 1754 Vere,
1256 1690 1285 1744 in
1301 1706 1357 1760 11110
1378 1689 1507 1743 Christus
1525 1705 1582 1743 11011
1609 1688 1700 1754 cubat,
1722 1695 1828 1760 1118111111,
1938 1749 1939 1758 ,

215 1782 284 1838 ximi
297 1785 357 1857 ejus
375 1785 551 1857 nigredinem
572 1785 762 1854 intendentes,
780 1786 872 1843 minus
887 1789 1015 1859 exempla
1056 1781 1122 1852 quia
1138 1796 1226 1842 mens,
1241 1794 1324 1850 quam
1343 1778 1391 1832 ille
1405 1776 1498 1832 suavis
1513 1783 1541 1832 et
1562 1778 1731 1848 ponderosus
1745 1779 1828 1833 Christi
1938 1791 1939 1824 4

215 1871 353 1928 bonorum
369 1875 430 1945 ejus
445 1873 480 1929 ad
490 1874 678 1930 imitationem
688 1874 817 1946 diligant,
832 1875 1015 1947 turpitudinis
1057 1869 1178 1942 Spiritus
1192 1884 1248 1923 non
1261 1867 1368 1940 implet
1380 1865 1478 1921 multis
1488 1866 1703 1937 ⁰⁰gil³fi⁰ssibu⁸
1716 1867 1830 1922 1113811111

215 1975 330 2016 causam
344 1961 519 2017 satisfaciens
533 1963 666 2028 ostendit,
684 1963 751 2018 dum
770 1962 806 2017 ab
828 1963 1015 2020 admiratione
1056 1957 1260 2015 circumfertur.
1285 1955 1340 2011 Sed
1363 1955 1411 2026 qui
1439 1961 1507 2009 sunt
1526 1955 1638 2010 sodales
1663 1956 1768 2021 christi,
1789 1975 1830 2028 1111
1938 1953 1939 1980 ³

110 2105 115 2114 ,
216 2065 267 2104 sua
282 2048 356 2104 tiliae
368 2049 545 2105 Hierusalem
560 2051 680 2124 repellit,
694 2051 790 2106 dicens
806 2069 812 2104 :
1056 2063 1176 2120 quorum
1190 2061 1290 2116 greges
1305 2059 1408 2116 sponsa
1422 2043 1518 2114 vagari
1531 2044 1711 2115 pertimescit,
1723 2044 1771 2100 nisi
1780 2046 1830 2100 lalsi

247 2138 356 2208 (Oounis
370 2141 584 2203 auimasnnclo,
601 2143 848 2214 incomparalibus
863 2142 976 2205 Christi,
1056 2137 1161 2208 quique
1171 2133 1342 2190 Christiani?
1361 2133 1476 2197 Quiaut
1494 2131 1529 2186 οἱ)
1548 2134 1672 2188 nominis
1691 2135 1778 2198 solius,
1792 2143 1832 2190 aut
1938 2209 1939 2214 η

571 2227 672 2294 susm.)
1056 2225 1142 2279 etiam
1157 2227 1396 2281 sacramentorum
1406 2221 1647 2286 communionem,
1656 2221 1753 2277 fratres
1765 2223 1833 2278 Chri·

251 2308 296 2367 10.
314 2311 394 2368 Vens.
416 2313 440 2367 5.
466 2314 556 2368 Nolite
578 2330 621 2368 mc
639 2316 822 2379 considerare,
844 2319 915 2386 quod
935 2320 1014 2386 fusca
1056 2313 1092 2368 sti
1105 2316 1248 2374 vocantur,
1263 2310 1329 2381 quia
1343 2309 1439 2364 electis
1451 2325 1521 2380 quos
1537 2310 1598 2380 ipse
1622 2311 1721 2365 tratres
1732 2313 1832 2378 vocarit,
1938 2313 1939 2404 ,

217 2403 281 2463 eim,
299 2403 367 2468 quia
393 2401 558 2456 decoloravit
578 2419 621 2456 me
639 2406 688 2457 sol.
703 2403 757 2459 Per
776 2405 864 2460 solem
886 2407 1013 2464 christus
1055 2401 1083 2456 in
1099 2400 1223 2456 Ecclesia
1236 2397 1432 2468 cohabitando,
1446 2397 1599 2453 sociantur.
1617 2400 1739 2464 Quorum
1752 2401 1833 2454 multi·
1938 2407 1939 2468 l

217 2487 401 2558 significatur.
418 2489 465 2544 Sol
481 2506 549 2560 erge
563 2506 626 2544 eum
640 2491 817 2559 decoloravit,
834 2495 901 2565 quio
923 2513 1013 2567 quan·
1053 2491 1167 2546 tudines
1185 2488 1256 2543 bene
1271 2503 1322 2560 per
1336 2486 1578 2558 exprobrationem
1595 2505 1696 2560 greges
1709 2490 1834 2561 appellan-
1938 2475 1939 2520 ³

217 2575 349 2632 tumlibet
372 2577 479 2648 fulgeat
501 2579 607 2646 anima,
622 2579 652 2634 in
674 2582 883 2653 comparatione
896 2582 1011 2648 Christi,
1054 2586 1112 2643 tur,
1127 2579 1204 2651 quie,
1227 2577 1294 2632 dum
1319 2577 1399 2648 quasi
1421 2576 1629 2632 irrationabilia
1643 2577 1769 2632 animalia
1786 2578 1835 2632 siue

216 2664 356 2737 fulgorem
365 2665 481 2720 amittit.
494 2666 566 2721 Sunt
577 2667 680 2740 quippe
701 2671 839 2736 nonnulli,
857 2672 905 2743 qui
919 2673 948 2726 in
962 2673 1015 2728 hac
1056 2668 1154 2723 ordine
1167 2667 1271 2731 vivunt,
1294 2664 1489 2720 seductoribus
1502 2665 1649 2737 spiritibus
1668 2667 1702 2722 ad
1716 2667 1837 2722 deuoran-

217 2758 300 2809 nocte
315 2753 605 2812 mundivelutetellae
625 2755 1014 2830 hominibusfulgent,lumi-
1055 2758 1121 2813 dum
1151 2756 1311 2811 traduntur.
1342 2755 1395 2808 Per
1421 2753 1583 2825 hujusmodi
1613 2773 1712 2827 greges
1738 2762 1837 2826 vagatur

216 2843 298 2898 neria
307 2843 441 2914 proximis
455 2849 607 2917 apparent:
625 2845 674 2900 sed
689 2863 753 2902 mox
762 2849 915 2919 utjustitiae
932 2849 1015 2906 Chri·
1055 2846 1183 2918 quisquis
1193 2843 1228 2898 ab
1242 2843 1343 2898 intimo
1355 2842 1496 2898 desiderio
1511 2843 1655 2916 expulsus,
1674 2845 1837 2916 reprobomm
1938 2861 1939 2878 ¹

218 2931 255 2987 sti
265 2948 296 2986 se
309 2933 572 3004 msnparant.quasi
583 2933 644 2988 sine
655 2935 718 2989 luce
729 2942 806 3000 sunt,
819 2938 868 3008 qui
882 2938 954 2994 bene
970 2939 1015 2993 in·
1056 2935 1204 2990 stultitiam
1240 2931 1397 3004 persimiles
1422 2931 1590 3002 cupiditates
1622 2933 1757 2988 imitatur.
1788 2934 1836 2986 llos
1938 3001 1939 3006 ἵ

217 3020 445 3092 comparabiliter
460 3022 538 3094 prius
560 3023 721 3078 hominibus
737 3025 877 3082 lucebant.
889 3027 1016 3092 Qualiter
1056 3026 1160 3097 quippe
1186 3022 1267 3077 electi
1290 3036 1352 3074 cum
1376 3021 1493 3075 moleste
1516 3021 1674 3092 patiantur,
1689 3039 1737 3094 pcr
1757 3037 1839 3076 eorum
1938 3061 1939 3100 ,

217 3125 282 3164 vero
300 3109 336 3164 ad
358 3111 411 3199 hoc
429 3111 598 3182 pervenerit,
620 3118 653 3167 ut
667 3113 874 3185 aliquantulum
887 3117 1013 3189 luceret),
1056 3111 1264 3173 uersecutiones
1284 3109 1404 3180 probati,
1429 3108 1592 3164 mundiores
1607 3111 1643 3166 ad
1668 3117 1768 3166 aterna
1780 3110 1840 3164 bona
1938 3161 1939 3198 ,

218 3198 341 3253 ostendit
354 3214 419 3253 curn
432 3198 595 3272 subiungit:
1056 3203 1258 3274 perducuntur.
1274 3199 1353 3255 Unde
1365 3199 1534 3254 admonetur
1546 3216 1661 3274 sponsa,
1677 3217 1738 3256 cum
1751 3200 1840 3272 perin-

222 3287 321 3358 (llater
334 3303 446 3356 sporum
464 3295 561 3344 sancta
576 3290 708 3356 Ecclesia,
724 3296 804 3362 cujus
818 3297 875 3361 filii
888 3299 1013 3363 apostoli.
1056 3290 1246 3363 crepationem
1261 3287 1363 3344 dicitur
1380 3304 1386 3338 :

255 3374 301 3432 ll.
318 3377 385 3431 lilii
399 3380 500 3432 matris
512 3394 576 3434 mea
588 3387 785 3448 pugnauerunt
795 3388 892 3438 contro
902 3401 954 3448 mc,
967 3401 1014 3454 po·
1182 3378 1380 3447 (Palamedem
1390 3381 1427 3430 111
1444 3378 1735 3446 commentationes.)

218 3468 390 3519 sueruntme
404 3467 579 3521 custodems'u
591 3470 907 3542 uineisldatersponsae,
920 3479 1018 3528 sancte
1096 3467 1230 3524 1511111.
1251 3463 1277 3520 7.
1293 3465 1324 3520 Si
1338 3469 1451 3532 inauras
1470 3470 1503 3528 te,
1526 3482 1541 3519 o
1557 3468 1681 3535 pulchra
1702 3471 1772 3523 inter
1788 3483 1842 3520 mu-

220 3551 362 3619 Ecclesia3
379 3552 430 3607 filii
454 3553 563 3621 matris,
588 3556 678 3610 sancti
697 3559 818 3628 apostoli
838 3561 1016 3616 exstiterunt.
1061 3561 1148 3620 lieres,
1177 3555 1309 3624 egredere.
1341 3559 1366 3608 et
1393 3555 1440 3608 abi
1457 3559 1515 3622 post
1543 3559 1661 3624 uestigia
1689 3553 1842 3626 procumbi

221 3639 609 3715 Anteapostolormnqnippe
620 3644 1018 3720 praedicationempenetotus
1058 3646 1335 3717 ignoratsesponsa,
1353 3643 1515 3714 egrediatur
1523 3650 1551 3699 et
1558 3643 1723 3718 abeat,quia
1733 3645 1842 3717 quisquis

221 3727 344 3783 mundus
366 3729 480 3784 rebellis
501 3732 619 3796 exstitit,
635 3734 726 3789 omnis
740 3752 811 3807 pene
829 3738 1019 3794 animaidclo-
1059 3735 1148 3789 nescit
1161 3751 1191 3788 se
1210 3733 1239 3788 in
1255 3735 1308 3788 hoc
1321 3733 1455 3804 positum,
1476 3739 1509 3788 ut
1521 3734 1695 3789 tentationes
1709 3751 1757 3805 per
1776 3733 1843 3787 suile

221 3833 286 3872 rum
297 3833 327 3872 se
337 3817 459 3874 cultibus
473 3819 636 3886 sordidavit,
647 3828 676 3877 et
689 3825 859 3896 cupiditates
869 3828 1018 3884 sceleratas
1058 3823 1180 3878 rentiam
1195 3823 1294 3890 vincat,
1311 3839 1328 3876 a
1340 3822 1532 3877 familiaritate
1547 3823 1654 3878 Christi
1663 3823 1777 3888 recedit,
1790 3823 1843 3894 quia

223 3907 621 3980 accumulavithpostolorum
636 3929 702 3966 vero
717 3914 878 3985 praedicatio
888 3932 1017 3987 superre-
1056 3913 1086 3966 in
1099 3911 1173 3966 bello
1187 3911 1305 3982 positus,
1321 3927 1384 3965 cum
1401 3911 1520 3967 Domino
1535 3928 1586 3966 suo
1601 3929 1730 3984 pugnare
1739 3917 1841 3967 recusat.

221 3995 313 4062 niens,
330 4001 428 4052 contra
442 4014 540 4054 omnes
554 3999 637 4056 verbo
651 4003 794 4073 pugnavit.
816 4003 844 4058 in
860 4005 956 4060 multis
971 4023 1016 4060 re·
1058 4001 1207 4057 Sciendum
1222 4004 1265 4055 est
1278 4001 1352 4055 enim
1365 4000 1495 4055 omnibus
1509 4001 1584 4071 quod
1594 4017 1660 4056 cum
1670 4001 1845 4057 intentatione

220 4100 309 4155 gnum
324 4084 482 4142 daemonum
498 4090 675 4160 expugnavit,
691 4096 719 4146 et
733 4107 851 4162 regnum
866 4094 1017 4161 christiin
1063 4095 1263 4146 sumuscontra
1273 4094 1531 4161 aereaspotestates
1540 4106 1670 4160 pugnare
1677 4091 1844 4164 praecipimur,

222 4179 266 4228 est
276 4180 402 4229 sanctam
410 4175 1025 4254 Ecclesiam,ampliavit.VinctamergoChri.
1067 4179 1134 4249 quia
1144 4180 1204 4234 sine
1217 4179 1334 4233 victoria
1349 4179 1477 4234 coronari
1491 4195 1548 4234 non
1564 4197 1726 4251 possumus.
1742 4181 1795 4237 Etsi
1805 4181 1847 4234 sd-

222 4269 315 4330 ste‚et
327 4266 529 4322 sanctiticatam
543 4270 1025 4343 congregarionem,apostolicusto-
1065 4267 1207 4322 versutius
1221 4267 1308 4330 deest,
1326 4283 1377 4321 nec
1390 4273 1433 4322 est
1455 4284 1537 4338 quem
1559 4268 1721 4338 vincentum
1744 4271 1847 4339 ideoque

223 4353 289 4408 dem
307 4352 337 4408 in
348 4353 436 4410 vineis
451 4364 616 4428 pesuerunt,
635 4359 701 4430 quia
713 4360 819 4430 primos
834 4361 980 4417 credentes
993 4363 1022 4418 in
1065 4372 1168 4411 corona
1183 4356 1282 4420 deerit,
1304 4372 1388 4427 quam
1411 4356 1523 4411 nonnisi
1543 4357 1689 4414 vincentes
1710 4359 1847 4432 capiemus·

223 4441 361 4499 Ecclesiae
379 4463 430 4521 per
451 4447 599 4515 mundum,
615 4454 648 4502 ut
660 4465 707 4503 eas
722 4455 751 4504 et
771 4457 977 4522 congregarent
994 4459 1023 4508 et
1064 4447 1123 4502 Hoc
1137 4445 1184 4517 qui
1196 4446 1308 4516 ignorat
1321 4445 1350 4498 in
1364 4444 1435 4500 bello
1450 4450 1535 4500 estet
1553 4447 1634 4518 quasi
1650 4448 1680 4502 in
1694 4465 1760 4520 pace
1770 4446 1848 4502 exsul·

223 4537 406 4602 custodirent,
415 4536 710 4609 disperserunttlujus
718 4537 1022 4609 dispersioniscausam
1064 4540 1117 4603 tat,
1135 4541 1165 4590 et
1179 4551 1212 4589 eo
1221 4533 1397 4605 frequentius
1414 4535 1587 4598 vulneratur,
1599 4552 1656 4607 quo
1666 4537 1787 4592 securior
1799 4541 1847 4590 est:

224 4625 357 4696 ostendit,
369 4625 465 4681 dicens
481 4643 487 4679 :
1064 4625 1131 4696 quia
1140 4623 1229 4679 nescit
1242 4623 1337 4678 ridere
1345 4640 1428 4695 quem
1439 4629 1544 4678 caveat.
1552 4623 1643 4695 Digne
1651 4641 1718 4696 ergo
1729 4639 1850 4696 repugna-

507 4715 615 4785 (Viuec,
631 4715 748 4784 Judac.)
1062 4713 1171 4770 toribus
1198 4714 1364 4783 secernitur,
1391 4719 1421 4769 ut
1445 4713 1562 4784 uestigia
1578 4731 1699 4786 gregum
1720 4719 1849 4788 sequatur,

259 4799 305 4858 lt.
325 4803 436 4856 Vineam
446 4818 537 4856 mecm
551 4818 608 4857 non
618 4805 761 4858 custodivi.
772 4803 845 4868 Quid
854 4805 1021 4876 pervineam
1063 4803 1129 4875 quia
1144 4803 1213 4858 duim
1232 4803 1387 4875 prudentes
1407 4818 1533 4875 quosque
1549 4803 1658 4858 imitari
1676 4805 1799 4876 negligit,
1812 4819 1851 4857 ne

224 4889 416 4962 singulariter,
431 4889 488 4945 nisi
499 4887 517 4943 J
520 4890 599 4946 udaea
610 4891 790 4962 designatur?
800 4893 867 4958 Qum
881 4910 898 4949 a
912 4910 942 4949 se
955 4895 1023 4950 fide·
1066 4893 1189 4948 cessario
1200 4891 1333 4964 reprobos
1343 4891 1481 4964 sequitur,
1492 4907 1562 4964 quos
1570 4893 1694 4948 stultitia
1700 4892 1787 4949 brutis
1801 4891 1851 4947 ani·

224 4980 266 5035 les
285 4979 402 5052 expulit,
420 4979 486 5052 quia
499 4979 633 5034 custodiri
651 4977 865 5050 aspernabatur.
882 4983 1021 5038 Praedica-
1064 4980 1184 5035 malibus
1196 4980 1302 5035 similes
1316 4980 1391 5036 lecit.

224 5068 302 5125 tione
317 5068 420 5140 quippe
431 5072 600 5140 expugnata,
610 5073 639 5122 et
648 5084 751 5139 sponsa
761 5069 865 5126 christi
879 5071 952 5127 tacta
964 5074 1023 5127 aui-
1064 5071 1504 5141 (Hediimmundacopltctioncu
1520 5073 1701 5127 tabernaculo
1709 5075 1850 5142 pastorum.

223 5174 281 5222 ma,
314 5157 463 5212 dilectione
485 5155 575 5222 ardet,
601 5161 630 5210 et
652 5156 821 5226 inquirendo
839 5176 913 5228 eum,
939 5177 1023 5232 quem
1277 5164 1425 5213 concentus
1438 5159 1652 5229 lr-aroticorum.)

222 5246 324 5318 diligit,
336 5246 367 5302 in
380 5246 489 5302 intimis
502 5263 532 5302 se
542 5250 665 5310 exercet,
681 5247 776 5303 dicens
792 5265 798 5301 :
1101 5245 1145 5301 16.
1158 5249 1192 5302 dt
1205 5263 1282 5316 posce
1297 5249 1384 5302 hedos
1399 5252 1458 5302 tuos
1474 5251 1559 5317 jueta
1576 5250 1784 5304 tubernaculum
1795 5263 1852 5316 pos·

278 5335 353 5403 (Oua
366 5339 398 5391 in
414 5335 530 5391 meridie
546 5335 687 5390 Christum
697 5339 863 5404 requiescere
877 5339 967 5406 fucit.)
1066 5342 1168 5390 torum.
1200 5336 1254 5390 Per
1281 5336 1388 5404 haedos,
1412 5336 1565 5391 immundae
1584 5335 1769 5407 cogitationes
1788 5335 1852 5388 desi-

258 5421 303 5478 13.
317 5423 396 5480 Vere.
422 5421 449 5482 6.
474 5425 572 5484 Indico
598 5424 678 5486 mihi,
704 5439 785 5492 quem
809 5426 903 5494 delion
924 5428 1023 5480 naimo
1063 5430 1201 5495 guantum
1221 5441 1271 5495 per
1293 5424 1475 5480 tabernacula
1495 5431 1650 5496 pastorum,
1672 5421 1853 5479 conventicula

224 5525 293 5572 meu,
305 5512 467 5582 ubipescns,
484 5513 534 5573 ubi
542 5513 620 5574 cubes
632 5515 664 5571 in
678 5512 802 5575 meridie,
822 5528 855 5567 ue
866 5515 966 5582 uagari
978 5516 1023 5568 in·
1063 5513 1261 5570 haereticorum
1272 5515 1476 5585 exprimuntur.
1491 5514 1545 5579 Qui
1555 5531 1620 5586 erge
1629 5530 1758 5586 pugnare
1764 5511 1851 5578 nescit,
