3896 6170
85 231 150 290 ross
678 231 889 292 ursarium
906 233 1115 293 amoenus.
1644 237 1714 299 reos
1773 221 1777 230 “

83 355 290 430 incipisSimon
298 359 384 426 Petra,
395 361 538 430 quartum,
549 362 688 426 octavum,
704 364 734 415 at
746 358 958 421 duodeci-Alia
973 361 1063 416 sancti
1076 359 1238 432 Augustini,
1261 364 1359 426 Amen,
1375 377 1459 417 omen
1474 362 1534 419 dico
1548 357 1640 430 'nodia
1657 367 1716 422 nisi

84 462 156 502 mum
172 446 316 506 adnabus
326 447 522 514 decantentur,
531 452 586 503 ata
599 449 690 520 capite
703 449 797 522 ipsum
810 449 878 504 duo·
916 464 1040 518 pronum
1050 452 1197 518 frumenti,
1215 454 1243 504 et
1257 450 1330 505 cerei
1345 449 1401 506 duo
1409 457 1576 522 augeantur.

84 535 184 590 danum
196 541 260 608 post
275 537 369 592 Gloria
379 537 573 609 recapitulant.
590 538 633 593 Ad
647 537 788 594 cantimm
802 538 877 594 anti·
952 533 1021 590 Post
1034 535 1215 607 Evangelium
1231 535 1390 602 recitatum,
1407 552 1529 606 oramus,
1543 539 1649 605 Eccita,
1662 541 1716 595 llo·

84 625 184 697 phana,
196 626 273 680 Hisit
288 627 413 692 Herodes,
428 627 471 681 rel
485 630 563 682 misit
585 629 720 682 Dominus
733 631 874 697 angelum.
918 626 1002 678 mint·
1018 625 1050 679 ln
1064 625 1159 690 laude,
1170 625 1204 679 ad
1220 626 1370 680 Stationem
1384 628 1603 698 responsorium,
1621 631 1716 684 Bwlttt

84 713 238 782 Canticum,
255 715 301 770 Vos
310 718 401 770 sancti
409 717 532 771 Domini.
543 715 666 770 Humilia
675 733 708 773 er
722 717 876 789 evangelio,
918 714 1094 768 Laurentius.
1107 713 1221 768 Missam
1235 713 1429 772 matutinalem
1442 722 1529 788 agant
1547 733 1580 772 ex
1598 717 1643 772 die
1657 717 1715 773 Do-

84 805 447 873 oenitlesasinpartes.1n
469 805 562 862 albam
578 803 652 874 (28t3
669 809 767 861 Petras
784 813 879 862 autem
920 801 1024 857 minica
1042 803 1066 858 si
1081 803 1212 868 adiuerit,
1236 802 1421 875 adjungentes
1444 805 1599 860 orationem
1625 806 1716 862 sancti

84 893 252 946 mmtolar.
264 891 436 963 Antiphone,
452 899 512 948 erat
525 895 622 948 Petras
636 895 785 948 dormiens.
797 894 879 950 Anti·
920 891 1311 960 Laurentii.Encito,liomine,
1320 898 1349 947 et
1362 893 1432 948 alias
1445 893 1717 952 consuetudinarias.

85 978 312 1051 propalaretur
327 983 448 1036 Domini.
460 981 599 1053 Hymnus,
609 985 707 1037 Patmos
719 982 881 1037 beatus.An-
920 978 1191 1052 Inhorisimponant
1199 980 1421 1053 antiphonamex
1431 984 1576 1039 matutinis
1587 983 1718 1040 laudibus

85 1068 207 1140 tiphons.
224 1069 417 1139 Quodcunque.
921 1069 981 1124 sine
991 1068 1127 1124 versibus.
1143 1069 1186 1124 Ad
1197 1069 1313 1124 musam
1327 1071 1464 1141 majoram
1477 1087 1574 1126 omnes
1587 1072 1718 1128 sacerdo·

115 1157 158 1212 Ad
171 1156 287 1212 missam
301 1158 498 1214 matutinalem
521 1160 652 1215 dicantur
669 1160 791 1216 collecta
809 1159 883 1216 sicut
921 1163 966 1214 tes
979 1163 1064 1230 atque
1074 1157 1164 1214 levitae
1173 1158 1232 1213 sint
1253 1158 1349 1213 amicti
1376 1158 1480 1231 cappis.
1497 1160 1609 1232 Septem
1623 1177 1718 1216 cereos

84 1244 274 1301 indnodecim
299 1246 485 1316 lectionibus;
512 1248 548 1304 ad
572 1249 707 1319 majorem
727 1249 883 1305 induantur
921 1247 1077 1302 accendant
1090 1251 1156 1302 ante
1170 1263 1259 1302 aram.
1275 1245 1407 1314 Oramus,
1423 1251 1535 1316 Prasia,
1551 1265 1716 1318 quesumus,

86 1349 181 1390 omnes
192 1335 298 1408 cappis,
317 1335 403 1390 etiam
424 1335 561 1404 conversi,
587 1337 635 1410 dui
649 1338 742 1400 sciunt
755 1344 879 1394 cantara.
922 1340 1094 1406 omnipotens
1107 1339 1187 1392 Peos.
1204 1336 1247 1391 Ad
1265 1352 1410 1408 vesperam
1432 1338 1587 1410 antiphona
1602 1355 1663 1411 quae
1675 1355 1721 1396 su·

86 1423 559 1481 Adhancsacramadsintcandelae
567 1431 632 1482 ante
640 1427 881 1483 altareofflcium
923 1424 1721 1499 pernocturuoiuerit,imponant,sineversiculissequan-

86 1517 198 1568 teneant
209 1529 258 1568 sex
268 1513 380 1568 iratres.
394 1515 477 1570 Nunc
494 1519 549 1570 scio
567 1532 638 1570 uere.
652 1516 781 1583 Oramus,
798 1518 878 1584 Deus,
921 1512 1007 1570 tibus.
1018 1514 1188 1570 Psalmosax
1198 1515 1722 1587 unomartyreassumant.Taminhac

87 1602 594 1675 auideatumPelrum.Epistola,Hisit
605 1605 734 1664 Herodes.
750 1604 881 1678 Respon-
922 1602 1083 1676 horaquam
1094 1603 1125 1658 in
1135 1603 1274 1658 matutino
1290 1619 1362 1659 unus
1376 1604 1505 1659 sacerdos
1526 1605 1564 1660 sit
1581 1604 1611 1659 iu
1632 1620 1722 1677 cappa

87 1689 200 1759 sosium,
217 1693 371 1748 constituas
385 1709 438 1758 eos,
454 1691 594 1748 aduohus
619 1693 784 1750 decantetur
807 1695 850 1750 vel
865 1691 959 1774 aBad
982 1691 1184 1749 incensandum
1208 1692 1306 1746 altare.
1332 1690 1437 1746 Octava
1456 1692 1584 1763 ejusdam
1599 1693 1723 1749 alliciant

86 1777 182 1833 tribus.
197 1778 329 1846 Alleluia,
343 1779 538 1849 Soloejubente
548 1782 610 1850 lieo,
626 1787 781 1854 aquatuor·
792 1783 882 1838 Eran—
923 1779 1070 1836 duodecim
1086 1779 1230 1834 lectiones.
1245 1779 1289 1833 Ad
1303 1779 1494 1834 invitatorium
1509 1779 1565 1835 duo
1579 1780 1681 1836 fratres
1692 1780 1723 1834 iu

87 1867 201 1938 galium,
211 1869 286 1923 Venit
295 1867 683 1937 lesus.0ilicium,donstilues
694 1887 746 1928 eos.
762 1871 883 1928 Oderto·
923 1867 1005 1936 albis,
1020 1871 1116 1924 iustus
1125 1869 1242 1940 florebit.
1254 1867 1416 1940 Antiphone
1425 1874 1454 1924 et
1463 1869 1642 1940 responsoria
1650 1868 1725 1924 aiant

87 1956 126 2010 ria
137 1957 196 2012 duo
211 1957 360 2029 accipiant.
387 1958 565 2026 Communia,
580 1959 679 2016 Simon
700 1963 827 2016 loannis.
840 1960 883 2016 Ad
923 1973 1010 2030 supra
1023 1957 1052 2012 in
1068 1957 1130 2028 ejus
1145 1973 1234 2012 sacro.
1250 1955 1322 2010 Nam
1341 1955 1445 2012 scimus
1459 1957 1526 2027 quia
1539 1957 1600 2012 haec
1622 1955 1725 2030 repeti·

86 2061 213 2117 resperas
228 2045 392 2118 antiphona,
406 2049 519 2104 iurauit
541 2049 686 2116 Pontinus,
702 2050 744 2104 rel
763 2050 883 2122 proprias
923 2045 963 2100 tio
974 2045 1060 2117 hujus
1067 2044 1225 2101 festivitatis
1235 2043 1308 2100 inira
1318 2050 1444 2099 octavam
1451 2043 1619 2100 besnssima
1628 2045 1724 2102 Maria

85 2134 170 2206 ipsius
186 2135 380 2191 nocturnaliae.
395 2136 533 2208 Hymnus,
556 2139 652 2192 Petras
677 2139 781 2196 beatus.
801 2139 883 2194 Anti-
924 2135 1026 2193 enauit.
1037 2135 1182 2190 Lectiones
1197 2134 1295 2204 legant
1309 2134 1344 2188 de
1358 2138 1518 2188 sanctorum
1527 2135 1643 2189 Petrum
1654 2133 1725 2208 [ser-

86 2225 186 2294 phona,
200 2225 279 2279 llicit
293 2224 391 2281 Simon
402 2227 498 2280 Petrus
508 2227 545 2281 ad
558 2228 661 2294 launi,
681 2231 709 2282 et
719 2227 836 2283 collecta
853 2227 884 2284 in
925 2222 1078 2294 monibus],
1093 2222 1271 2295 responsoria
1285 2227 1346 2278 octo
1356 2227 1471 2278 cantent
1492 2223 1528 2278 da
1541 2222 1650 2295 praiati
1661 2240 1726 2280 san-

86 2313 144 2384 ipso
158 2312 206 2368 die
221 2313 324 2385 posita.
926 2312 964 2368 cti
976 2312 1103 2368 historia.
1121 2313 1155 2368 ln
1182 2310 1396 2368 matutinalibus
1409 2311 1534 2384 quinqua
1557 2313 1726 2386 antiphonas

119 2400 384 2460 Doumtcsssmusls
400 2404 531 2460 Auansm.
544 2403 668 2460 Sabbata
682 2404 718 2460 ad
730 2421 883 2478 vesperam,
926 2407 1068 2474 promant,
1085 2410 1115 2456 et
1127 2401 1243 2456 missam
1258 2402 1394 2472 majorem
1408 2401 1444 2455 ad
1472 2401 1585 2456 tertiam
1598 2418 1631 2457 ex
1650 2419 1683 2457 eo
1697 2418 1727 2457 a·

87 2490 310 2563 responsorium,
321 2492 422 2547 Emitte
448 2494 572 2548 Domine.
588 2494 631 2549 Ad
651 2495 819 2563 Hanniliral.
836 2497 887 2550 llo-
925 2497 1004 2563 gant.
1016 2490 1288 2558 Officiumdlomine,
1300 2490 1426 2557 probasii
1434 2491 1724 2560 cormeaaaollecta,

86 2583 179 2635 minas
192 2581 313 2650 possedit
326 2597 383 2638 me.
398 2581 438 2637 De
449 2581 598 2638 Salomone
611 2583 708 2654 legant
720 2588 779 2638 tam
801 2583 831 2638 in
844 2599 886 2639 ec·
926 2582 1033 2648 Erato,
1048 2582 1172 2635 donnino.
1189 2577 1325 2650 Epistola,
1340 2579 1495 2646 (luiponem
1510 2583 1639 2634 seminat.
1655 2581 1726 2636 Res·

84 2669 178 2737 alesia,
196 2684 282 2741 qnam
296 2669 532 2739 adrefectionem,
559 2687 648 2743 usque
672 2672 769 2743 [Supp.
784 2672 821 2727 ad
835 2671 886 2728 ini·
926 2668 1100 2740 ponsorium,
1114 2670 1275 2722 Prauenisli
1289 2683 1364 2722 oum.
1382 2665 1513 2734 Alleluia,
1540 2669 1589 2723 Hic
1602 2674 1640 2722 cst
1665 2684 1726 2724 ocra

84 2755 170 2831 tium]
185 2757 293 2814 mansis
304 2757 485 2831 Septembris.
927 2763 1049 2827 martyr.
1064 2754 1256 2826 Evangelium‚
1271 2755 1303 2811 Si
1316 2757 1378 2824 qais
1392 2758 1451 2808 vult
1471 2760 1531 2824 post
1554 2771 1597 2810 ma
1620 2759 1722 2812 venire.

373 2849 490 2905 CAPUT
504 2848 593 2906 XXII.
927 2844 1067 2912 Officium,
1086 2847 1117 2900 ln
1127 2848 1238 2902 uirtute.
1255 2843 1434 2908 Communia,
1444 2845 1573 2908 Posuisti,
1589 2845 1724 2900 Domine:

308 2938 405 3006 Vigilio
416 2942 506 2993 sancti
520 2940 674 2994 Lauremii.
928 2940 957 2989 at
973 2934 997 2990 si
1012 2935 1072 2989 haec
1086 2938 1184 2988 nemra
1197 2931 1243 2987 dia
1257 2931 1402 2986 Darninico
1421 2931 1575 2998 advenerit,
1591 2932 1726 2988 lectiones

118 3023 227 3098 Vigilia
240 3025 330 3080 sancti
344 3026 489 3082 Laurentii
503 3033 566 3099 post
580 3031 687 3082 sextam
717 3043 779 3082 mox
793 3032 827 3083 nt
838 3043 885 3083 so·
895 2988 917 3048 ο
928 3029 990 3080 octo
1002 3024 1098 3095 legant
1112 3021 1147 3077 de
1161 3020 1221 3092 ipso
1234 3019 1336 3088 beato;
1352 3019 1413 3075 alia
1432 3025 1554 3091 quatuor
1574 3019 1610 3076 da
1632 3020 1727 3077 Domi·

84 3113 180 3170 nuerit
190 3119 287 3170 custos
299 3114 420 3170 ecclesia
430 3115 554 3187 signum,
569 3121 688 3188 surgant
709 3132 806 3172 omnes
820 3134 835 3172 e
849 3118 887 3172 ls-
927 3113 1000 3168 nica.
1015 3111 1141 3167 Humilia
1155 3109 1281 3182 ejusdam
1296 3108 1361 3164 diei.
1374 3109 1536 3180 Sequuntur
1545 3109 1726 3167 matutinales

83 3202 171 3272 olicis,
190 3208 221 3258 et
234 3203 399 3275 provideant
418 3205 566 3276 indigeriis
588 3205 657 3268 suis,
668 3210 697 3260 et
708 3206 884 3274 conveniant,
926 3203 1025 3260 laudas
1038 3201 1126 3274 ipsius
1140 3200 1301 3256 Dominicis.
1318 3199 1361 3254 Ad
1374 3199 1668 3273 collectam,repetant
1677 3218 1727 3258 an·

84 3291 179 3349 lavent
192 3309 297 3349 manus
312 3309 345 3348 ac
359 3293 460 3349 iacies:
470 3293 593 3350 inientes
605 3294 711 3367 absque
721 3296 779 3351 ullo
793 3297 887 3353 sonitu
928 3295 1074 3366 tiphonem
1087 3307 1151 3347 cum
1164 3291 1259 3346 Gloria
1273 3287 1307 3343 de
1317 3288 1432 3360 praelato
1442 3293 1539 3344 sancto
1554 3307 1561 3343 ι
1578 3289 1643 3345 dein
1658 3307 1725 3363 pro·

84 3381 155 3454 signi
167 3382 287 3438 veniant
300 3381 330 3437 in
345 3382 491 3438 ecclesiam
507 3391 573 3440 ante
583 3385 682 3452 altura,
695 3385 889 3442 alliciantora·
928 3388 1010 3439 mant
1023 3380 1205 3453 antiphonam
1219 3377 1253 3433 de
1267 3383 1365 3432 sancta
1376 3377 1473 3445 Maria,
1490 3382 1519 3433 et
1531 3377 1557 3432 si
1568 3394 1726 3450 congruum

81 3473 204 3541 donem,
213 3477 315 3529 exeant
328 3481 357 3528 et
370 3490 400 3528 se
413 3473 712 3532 induantrestimentis
724 3477 886 3532 sacrismis·
927 3471 1047 3537 ridetur,
1063 3469 1179 3525 tertium
1193 3471 1363 3522 nocturnum
1387 3467 1438 3521 ilat
1451 3467 1487 3522 da
1501 3472 1600 3524 sancta
1613 3469 1701 3526 Haris
1715 3485 1724 3526 z

83 3575 120 3616 aa
133 3561 289 3634 coaptatis,
305 3561 436 3617 sacerdos
454 3579 517 3618 cum
531 3563 676 3624 ministris.
690 3569 720 3619 et
732 3564 832 3621 deinde
846 3565 887 3620 di·
927 3561 1016 3634 ipsius
1029 3556 1243 3616 veroDominici
1274 3555 1331 3611 diei
1365 3560 1468 3626 agatur
1491 3557 1726 3630 missainquoti·

81 3658 147 3707 cant
163 3642 288 3708 missam
299 3667 333 3706 ex
351 3651 446 3723 vigilia
455 3651 543 3724 ipsius
556 3652 623 3708 diei.
640 3653 760 3709 Alleluia
772 3670 830 3710 non
839 3668 886 3707 ca·
927 3649 1020 3706 dianis
1033 3647 1141 3704 diebus.

81 3744 161 3795 nant.
180 3738 218 3795 In
233 3739 296 3811 ipso
310 3739 356 3795 dia
370 3756 423 3794 nac
434 3739 546 3813 adipem
555 3741 714 3809 comedant,
730 3747 760 3796 et
772 3741 801 3798 in
816 3741 886 3797 reie-
1210 3733 1326 3792 CAPUT
1339 3735 1441 3791 XXIII-

81 3828 185 3897 domo,
202 3827 342 3900 quidquid
355 3829 524 3884 remanserit
536 3829 573 3885 de
588 3847 661 3902 pona
673 3835 702 3886 et
728 3831 792 3886 vino
815 3831 887 3887 elee-
986 3829 1105 3897 Virginis
1114 3827 1294 3894 Assumptum
1306 3827 1399 3878 calttlt'
1411 3826 1451 3879 sic
1462 3825 1553 3880 dumis
1564 3842 1681 3885 mecum.
1735 3882 1738 3889 ,

81 3918 268 3990 mospnarius
278 3917 406 3990 accipiat.
421 3920 494 3975 Ante
507 3935 651 3992 vesperam
662 3926 755 3978 custos
764 3921 886 3977 ecclesiae
961 3912 1279 3988 VigiliaAssumptionis
1288 3919 1391 3967 sanctia
1402 3913 1506 3968 Maria.
1518 3915 1591 3970 Ante
1604 3915 1725 3987 primam

79 4014 164 4065 ornet
175 4007 284 4064 altaria
295 4007 402 4078 sericis,
417 4013 447 4064 et
470 4009 500 4064 in
526 4010 655 4066 formulis
677 4011 783 4083 tapetia
801 4027 887 4083 supra
926 4011 1029 4063 ornent
1041 4003 1197 4070 ecclesiam,
1208 4002 1274 4056 hinc
1284 4000 1386 4056 atinde
1404 4000 1527 4072 parietes
1540 4003 1656 4059 cortinis
1673 4021 1725 4060 uec

79 4097 235 4156 extendat.
257 4098 300 4153 Ad
308 4113 428 4169 respersa
434 4098 562 4171 synaxim
573 4099 696 4172 quinque
711 4116 806 4156 cereos
820 4106 887 4156 ante
927 4112 983 4153 non
992 4095 1091 4169 palleis
1103 4091 1169 4164 (tt),
1178 4092 1262 4146 choro
1272 4096 1337 4162 post
1346 4089 1429 4144 dorsa
1441 4089 1561 4146 fratrum
1574 4091 1603 4146 in
1617 4093 1723 4149 circum

78 4185 172 4242 altare
183 4191 304 4258 ponant.
319 4185 490 4258 Capitulum,
513 4187 664 4255 Oonfllebor
687 4190 747 4252 tibi,
773 4190 887 4244 Domine
927 4191 1026 4259 aptent
1048 4181 1176 4238 bancalia
1191 4177 1258 4250 (³0),
1281 4179 1311 4234 in
1334 4179 1464 4234 formulis
1482 4181 1588 4252 tapetia
1603 4182 1725 4238 :altaria

78 4289 136 4329 rat.
149 4273 389 4348 Responsorium‚
398 4277 455 4343 Quo
463 4277 794 4350 proaraderisllymuus,
809 4279 886 4332 Hor·
927 4273 1095 4330 ornantsuis
1107 4267 1297 4326 ornamentis:
1313 4267 1343 4322 iu
1356 4267 1457 4339 majori
1470 4285 1567 4324 omnes
1576 4269 1662 4326 libros
1677 4288 1725 4344 pa·

77 4369 152 4434 ipris
159 4368 283 4424 Christi.
292 4363 463 4434 versiculus,
471 4365 614 4433 dispersit,
628 4366 882 4437 deditpauperibas.
894 4347 1005 4420 Dratos
1013 4366 1128 4435 ponant,
1145 4365 1174 4414 et
1182 4357 1329 4416 duodecim
1339 4357 1461 4412 carrdelae
1471 4363 1538 4412 ante
1556 4358 1659 4430 ipsum.
1674 4361 1724 4416 lia-

75 4457 260 4530 Antiphone,
269 4456 360 4510 hevila
370 4455 545 4509 Munditiis·
554 4461 683 4520 oremus,
692 4457 796 4518 Adesto,
805 4457 884 4519 Deus,
927 4454 1007 4509 silica
1025 4455 1127 4508 sancta
1142 4447 1240 4504 Mane
1262 4446 1367 4519 optime
1384 4445 1533 4502 decoratur
1552 4451 1611 4502 tam
1630 4449 1724 4520 palliis

75 4545 347 4618 supplicationibus.
359 4547 402 4603 Ad
413 4549 563 4606 stationem
574 4547 887 4621 responsor-inmania
927 4559 1012 4616 qnam
1026 4537 1203 4614 phanonibus
1215 4536 1268 4610 (31)
1284 4551 1353 4591 auro
1364 4535 1457 4592 textis.
1475 4536 1591 4591 Missam
1605 4539 1724 4594 matuti-

75 4637 268 4692 laurentios.
280 4635 409 4706 Oramus,
420 4639 525 4702 liacito,
537 4642 663 4702 Domine,
680 4641 712 4694 in
721 4635 886 4692 ecclesiaAd
927 4633 1021 4688 nalem
1035 4634 1121 4702 agant
1135 4628 1170 4683 de
1184 4630 1281 4681 sancto
1293 4623 1426 4688 Eusebio,
1446 4625 1634 4698 adjungentes
1653 4629 1724 4686 alins

73 4723 414 4796 invitatoriamquatuor
426 4727 457 4782 in
471 4729 576 4801 cappis,
592 4731 689 4784 Beatus
709 4728 884 4783 Laurentius.
927 4738 978 4794 pro
986 4718 1136 4775 defunctis.
1154 4713 1558 4772 Oilarendamomnasfaciant.
1569 4716 1637 4771 Post
1650 4717 1725 4791 capi·

73 4815 229 4889 Hymnus,
241 4817 341 4872 lleoota
351 4823 450 4874 mente.
461 4819 607 4876 Lectiones
631 4822 694 4873 octo
705 4815 740 4871 de
754 4815 816 4886 ejus
827 4829 889 4886 pas·
928 4810 1019 4865 tulum
1035 4805 1148 4862 veniant
1161 4817 1258 4859 omnes
1274 4802 1310 4857 acl
1337 4801 1505 4856 radendum.
1525 4803 1594 4858 Post
1615 4811 1722 4862 sextam

73 4907 171 4962 sione.
192 4907 419 4977 Responsorium
433 4914 576 4981 quartum,
587 4914 724 4971 octavum,
737 4910 766 4961 et
786 4903 889 4959 duode·
928 4915 992 4956 cum
1003 4891 1262 4964 audierintsignnm
1273 4896 1392 4962 surgant
1405 4905 1420 4945 a
1432 4889 1552 4958 lectulis,
1563 4892 1724 4949 larantma·

71 4997 191 5052 mum
209 4995 284 5052 sicat
296 5013 358 5053 mos
372 5002 415 5053 ast
427 4997 457 5054 in
476 5003 594 5071 quatuor
611 4997 707 5070 cappis
717 4999 781 5068 post
795 4995 888 5050 Gloria
929 4982 1180 5057 nusatqueiacies,
1197 4986 1226 5037 et
1236 4983 1303 5036 eant
1319 4979 1401 5051 pueri
1414 4979 1443 5034 in
1459 4979 1604 5036 ecclesiam
1618 4981 1724 5054 absque

70 5083 323 5157 recapitulantur.
351 5086 447 5144 Primo
472 5095 501 5144 et
527 5087 648 5144 secundo
675 5090 812 5141 nocturno
830 5087 889 5137 tres
928 5077 1023 5134 sonitu
1032 5072 1106 5145 signi
1117 5091 1123 5128 ι
1134 5070 1239 5126 iaciant
1247 5067 1399 5134 orationes,
1414 5073 1443 5123 et
1454 5068 1618 5137 induantur,
1634 5085 1725 5126 sacer·

69 5175 214 5233 caudelae
226 5181 293 5231 ante
305 5175 395 5234 altare
406 5177 472 5246 sint,
484 5183 560 5234 retro
575 5193 641 5233 uua.
653 5175 687 5232 In
700 5174 784 5229 tertio
796 5170 887 5228 homi·
928 5167 979 5223 dos
992 5164 1088 5221 casula
1100 5161 1235 5217 diaconus
1245 5157 1405 5225 dalmatica,
1416 5157 1603 5212 subdiaconus
1616 5158 1722 5219 tunica.

106 5316 180 5389 (28)
192 5316 361 5390 legandum
373 5319 445 5378 sorte
459 5323 492 5377 in
502 5321 575 5390 olda,
588 5317 691 5378 hocast
713 5331 825 5386 aurora,
839 5331 890 5374 sau
931 5327 979 5369 cas
990 5309 1019 5366 in
1032 5307 1117 5365 choro
1132 5309 1285 5380 ponuntur.
1302 5301 1346 5412 lta
1362 5299 1485 5365 durand,
1498 5298 1546 5355 ub.
1560 5313 1583 5369 1,
1598 5299 1723 5372 Batiam,

70 5393 107 5448 ad
123 5389 250 5448 laudea.
932 5401 957 5441 c.
973 5384 1000 5448 3,
1016 5399 1045 5437 n.
1060 5379 1105 5437 23.
1598 5441 1603 5453 Ι

109 5462 173 5536 (99)
193 5461 305 5528 Palliis,
318 5463 396 5530 rahe,
412 5463 517 5519 sericis.
967 5453 1023 5528 (31)
1039 5453 1196 5518 Phanonas,
1215 5447 1341 5512 iunones,
1352 5442 1447 5510 lanan,
1457 5441 1529 5510 sala,
1545 5443 1655 5498 venida

108 5535 178 5610 (30)
197 5532 344 5600 amaria,
356 5540 425 5591 sunt
436 5535 523 5608 panni
533 5535 582 5609 qui
595 5531 817 5607 supersedeam!
826 5532 892 5587 beu·

218 5630 350 5696 Parnon.
373 5635 431 5698 ab.
1575 5608 1615 5673 39
