3896 6170
231 253 310 353 tror'
763 285 1331 351 cumomsnecnusrunmnsrs
1765 289 1823 349 ern

224 421 261 478 et
273 411 413 491 incipiant
421 415 615 490 antiphonam,
625 417 746 487 Ampelos
760 424 854 474 eutem
869 415 1125 486 Dorulatethtria
1139 412 1307 470 candelabra
1320 412 1388 469 sint.
1402 411 1446 467 nd
1459 425 1588 484 resperas
1599 411 1707 467 Alleluia
1717 413 1822 484 quemad·

232 505 294 564 aliae
309 511 668 580 quaesequuntur,tantum
679 524 764 563 unam
775 507 903 564 canendo
913 524 964 580 per
973 507 1029 562 siu·
1069 503 1185 560 modurn
1207 503 1306 558 diatim
1326 501 1381 570 (19)
1403 501 1532 557 ordinate
1555 505 1620 556 snut
1631 500 1698 555 soliti
1708 501 1826 573 imponere

231 597 313 670 gulos
326 595 386 651 dies
399 594 619 652 hebdomadario
627 596 788 669 incipiente.
807 597 941 652 Sacerdos
952 595 1030 651 sitin
1069 593 1110 648 ita
1124 591 1295 664 persolvant,
1311 595 1339 647 et
1349 588 1472 665 psalmos
1480 589 1570 663 ipsius
1584 587 1637 646 disi
1647 589 1825 648 Dominioireci·

232 701 331 758 cappa,
356 701 373 739 a
400 701 456 756 quo
473 684 578 740 altaria
595 684 785 740 incensentur.
809 684 853 740 Ad
875 683 1031 740 horestrea
1069 686 1142 738 tent.

232 775 356 832 candelae
371 792 380 830 .·
394 774 432 831 nd
455 774 654 829 matutinalem
678 773 795 830 missam
819 789 877 830 una
893 775 1028 843 collecta;
1371 769 1488 827 CAPUT
1505 770 1568 828 Vll.

234 864 410 921 offertorium
425 869 454 919 et
466 863 524 918 alia
538 863 633 918 omnia
642 863 724 919 sicuti
736 863 782 920 die
796 863 943 920 Dominicc
956 863 1033 920 dicta
1304 860 1408 915 Perelio
1417 862 1557 915 annotina
1570 856 1635 928 (10).

232 951 349 1020 merint,
360 953 405 1009 ita
417 952 513 1008 dicant
522 956 584 1008 tcta
596 953 764 1024 septimana,
780 957 883 1025 prater
890 953 1032 1026 pratalio-
1110 950 1243 1006 Sanctum
1258 948 1367 1004 Pascha
1378 949 1453 1020 quod
1466 947 1608 1020 praeterito
1620 963 1688 1004 anno
1705 947 1829 1005 celebrari·

233 1059 301 1099 nem
313 1059 375 1115 qum
385 1058 443 1097 non
451 1046 495 1097 est
506 1041 632 1097 canenda
640 1041 696 1097 uisi
705 1042 768 1098 istis
780 1041 881 1098 tribua.
892 1043 935 1098 nd
946 1044 1035 1115 majo-
1074 1054 1147 1106 mus,
1162 1038 1185 1093 si
1195 1038 1224 1094 in
1236 1036 1453 1109 quadragesima
1463 1036 1624 1104 occurrerit,
1635 1035 1776 1092 nudatenos
1786 1036 1829 1108 ogi

233 1147 294 1186 rem
306 1131 365 1187 sint
379 1146 478 1186 omnes
491 1130 652 1185 sacerdotes
664 1135 749 1201 atque
763 1131 854 1187 levita
868 1132 898 1187 in
912 1131 1032 1204 cappis:
1073 1132 1122 1183 tur
1138 1146 1144 1182 :
1158 1127 1183 1182 si
1200 1143 1265 1182 vero
1279 1131 1344 1200 post
1369 1125 1478 1182 Pascha
1501 1126 1644 1182 inventum
1656 1125 1741 1190 tuerit,
1758 1141 1829 1194 omne,
1910 1141 1911 1200 l

233 1219 327 1276 tribua
347 1217 541 1292 corporalibus
565 1218 656 1274 altare
680 1219 891 1276 circumdetur:
912 1221 1036 1277 candela
1076 1215 1313 1289 quemadmodum
1332 1216 1361 1271 in
1375 1214 1488 1271 Domini
1501 1213 1830 1270 resurrectiouedeceutar·
1910 1225 1911 1234 ³

234 1314 302 1366 aute
316 1314 346 1365 et
358 1313 435 1364 retro
445 1307 652 1364 illuminentur.
670 1308 852 1364 Odertorium
863 1325 911 1365 sea
922 1314 1036 1366 susten·
1076 1306 1145 1361 dum
1158 1311 1211 1373 est,
1226 1307 1268 1362 ita
1278 1305 1482 1378 adimpleatur;
1497 1309 1599 1377 praeter
1611 1303 1767 1375 evangelium
1776 1304 1832 1376 quod

233 1403 296 1456 tent
310 1421 316 1470 ;
339 1398 370 1454 iu
383 1398 542 1471 expletione
555 1396 648 1453 missa
666 1399 763 1453 omnia
780 1397 862 1470 signa
875 1399 1034 1472 pulsentur.
1076 1395 1200 1467 legitur:
1216 1396 1286 1450 drot
1300 1395 1381 1450 borno
1394 1411 1427 1449 en
1449 1395 1606 1449 Pharisaei.
1628 1392 1735 1458 Quando
1747 1393 1771 1447 in
1782 1393 1832 1447 duo

235 1487 270 1544 In
284 1486 430 1544 refectorio
446 1485 573 1559 quotidie
593 1485 698 1541 iaciant
711 1486 888 1554 charitatem,
904 1487 1035 1544 similiter
1075 1483 1165 1539 decim
1180 1484 1313 1540 lectiones
1323 1480 1835 1552 evenerit,matutinalissacraindeega

235 1576 426 1634 collationem.
443 1575 516 1632 Tota
537 1575 696 1648 septimana
709 1575 840 1631 dicantur
852 1576 889 1632 ad
904 1591 1034 1647 resperas
1074 1577 1132 1639 tur,
1148 1578 1178 1629 et
1190 1572 1255 1628 siin
1270 1571 1442 1644 quotidianis
1456 1570 1556 1628 diebus
1570 1569 1757 1637 adventaverit,
1770 1571 1835 1640 majo

233 1665 336 1739 psalmi
362 1665 437 1721 sicut
461 1663 507 1720 die
527 1663 686 1729 Dominico,
701 1680 766 1719 cum
780 1665 903 1720 Alleluia
914 1665 1036 1737 qualiter
1076 1677 1136 1716 reru
1151 1661 1267 1716 missam
1283 1659 1466 1716 celebreutex
1479 1677 1523 1718 ec.

233 1753 363 1810 uoluerit.
380 1751 516 1808 Accensio
534 1751 651 1808 luminis
666 1751 739 1807 sicut
753 1751 789 1807 ad
805 1751 931 1808 missam.
1043 1737 1067 1799 Β
1112 1749 1184 1806 Oum
1193 1754 1297 1804 octana
1312 1749 1424 1805 Pascha
1433 1748 1580 1806 celebratae
1595 1749 1705 1816 tuerint,
1718 1747 1764 1803 hoc
1775 1746 1837 1801 modo

268 1839 340 1896 Aliis
363 1839 456 1895 tribus
476 1836 575 1894 diebus
596 1838 785 1895 mediocriter.
810 1840 855 1894 hd
869 1839 1034 1898 nocturnale
1075 1843 1163 1910 mant
1186 1837 1302 1910 priuatis
1315 1837 1415 1894 diebus
1431 1859 1437 1893 :
1452 1854 1517 1892 mox
1530 1842 1563 1893 ut
1577 1836 1740 1910 expleverint
1749 1841 1839 1890 noctur·

233 1928 360 1985 oldoium
385 1927 444 1984 siut
461 1927 519 1986 tria
542 1927 713 1983 candelabra
728 1932 795 1983 ante
808 1944 888 1984 amm
906 1933 936 1984 et
958 1935 1035 1985 retro
1075 1927 1140 1983 nale
1154 1925 1330 2000 obsequium,
1342 1931 1443 1982 sonent
1453 1925 1575 1998 signum,
1586 1923 1840 1981 etmatutinalaodes

232 2033 333 2076 uuum.
346 2016 380 2073 Iu
397 2017 614 2076 matutinalibus
628 2016 817 2090 pulsabuntur
830 2018 926 2075 omnia
943 2019 1034 2092 signa.
1076 2015 1290 2072 inchoentur.1n
1306 2016 1359 2072 hcc
1372 2031 1494 2088 namque
1508 2017 1569 2072 loco
1580 2017 1739 2088 priusquam
1751 2012 1798 2068 alia
1807 2013 1840 2068 ir·

234 2107 360 2164 Caudela
371 2122 430 2162 una
444 2111 584 2177 augeatur
602 2111 632 2161 et
652 2105 750 2162 tabula
767 2105 1035 2178 discooperiatur;a
1076 2121 1213 2172 seramus,
1225 2105 1520 2177 aliqualocutiuncula
1527 2105 1693 2178 perdignum
1704 2103 1812 2158 ducimus
1818 2105 1842 2156 ut

232 2194 428 2270 pucrisautem
436 2193 648 2266 responsorium
654 2192 696 2247 vel
705 2194 904 2251 Benedicnmue
917 2197 1035 2252 Domino
1075 2192 1213 2249 dicamus.
1225 2193 1314 2249 Erunt
1327 2193 1422 2249 forsan
1436 2193 1566 2249 nonnulli
1591 2193 1639 2266 qui
1649 2193 1705 2248 hac
1716 2191 1841 2263 inquirent,

232 2283 265 2340 iu
278 2289 345 2339 aute
366 2297 423 2339 non
446 2281 603 2354 peragitur,
618 2281 707 2336 sedin
721 2281 782 2337 loco
796 2298 848 2338 suc
862 2283 965 2355 agitur.
982 2285 1035 2340 Sa-
1076 2299 1133 2356 qua
1147 2282 1255 2338 ratione
1266 2282 1445 2338 interuallum
1460 2298 1516 2338 ncn
1532 2283 1573 2338 tlt.
1586 2283 1658 2338 siem
1668 2281 1757 2352 regula
1767 2277 1843 2352 praci-

233 2371 333 2430 cordos
344 2369 409 2428 alba
429 2371 546 2427 indutus
570 2369 609 2426 ad
628 2370 842 2428 incensandum.
858 2371 1035 2430 Philacterias
1076 2370 1141 2444 pit‘l
1151 2371 1328 2443 Respondeo,
1340 2376 1407 2426 sunt
1417 2371 1521 2444 quippe
1528 2369 1657 2426 nonnulli
1668 2369 1760 2425 iratres
1768 2367 1807 2440 qui
1813 2365 1843 2421 di·

234 2459 464 2534 superstolantur
474 2459 539 2527 (18),
551 2459 692 2532 ettepetia
705 2476 737 2515 ex
750 2458 849 2515 termis
858 2462 1033 2522 auferantur.
1076 2477 1156 2516 verso
1171 2460 1269 2516 morbo
1278 2459 1417 2526 laborant,
1433 2460 1508 2532 quod
1519 2465 1708 2515 antecessores
1719 2457 1797 2514 nostri
1804 2454 1845 2510 uti·

234 2550 278 2607 hd
293 2549 489 2606 matutinalem
501 2549 618 2604 missam
629 2564 728 2604 omnes
743 2549 864 2606 collectae
879 2557 911 2605 ut
920 2551 1034 2608 solitum
1076 2549 1141 2605 liter
1156 2548 1352 2622 pranderunt,
1363 2549 1436 2604 hanc
1444 2549 1642 2604 discretionem
1652 2543 1845 2620 habere[haben

235 2643 288 2705 est,
310 2637 454 2696 dicantur.
475 2637 519 2692 ud
542 2637 679 2709 maiorem
692 2637 798 2694 faciant
811 2637 897 2694 ueluti
911 2655 979 2695 usus
991 2645 1036 2696 est
1076 2637 1167 2712 damJ,
1183 2647 1215 2693 ut
1230 2638 1266 2693 ad
1285 2637 1450 2694 nocturnale
1464 2637 1631 2710 obsequium
1645 2654 1706 2694 mox
1722 2642 1751 2692 ut
1762 2635 1845 2690 dictum

236 2741 321 2798 agere
334 2723 424 2782 inxn
438 2725 617 2791 lectionibus,
628 2731 657 2780 et
664 2725 699 2780 de
709 2725 885 2783 candelabris
891 2727 1034 2787 similiter.
1076 2727 1172 2794 tuerit,
1190 2729 1288 2790 Venite,
1297 2729 1450 2782 exaltemur
1459 2729 1578 2782 Domino
1591 2747 1601 2783 .·
1612 2725 1844 2789 ἱιι]αυ(111)ιιε,1)ιιιε,

235 2813 367 2870 Praelatio
376 2813 612 2887 pretermittitur.
1078 2819 1247 2870 misereatur
1256 2818 1357 2882 nostri,
1372 2820 1473 2870 exeant
1486 2815 1529 2870 illi
1538 2816 1590 2889 qui
1599 2815 1731 2887 indigent,
1743 2818 1848 2868 etrerer·

272 2903 400 2960 Sensuro
415 2917 444 2958 ru
458 2901 1035 2972 naara,invitatorium,Alleluic,Alleluia.
1078 2909 1188 2973 untur,
1200 2908 1285 2977 prout
1299 2903 1353 2976 ipsi
1367 2904 1531 2976 potuerint3
1545 2920 1598 2976 pro
1613 2904 1669 2960 alia
1679 2899 1846 2975 aliqua[eupp.

235 2990 269 3047 ln
285 2989 428 3056 laudibus,
439 2989 497 3046 aive
509 2991 633 3066 vesperis
648 2994 827 3064 responsoria
838 2991 933 3048 brevia
942 2994 1038 3065 qualia
1079 3009 1109 3048 rc
1124 2998 1175 3048 aul
1189 2990 1284 3066 causa]
1295 2992 1373 3048 nullo
1386 2992 1470 3048 modo
1489 3008 1637 3048 assensum
1649 2992 1759 3048 damus:
1781 2989 1848 3044 etiam

235 3079 378 3135 voluerint
402 3080 580 3136 Paschalium
597 3099 603 3137 :
624 3082 819 3137 alleluiatum
844 3081 873 3137 iu
892 3054 1067 3139 nocturnisC
1078 3081 1152 3146 illos,
1164 3081 1211 3153 qui
1222 3082 1386 3154 frequenter
1398 3082 1557 3153 hocagunt,
1568 3081 1741 3154 corripimus.
1755 3079 1849 3148 Insuper

239 3183 325 3241 quam
339 3168 418 3224 horis
438 3185 490 3240 per
512 3167 638 3240 singulos
657 3168 718 3224 dies
732 3169 892 3238 decantent,
907 3171 1039 3228 similiter
1080 3175 1108 3226 et
1118 3171 1241 3242 psalmos
1254 3185 1324 3242 quos
1341 3169 1467 3226 studiose
1479 3170 1632 3225 decantare
1645 3167 1757 3225 Domino
1768 3165 1849 3222 sudu·

236 3272 335 3314 rereua
350 3256 398 3329 qui
410 3262 478 3312 sunt
492 3257 621 3314 annotati
631 3257 792 3330 ipsiusdiei.
802 3258 835 3314 lu
842 3259 974 3334 vesperis
980 3259 1039 3316 sint
1079 3265 1166 3332 gente
1179 3259 1324 3325 debemus,
1341 3257 1631 3330 propterbreritatem
1641 3256 1757 3314 noctium
1765 3255 1849 3325 absque

238 3346 364 3420 quinque
389 3344 558 3402 candelabra
580 3351 646 3401 ante
669 3363 758 3416 aram,
779 3347 920 3420 posterius
950 3348 1036 3406 trina.
1080 3363 1161 3403 mora
1179 3353 1292 3420 oportet
1303 3347 1426 3402 initiare.
1441 3347 1474 3402 ln
1487 3347 1633 3419 euangelio
1645 3347 1791 3418 antiphona
1802 3357 1849 3414 que

239 3433 368 3490 Psalmoe
381 3433 531 3508 imponant
553 3435 753 3504 dualiteaulur.
777 3436 949 3508 Antiphone.
969 3436 1040 3493 dum
1080 3437 1197 3492 luerunt
1211 3452 1244 3492 ea
1256 3436 1302 3491 die
1315 3435 1529 3491 resurrectionis
1539 3440 1660 3508 possunt
1669 3435 1781 3490 diacum
1789 3435 1850 3486 octe·

238 3529 306 3579 esset
318 3537 397 3586 sero,·
413 3538 536 3590 oremus,
550 3524 662 3587 Praetu,
679 3539 844 3592 quaeamus,
856 3528 1037 3596 omnipotens.
1080 3524 1131 3590 ris,
1147 3540 1209 3596 quae
1222 3524 1254 3579 in
1268 3524 1314 3580 die
1334 3523 1481 3579 Dominico
1493 3522 1647 3590 habentur,
1663 3537 1747 3594 usque
1756 3521 1781 3576 in
1792 3519 1850 3573 dieu

549 3609 668 3667 CAPUT
681 3609 730 3666 VI.
1081 3612 1251 3668 ascensionis
1274 3612 1398 3668 Domini.
1422 3612 1539 3683 Expleta
1562 3617 1724 3668 sanctorum
1744 3606 1851 3677 andana

402 3698 508 3754 manue
523 3703 735 3755 resurrectionis
749 3700 873 3756 llcmini.
1080 3706 1147 3756 eant
1159 3701 1285 3756 canendo
1296 3701 1479 3773 antiphonam
1488 3700 1524 3756 de
1533 3706 1633 3756 sancta
1648 3699 1737 3755 Maria
1748 3703 1775 3753 et
1785 3697 1852 3766 agant

276 3785 394 3842 Summo
408 3785 503 3842 studio
518 3784 676 3842 celebretur
693 3805 701 3842 :
718 3788 909 3844 accendantur
926 3805 993 3846 mox
1007 3795 1041 3847 ut
1080 3790 1222 3846 matutina
1233 3789 1360 3845 omnium
1372 3795 1544 3858 sanctorum,
1561 3795 1594 3845 et
1607 3789 1744 3846 matutina
1754 3802 1798 3859 pro
1814 3783 1852 3838 de·

240 3874 382 3946 expletum
400 3873 486 3929 fuerit
509 3873 650 3929 canticum
664 3875 817 3947 graduum,
842 3880 901 3932 tres
916 3877 1040 3932 candelae
1080 3877 1184 3934 iunctis
1201 3877 1337 3934 tratribus
1360 3878 1475 3944 nostris,
1490 3882 1520 3934 et
1536 3877 1663 3951 quinque
1684 3875 1796 3948 psalmos
1814 3885 1852 3943 pm

240 3966 307 4018 ante
321 3977 411 4030 amm,
435 3967 465 4017 et
481 3967 560 4018 retro
574 3977 650 4032 una;
675 3963 712 4018 ad
727 3965 867 4020 canticum
883 3969 1041 4037 augeantur
1082 3965 1218 4024 iratribus
1231 3983 1322 4040 nuper
1335 3966 1485 4022 defunctis.
1499 3970 1573 4022 Ante
1589 3967 1710 4040 primam
1724 3961 1853 4021 subtollan-

240 4049 304 4106 duee
316 4055 409 4118 antea,
425 4051 565 4123 posterius
579 4067 646 4121 una,
662 4053 792 4125 superius
801 4053 971 4128 quindecim.
991 4053 1040 4109 ln·
1082 4059 1130 4111 tur
1142 4055 1229 4127 pallia
1243 4055 1376 4122 ecclesiae,
1392 4060 1420 4111 et
1439 4055 1495 4111 alia
1517 4060 1696 4122 ornamenta,
1716 4070 1773 4126 qua
1789 4063 1853 4106 usum

239 4137 1039 4215 vitatoriumduoincappis.Alleluiahectiosanctorum
1082 4141 1194 4218 [moris]
1227 4149 1270 4199 est
1295 4143 1411 4200 auferri.
1438 4143 1482 4199 Ad
1504 4144 1643 4216 primam,
1672 4145 1790 4202 huenen
1805 4139 1854 4203 nri,

241 4226 370 4306 Petrum,
385 4245 437 4284 seu
450 4231 537 4286 Actus
551 4229 742 4302 apostolorum
754 4248 763 4284 a
777 4233 906 4287 Primum
916 4233 1038 4301 quidem.
1080 4233 1161 4299 Deus,
1185 4239 1292 4304 septem
1315 4233 1447 4305 psalmos,
1477 4237 1506 4288 et
1522 4231 1638 4290 litanias
1659 4239 1689 4289 et
1701 4233 1805 4288 missam
1817 4241 1855 4298 pro

240 4315 472 4389 Responscrium,
482 4320 603 4388 Ampelos
612 4319 733 4383 Domini,
747 4325 890 4390 quartum,
899 4324 1038 4388 octavum
1080 4321 1229 4376 defunctis.
1241 4321 1275 4377 In
1290 4321 1445 4392 capitulum
1469 4322 1701 4378 convenientibus
1713 4317 1796 4376 tribus
1806 4311 1857 4370 vid

242 4409 272 4460 et
284 4405 482 4462 duodecimum
496 4423 515 4461 a
531 4405 641 4462 duobus
655 4406 859 4463 decantabitur.
873 4369 1072 4465 DuodcnumD
1081 4409 1217 4476 hundeum
1226 4414 1259 4465 lu
1268 4411 1444 4479 adjutorium
1454 4427 1547 4465 meum
1556 4410 1857 4480 intendashequegeuu·

240 4503 365 4565 namque
375 4510 393 4550 a
405 4495 497 4567 capite
510 4495 715 4567 recapituletur
728 4500 793 4568 post
806 4497 900 4552 Gloria
912 4499 1002 4553 Patri.
1012 4498 1042 4553 ln
1082 4496 1221 4552 flectendo
1240 4496 1352 4564 dicant3
1377 4497 1558 4568 surgentibus
1572 4513 1606 4553 ex
1619 4497 1689 4571 ipsis
1706 4496 1792 4552 insana
1807 4487 1857 4562 (qui

241 4581 386 4652 evangelio
396 4583 560 4654 antiphona.
569 4586 631 4639 Post
641 4585 699 4638 dies
708 4588 774 4639 octo.
790 4585 833 4639 nd
846 4586 1043 4642 matutinalem
1083 4585 1192 4658 prinum
1205 4585 1240 4640 de
1252 4585 1314 4640 aliis
1329 4583 1385 4657 est)
1404 4602 1562 4657 preparare
1574 4585 1703 4643 tabulam
1714 4597 1815 4654 semper
1820 4579 1858 4633 do·

243 4667 360 4724 missam
374 4685 431 4725 una
440 4669 565 4738 collecte,
582 4674 612 4726 et
625 4672 752 4742 praelatio
766 4673 914 4745 paschalia.
924 4674 966 4730 Ad
976 4691 1042 4747 pro·
1085 4673 1133 4730 bet
1147 4673 1183 4730 ad
1193 4674 1327 4746 priorem,
1343 4675 1387 4730 vel
1398 4674 1434 4730 ad
1448 4675 1528 4730 illum
1545 4675 1594 4747 qui
1613 4676 1739 4730 ordinem
1751 4665 1857 4734 tenet,si

242 4756 408 4826 cessionem,
417 4757 593 4814 venientibus
602 4761 788 4831 antejanuam
796 4763 1042 4831 monasterii,dum
1082 4777 1205 4833 presens
1219 4761 1297 4834 prior
1310 4777 1366 4816 ncn
1377 4761 1442 4828 erit,
1458 4777 1521 4832 qum
1535 4763 1626 4819 sexies
1639 4761 1747 4836 percuti
1758 4757 1838 4814 debet

242 4844 366 4900 ordinati
381 4845 495 4914 luerint,
510 4851 543 4902 ut
563 4863 623 4903 mos
640 4854 692 4916 eet,
710 4855 780 4906 tunc
793 4851 954 4923 precedant
967 4867 1043 4922 qua·
1120 4850 1246 4906 Pselmcs
1259 4851 1294 4906 de
1307 4850 1385 4905 horis
1401 4849 1598 4924 familiaribus,
1610 4867 1682 4925 quos
1694 4847 1812 4906 solebant
1822 4841 1858 4896 di-

241 4935 308 4991 mor
322 4939 407 4990 antea
418 4934 449 4990 in
459 4933 552 4990 medic
565 4935 707 5000 etdicant,
722 4939 877 5007 Graecam
891 4941 924 4994 in
938 4955 1041 4996 carru:
1082 4954 1156 5006 cere,
1167 4938 1323 4994 dimittant.
1338 4939 1410 4993 Nam
1426 4937 1450 4992 si
1464 4939 1599 5006 evenerit,
1615 4945 1649 4996 ut
1670 4938 1786 5010 aliquem
1796 4929 1860 5005 psal·

242 5027 311 5080 tanc
334 5039 433 5080 omues
460 5039 523 5079 esse
547 5022 653 5080 debent
673 5027 833 5083 sacerdotes
853 5031 884 5083 et
904 5029 997 5086 levita
1010 5029 1040 5085 in
1082 5043 1160 5084 mum
1174 5027 1281 5100 imponi
1294 5025 1512 5094 necassetuerit,
1524 5029 1641 5099 aurtjam
1655 5027 1808 5082 inchoatum
1820 5019 1860 5074 he

241 5112 347 5185 cappis.
358 5111 547 5183 Admajorem
556 5113 671 5170 misaam
681 5114 739 5171 sint
755 5121 863 5188 septem
873 5117 1042 5174 candelabra
1083 5113 1256 5183 buerint,rel
1265 5115 1428 5171 defunctum
1441 5115 1714 5187 tenuerint,prohoc
1728 5113 1860 5168 demutare

242 5205 310 5256 ante
329 5215 420 5267 arum,
431 5199 573 5273 posterius
586 5200 658 5269 trie;
671 5202 796 5274 praelatio
807 5203 930 5263 canitur.
940 5204 983 5260 Ad
994 5221 1042 5260 ex·
1082 5219 1237 5276 congruum
1253 5203 1373 5259 ridetur.
1387 5203 1521 5259 Pulsante
1533 5203 1604 5259 hora
1616 5203 1703 5258 tertia
1713 5197 1861 5257 marmiano

242 5287 435 5362 placationem
446 5305 532 5346 sacra
546 5288 729 5361 omniasigna
738 5291 944 5363 pulsentur.hd
957 5293 1041 5351 horas
1082 5309 1180 5349 ornnes
1190 5292 1220 5349 iu
1234 5291 1393 5358 occimiano,
1409 5296 1437 5347 et
1451 5292 1579 5348 oratione
1598 5291 1710 5364 expleta
1725 5296 1770 5346 eat
1781 5301 1860 5342 sacer

277 5429 336 5503 (te)
351 5430 383 5487 ld
396 5435 440 5486 eet
453 5445 554 5503 capsa.
563 5431 591 5487 in
607 5430 709 5504 quibus
724 5433 924 5507 sartorque
938 5449 1037 5492 recorr-
1115 5431 1246 5502 tldlllies
1256 5449 1377 5503 annum,
1384 5433 1621 5562 guncelehmtum
1630 5429 1803 5496 mitraeus,
1811 5423 1859 5480 site

144 5489 150 5496 ⁰
242 5497 359 5568 duntur,
378 5502 452 5558 stola
464 5517 515 5557 seu
528 5501 613 5575 pallio
626 5508 774 5561 ornantur.
1079 5505 1303 5562 anniversarium
1318 5505 1374 5562 diei
1406 5505 1540 5562 aschalis.

279 5569 333 5642 (19)
347 5571 381 5628 ld
394 5577 447 5642 eet,
461 5588 513 5645 per
525 5573 651 5644 cumulos
664 5573 734 5628 dies.
