3872 6162
24 422 26 472 l

102 257 153 328 loll
607 263 817 321 corennum
839 261 1009 323 amsans.
1034 301 1064 310 -
1084 267 1153 325 cin.
1173 269 1196 324 l.
1656 257 1727 320 lota

99 391 211 448 tenelli
223 391 247 446 sl
259 389 409 447 duodecim
422 390 576 446 lectionum
590 390 650 446 dies
664 393 716 456 est,
728 389 879 464 propedia·
889 389 915 450 Α
924 389 1054 456 induunt,
1069 393 1192 449 eundem
1207 396 1321 446 cantum
1336 389 1468 460 audiente
1486 389 1610 445 armario
1627 389 1726 461 pravi-

100 497 184 537 conum
208 481 269 534 sine
285 480 399 536 licentia
422 481 511 536 sedet.
537 480 668 551 Jurisque
693 484 737 534 est
761 479 884 534 sacrista
925 482 1041 537 debunt.

99 569 305 634 hebdomadarii,
323 569 394 624 utel
409 570 507 624 sellam
528 569 683 641 provideat,
699 585 782 641 quam
798 567 883 622 etiarn
971 643 972 648 ἵ
1227 568 1343 626 CAPUT
1364 569 1421 624 XC.

99 659 186 715 relilio
196 665 340 730 surgente,
355 661 399 715 vel
418 664 526 732 postea,
544 675 608 714 cum
627 658 715 713 visum
730 657 825 724 suerii,
837 673 883 710 rc·
1244 659 1415 715 llcdiocono.

100 753 187 822 portat.
211 749 262 802 liic
279 753 386 804 textum
403 749 616 820 Evangeliorum
635 747 665 802 in
689 747 766 802 omni
787 747 882 813 missa,
958 753 1030 824 (nn.)
1048 751 1189 807 Diaconus
1200 749 1373 804 sacerdotem
1381 747 1538 818 praecedere
1549 749 1620 803 solet
1632 747 1667 802 ad
1682 747 1724 802 al-

99 855 148 910 que
163 838 327 893 solemniter
344 839 448 908 egitur,
465 838 580 913 pulvillo
598 837 743 912 supposito
762 836 883 892 circum·
923 845 993 895 tare.
1022 840 1175 896 Sacerdote
1199 855 1229 893 se
1258 835 1411 891 inclinante
1429 837 1464 891 ad
1490 837 1646 892 orattonem
1664 837 1724 908 ipse

100 927 158 982 terre
171 927 256 982 debet
269 943 319 999 per
338 928 455 982 chorum
476 933 505 982 et
521 933 609 994 extra,
628 926 739 980 etiamsi
764 926 814 980 ilat
833 941 883 996 pro
924 930 1056 986 similiter
1068 927 1189 984 incItnis.
1215 927 1367 983 Sacerdote
1382 943 1412 980 se
1437 925 1571 996 erigente,
1587 926 1681 998 signat
1695 943 1725 982 se

100 1017 443 1072 lennens2sltuncsi1le
466 1017 590 1089 pulvillo.
616 1018 708 1093 primo
721 1015 834 1087 quidem
849 1015 883 1068 ad
925 1020 1034 1076 etfacit
1053 1023 1118 1074 ante
1143 1023 1172 1074 et
1193 1022 1277 1072 retro.
1303 1016 1445 1071 decedens
1468 1015 1614 1070 sinistrum
1639 1026 1726 1070 cornu

100 1121 152 1158 eum
163 1105 250 1168 vadit,
273 1106 321 1176 qui
347 1106 464 1160 chorum
481 1111 567 1168 tenet,
593 1105 695 1160 deinde
711 1105 745 1160 ad
769 1119 816 1158 eos
835 1099 884 1175 qui
925 1109 1008 1162 altari
1019 1106 1277 1178 osculatur.Pergit
1290 1109 1365 1160 stare
1380 1110 1478 1159 contra
1490 1104 1673 1170 sacerdotem,
1694 1107 1726 1158 ut

100 1193 207 1248 stantod
219 1195 323 1248 formas
333 1195 468 1249 Indextro
481 1195 566 1248 choro
582 1199 611 1248 et
625 1195 754 1260 sinistr03
775 1209 884 1260 ornnes,
926 1199 1052 1254 confesso
1062 1198 1243 1263 confitentum
1265 1195 1333 1250 etsi
1348 1195 1407 1250 dles
1431 1201 1474 1249 est
1491 1194 1598 1260 festiva,
1616 1193 1725 1263 abipso

100 1283 140 1353 qui
155 1282 191 1336 ibi
204 1284 317 1350 volunt,
342 1285 488 1350 accedunt,
507 1284 608 1356 hisque
623 1283 774 1338 exteriores
789 1298 884 1336 succe·
926 1288 952 1342 ei
967 1305 1029 1341 cum
1054 1303 1155 1341 manus
1170 1285 1379 1340 deosculatione
1393 1284 1539 1338 incensum
1560 1282 1722 1356 porrigitur.

99 1373 169 1438 dunt3
185 1371 287 1427 delnde
300 1373 451 1427 revertitur
465 1374 499 1427 ad
514 1389 572 1439 eos,
584 1372 632 1443 qui
645 1373 680 1426 ad
695 1372 798 1427 ilneam
809 1375 886 1426 stant
928 1381 1012 1445 (eor.)
1028 1376 1107 1440 Quod
1122 1381 1218 1446 postea
1231 1374 1369 1444 recipiens
1384 1374 1511 1427 Incensat
1524 1373 1615 1426 latera
1628 1369 1726 1424 altaris

100 1463 123 1516 ln
143 1477 172 1515 ⁸8
186 1466 276 1532 parit,
297 1461 429 1532 idemque
448 1462 515 1516 satit
533 1460 568 1515 ad
590 1461 736 1516 Sinistrum
755 1462 883 1514 (thorum-
927 1473 1070 1521 etcornna
1082 1466 1249 1536 posteriora,
1265 1463 1366 1518 deinde
1380 1467 1454 1516 retro
1468 1461 1518 1516 illa
1534 1458 1644 1527 altaria,
1665 1475 1726 1531 quae

101 1552 236 1621 Nunquam
250 1555 344 1605 stlitem
363 1551 564 1606 inclinaturum
579 1567 609 1605 ὅθ
627 1551 744 1615 novelli,
759 1567 886 1622 quocun·
927 1555 1087 1610 suntchoro
1098 1555 1244 1625 proxima;
1261 1555 1352 1625 prImo
1366 1553 1502 1614 medium,
1516 1549 1620 1604 deinde
1641 1549 1676 1602 ab
1692 1563 1725 1602 eo

101 1643 260 1707 quetexturn
275 1639 419 1710 Evangelii
433 1639 526 1694 ferens
551 1638 625 1693 ierit.
649 1639 769 1693 Cottidie
788 1645 884 1692 autem
928 1645 1001 1716 qnod
1017 1645 1047 1698 in
1061 1644 1177 1698 sinistra
1196 1647 1275 1714 parte
1290 1647 1333 1696 est
1352 1647 1508 1695 extremum
1526 1637 1672 1708 Incipiens
1697 1640 1727 1689 et

101 1726 129 1778 id
141 1726 257 1797 primm
273 1727 387 1782 missam
407 1727 555 1788 Sicei'doii·
572 1733 600 1782 θῐ
614 1728 675 1793 ὃθῑῑ,
692 1727 741 1798 qul
761 1728 884 1798 primum
895 1743 918 1802 Β
928 1735 968 1789 ita
982 1741 1082 1788 caetera
1096 1732 1285 1804 pertransiens
1300 1730 1496 1799 iacitdesuper
1510 1727 1623 1781 iucenso
1639 1724 1726 1779 semel

100 1815 176 1876 oderi,
191 1815 360 1870 ceroferario
374 1817 477 1870 librum
497 1817 616 1888 porrigit
629 1819 664 1871 ad
689 1817 884 1882 osculandum,
927 1823 1016 1877 erucis
1031 1822 1151 1892 signum,
1167 1825 1196 1876 et
1206 1820 1280 1876 redit
1293 1819 1322 1873 in
1336 1817 1551 1889 presbyterium.
1570 1814 1650 1878 Quod
1662 1813 1726 1869 siin

101 1911 200 1975 0¹⁰⁸Pi⁰
211 1905 236 1959 ⁸5
246 1906 345 1960 femie
355 1906 522 1972 celebratur,
532 1907 606 1978 quod
617 1907 652 1960 fid
668 1907 803 1977 majorem
818 1906 886 1959 mis·
927 1912 1097 1966 monasterIo
1113 1911 1155 1966 vel
1170 1911 1199 1965 in
1213 1910 1319 1980 capella
1334 1908 1362 1962 S.
1388 1905 1485 1960 Mariae
1507 1903 1642 1960 instantis
1661 1902 1726 1957 festi

100 2009 150 2046 ⁸³¹⁰
165 1993 192 2047 5¹¹
208 1995 325 2064 privatis
340 1995 441 2050 diebus
456 1995 583 2050 minister
607 1995 682 2049 ficii·
710 1996 835 2050 Eundem
851 1995 885 2048 ll·
927 2000 1062 2074 Reliquiae
1072 2000 1262 2062 continentur,
1280 1998 1309 2051 in
1332 2011 1498 2068 quocunque
1517 1992 1600 2048 altari
1618 2008 1666 2046 eas
1680 2007 1724 2045 re·

102 2081 178 2146 hrum,
195 2084 220 2137 si
235 2091 277 2137 est
291 2083 472 2150 fabrefactus,
493 2089 551 2139 tarn
579 2085 712 2139 diaconus
738 2101 822 2155 quam
843 2101 886 2138 sa·
930 2087 1056 2144 conditas
1070 2088 1190 2150 noverit,
1207 2087 1235 2141 id
1251 2087 1335 2141 etiam
1350 2075 1496 2140 incensare
1518 2084 1608 2138 solum
1630 2095 1728 2154 procu-

101 2171 184 2226 cerdos
200 2173 327 2228 clausum
345 2175 518 2228 osculantur.
538 2175 703 2230 Osculantes
722 2179 887 2228 autemnon
930 2179 1013 2234 rabit,
1038 2177 1068 2234 Si
1081 2195 1147 2232 vero
1159 2181 1239 2232 tanta
1261 2175 1425 2230 solemnitas
1446 2173 1589 2236 recolitur,
1605 2175 1638 2226 ut
1661 2187 1729 2242 qun·

101 2265 165 2324 ante,
187 2263 236 2316 sed
266 2268 330 2333 post
353 2264 480 2318 osculum
494 2263 641 2317 Inclinant.
657 2263 776 2318 PrivatIs
791 2261 889 2317 diebus
929 2272 995 2322 tuor
1017 2284 1050 2321 ea
1065 2273 1147 2321 nocte
1166 2265 1357 2320 invitatorium
1376 2262 1560 2325 cantaverint,
1578 2259 1674 2314 omnia
1693 2258 1729 2313 ad

100 2349 274 2405 subdiaconus
284 2351 647 2423 lnt'racsnonempatensm
667 2359 759 2420 tenet;
776 2353 804 2407 in
818 2353 889 2407 duo·
931 2358 959 2412 S.
977 2357 1094 2411 Mariam
1109 2353 1211 2409 altaria
1220 2355 1347 2408 Incensat
1368 2351 1499 2420 adjuncto
1514 2351 1563 2404 illo
1578 2349 1650 2420 apud
1664 2363 1729 2402 cru-

100 2437 178 2493 decim
193 2441 361 2496 lectionibus
376 2459 441 2496 vero
457 2441 595 2498 minister.
931 2451 1141 2516 cem,praeterca
1155 2444 1185 2498 in
1204 2443 1367 2498 Inventione
1378 2445 1406 2496 et
1416 2439 1590 2496 Exultatione
1601 2435 1730 2494 S.Crucis

340 2531 459 2586 CAPUT
474 2531 647 2587 LXXXVIII.
931 2551 1019 2588 unum
1042 2533 1111 2586 illud
1125 2531 1261 2587 incenset.
1280 2532 1418 2586 Reversus
1432 2529 1460 2583 in
1476 2529 1602 2594 chorum,
1619 2527 1641 2579 si
1652 2526 1731 2580 dom-

100 2617 297 2673 liscantoribas
310 2623 887 2692 produntturn,responsoriororumiidata,
931 2641 999 2678 num
1029 2622 1160 2676 abbatem
1176 2622 1225 2675 'vel
1247 2621 1332 2674 aliam
1353 2635 1502 2690 personam
1517 2615 1603 2671 talem
1625 2613 1730 2668 ibidem

450 2711 542 2779 Karia.
931 2713 1077 2784 repererit,
1098 2709 1153 2783 ipsi
1165 2725 1276 2789 quoque
1289 2707 1434 2764 incensum
1451 2703 1594 2778 praebebit.
1612 2703 1731 2774 Regres-

130 2799 184 2860 luo.
201 2801 276 2866 aar.)
293 2797 349 2852 Sed
374 2801 402 2853 et
421 2799 469 2871 qui
493 2804 610 2854 cantmn
622 2800 810 2871 responsoria,
824 2815 889 2871 gns·
932 2817 980 2856 sus
996 2799 1128 2856 continuo
1155 2799 1190 2853 ad
1213 2800 1305 2854 locum
1330 2813 1412 2851 suum
1424 2812 1488 2850 cum
1508 2791 1653 2848 thuribulo
1673 2795 1732 2854 stat

100 2883 544 2958 duale,responsionesnlnluta
559 2895 588 2944 et
602 2891 911 2958 Kyrie‚elcison,ante-
932 2896 997 2963 post
1019 2889 1192 2946 sacerdotem
1217 2885 1359 2960 paulisper
1383 2884 1419 2940 ad
1440 2885 1567 2939 dextram
1588 2899 1618 2937 se
1644 2879 1732 2952 appli-

98 2977 124 3025 et
135 2978 209 3028 retro
233 2975 340 3030 faciunt
366 2976 401 3030 ad
416 2977 545 3047 gradum
570 2981 598 3032 et
616 2977 779 3049 priusquam
800 2977 891 3050 impo-
900 2987 1010 3079 C'cans.
1026 2981 1144 3046 Quando
1159 2977 1288 3034 sacerdos
1305 2993 1334 3032 se
1347 2974 1527 3031 convertitad
1537 2969 1729 3035 salutandum,

99 3068 169 3126 nant,
178 3069 342 3119 reverenter
352 3065 496 3127 inclinant,
509 3071 537 3119 et
546 3066 605 3120 hare
620 3065 649 3120 in
664 3067 779 3137 priuatis
791 3065 890 3120 diebus
933 3073 1069 3128 diaeonus
1097 3087 1126 3124 se
1149 3085 1213 3124 eum
1237 3083 1269 3122 eo
1289 3083 1344 3121 non
1364 3065 1457 3131 vertit,
1484 3063 1539 3118 nisi
1560 3067 1672 3116 mnium
1695 3059 1731 3114 sd

98 3151 204 3205 nonnisi
230 3153 417 3208 communiter
443 3159 593 3208 cantentur
617 3170 634 3208 a
656 3159 803 3209 conventu.
835 3155 889 3210 ·Si
933 3163 1066 3217 llemissa
1080 3164 1127 3214 ost.

99 3241 165 3309 qood
178 3241 411 3314 lestumampIIus
420 3243 448 3296 in
457 3243 605 3314 septimam
613 3242 891 3310 evenerincantando
966 3250 1083 3322 Expleta
1097 3247 1184 3319 igitur
1198 3245 1334 3310 oratione,
1350 3243 1493 3310 diaconus,
1509 3233 1611 3296 tollens
1625 3239 1730 3294 librum

98 3329 272 3385 suntiterum
285 3332 320 3385 ab
339 3332 374 3386 iis
388 3349 405 3385 a
418 3333 522 3403 quibus
541 3339 571 3387 et
593 3334 670 3403 prius
694 3333 723 3387 in
745 3333 892 3388 Domtntca
932 3339 1084 3405 missalem,
1100 3337 1180 3408 ponit
1194 3351 1259 3391 eum
1270 3335 1299 3388 in
1314 3333 1428 3388 sinistro
1442 3348 1529 3386 comu
1544 3329 1732 3392 altaris,Cum

98 3419 489 3492 sunteantsta.Subsequenti
503 3439 566 3476 vero
580 3421 756 3476 hebdomada
773 3423 802 3476 in
819 3422 891 3492 prio·
932 3427 1061 3483 sacerdos
1088 3424 1201 3482 sederit,
1222 3423 1356 3477 diaconus
1371 3421 1395 3475 ei
1415 3419 1540 3474 casulam
1557 3423 1632 3472 retro
1646 3419 1730 3482 levat,

97 3507 169 3562 ribus
190 3509 286 3564 missis
310 3511 409 3564 cadem
431 3511 483 3581 ipsi
498 3519 565 3566 sunt
584 3512 733 3566 cantaturi.
752 3512 779 3566 Si
795 3517 891 3566 tamen
933 3519 1034 3572 stolam
1059 3514 1083 3570 ei
1108 3513 1259 3585 componit.
1275 3513 1347 3566 Nam
1370 3510 1479 3580 etipse
1501 3507 1680 3562 dalmaticam
1705 3510 1734 3560 et

96 3601 197 3656 eadem
224 3601 315 3657 missa
332 3604 487 3658 solenniter
504 3611 571 3659 sunt
590 3605 715 3674 agendas,
733 3610 847 3676 excepto
868 3605 892 3659 si
933 3606 1129 3669 subdiaconus,
1146 3602 1257 3668 subtile,
1269 3602 1293 3654 si
1305 3599 1438 3664 sederim,
1455 3598 1558 3652 levant.
1576 3595 1650 3651 Etsi
1668 3593 1734 3650 talis

99 3691 183 3744 missa
198 3707 251 3767 pro
264 3691 403 3746 defunctis
414 3709 476 3746 cum
491 3693 611 3747 maximo
625 3693 682 3747 ritu
696 3693 892 3748 estcelebran-
935 3701 977 3748 est
988 3694 1057 3751 dies.
1076 3697 1146 3747 utet
1159 3691 1219 3764 ipse
1234 3691 1369 3744 diaconus
1383 3689 1479 3742 casula
1499 3686 1615 3740 indutus
1636 3687 1678 3752 (ut
1691 3690 1734 3739 est

96 3777 143 3844 da3
159 3785 230 3835 tunc
240 3768 358 3835 cantant
370 3782 558 3854 responsoria,
573 3781 674 3852 quibus
689 3781 828 3837 armarius
848 3783 892 3837 in·
934 3785 962 3837 in
978 3780 1213 3852 QuadragesIma)
1225 3779 1297 3833 hanc
1307 3778 1414 3842 statim,
1432 3776 1505 3830 sicut
1519 3779 1562 3828 est
1579 3791 1640 3828 mos
1651 3789 1735 3844 gene·
1814 3767 1815 3770 ’

93 3869 195 3940 jungit.
208 3870 323 3925 Scillam
338 3871 526 3942 provectiores
540 3871 650 3930 fratres.
665 3871 707 3926 vel
722 3871 776 3942 ipsi
787 3869 893 3926 hebdo-
934 3871 1010 3936 ralis,
1027 3871 1159 3943 plicatam
1175 3869 1227 3922 sibi
1245 3867 1410 3936 circumdat,
1423 3870 1452 3918 et
1471 3869 1539 3918 tunc
1553 3864 1641 3925 sedet,
1657 3863 1735 3932 prius

94 3958 226 4017 madarii.
241 3959 265 4013 si
279 3959 352 4013 tales
365 3963 440 4024 sunt,
456 3963 563 4014 tenent.
580 3957 617 4013 Ili
632 3959 718 4013 etiam
729 3960 825 4013 versus
836 3960 895 4014 anl-
934 3966 1030 4016 temen
1054 3957 1198 4012 sacerdote
1216 3957 1360 4010 innuente.
1377 3957 1445 4020 (nol
1458 3953 1486 4006 Si
1507 3950 1659 4023 praevidere
1674 3948 1736 4003 dili·

94 4061 206 4102 marum
228 4051 370 4114 canentes,
397 4065 461 4102 cum
485 4049 628 4116 inchoant,
651 4053 720 4102 tunc
739 4053 850 4102 tantum
865 4047 894 4100 in
935 4051 1048 4122 gentius
1058 4041 1466 4114 volueritlivangeliumsumit
1479 4039 1582 4094 librum
1594 4036 1629 4092 de
1639 4037 1734 4103 altari,

92 4149 155 4191 ante
168 4137 314 4192 inclinant
329 4157 335 4192 :
351 4137 445 4192 sedin
461 4139 516 4192 fine
531 4139 603 4208 ejus,
626 4142 693 4191 ante
715 4141 743 4191 et
760 4141 836 4191 retro
857 4135 895 4190 ia·
936 4140 1150 4210 inspectumque
1161 4133 1340 4199 sufficienter,
1353 4131 1480 4202 reponIt3
1497 4127 1622 4182 *deinde
1637 4126 1734 4180 incen-

93 4225 181 4280 ciunt.
203 4227 307 4282 Nullus
325 4233 421 4282 tamen
436 4243 533 4281 eorum
552 4228 595 4281 vel
615 4227 733 4282 aliorum
749 4225 896 4281 illicobse-
937 4245 1010 4294 sum,
1023 4233 1054 4280 ut
1070 4223 1259 4297 praediximus,
1281 4218 1418 4275 sacerdoti
1440 4217 1568 4288 porrigIt,
1585 4218 1735 4270 uttcstum

90 4317 246 4384 quentium
268 4322 333 4370 ante
364 4317 472 4370 linitam
494 4316 670 4370 offerentiam
689 4332 719 4370 se
740 4315 823 4370 exuit.
851 4329 895 4369 uo.
938 4314 1082 4387 Evangelii
1095 4315 1229 4369 incenset.
1246 4312 1306 4376 Quo
1328 4310 1471 4364 incensato
1487 4304 1686 4376 thuribuloque
1701 4303 1736 4357 ab

90 4402 170 4463 Quod
186 4405 214 4459 si
230 4421 328 4460 omnes
352 4410 420 4459 sunt
439 4405 468 4459 in
492 4406 586 4477 cappis
601 4405 643 4459 vel
659 4402 739 4468 albis,
755 4397 928 4459 armariusD
939 4424 971 4463 eo
986 4411 1107 4476 recepto,
1121 4401 1344 4456 benedictionem
1359 4397 1469 4468 accipit.
1486 4396 1516 4450 Si
1531 4396 1651 4450 domnus
1665 4391 1738 4448 abba

87 4491 186 4549 Innuit
203 4495 419 4566 quibuscunque
436 4493 669 4566 volueritproeis
684 4495 841 4549 cantandIs.
939 4497 981 4551 vel
1000 4495 1056 4550 alle
1079 4493 1144 4548 talis
1168 4506 1287 4562 persona
1314 4503 1437 4560 praesens
1462 4485 1557 4546 fuerit,
1587 4487 1731 4555 acceptam

361 4583 478 4639 CAPUT
492 4583 637 4638 LXXXIX.
939 4601 1033 4640 coram
1048 4582 1158 4638 altaria
1177 4595 1308 4635 converso
1324 4593 1450 4632 acerram
1462 4575 1516 4647 Ipsi
1530 4573 1630 4639 deiert,
1644 4571 1739 4627 Incen-

149 4673 276 4742 Ovrando
290 4675 322 4727 in
337 4677 458 4728 clanstro
471 4689 527 4727 non
540 4675 574 4726 sit
590 4673 837 4727 attemptandum.
939 4691 1012 4737 sum,
1031 4678 1064 4728 ut
1080 4670 1225 4727 thuribulo
1245 4669 1382 4739 imponat,
1402 4665 1630 4736 postulatamque
1649 4661 1684 4718 ab
1705 4679 1738 4717 eo

19 4775 20 4816 3
121 4761 185 4816 'Et
199 4761 256 4816 hoc
270 4759 479 4816 subnotandum
500 4765 552 4827 est,
571 4761 638 4832 quia
660 4777 743 4815 neruo
759 4765 854 4816 cantat
867 4761 897 4815 in
937 4762 1160 4818 benedictionem
1176 4761 1310 4830 reportat,
1327 4763 1356 4810 et
1373 4759 1442 4810 tunc
1451 4753 1581 4808 sacerdos
1596 4749 1739 4807 nihilomi-

19 4865 21 4936 [
85 4849 223 4904 claustro
237 4850 267 4904 in
282 4850 361 4904 sestis
389 4849 536 4904 duodecim
559 4849 805 4921 lectionemque
828 4867 897 4922 apo·
938 4869 991 4907 nus
1004 4851 1162 4924 plenarium
1175 4849 1295 4918 desuper
1317 4845 1430 4916 signum
1455 4842 1546 4897 crucis
1571 4841 1675 4897 faciens
1698 4841 1740 4896 in-

84 4939 166 4994 stolis
183 4939 340 5004 feriantur,
356 4939 413 4993 nisi
426 4939 527 4994 fratres
541 4939 593 5002 illi,
610 4939 658 5010 qui
674 4935 763 4993 notati
777 4940 812 4993 ad
827 4939 897 4996 lirc-
938 4947 1041 4997 censat.
1059 4939 1200 4994 Diaconos
1215 4941 1309 4990 autem
1324 4933 1463 5004 accipiens
1477 4931 1547 4986 illud
1568 4929 1666 4985 dextra
1678 4929 1738 4999 ejvs

83 5027 181 5092 duale,
201 5028 300 5082 velad
317 5029 453 5085 Alleluia.
479 5028 528 5083 Isti
548 5027 662 5098 quidem
692 5035 757 5082 ante
777 5029 897 5100 prImain
938 5023 1288 5102 parteosculaturaltnre,
1304 5019 1473 5075 subdiacono
1500 5017 1644 5089 pulvillum
1672 5019 1738 5068 ante

83 5121 266 5189 praedictum
279 5125 394 5174 cantum
420 5119 455 5172 ad
479 5117 597 5172 invicem
613 5117 754 5172 affirmare
770 5119 896 5190 possunt,
938 5113 1030 5189 ipsum
1055 5118 1193 5187 portante.
1211 5111 1303 5166 FInito
1318 5108 1468 5179 Evangelio
1483 5107 1533 5160 dat
1544 5105 1647 5159 libmm
1675 5101 1739 5156 sub-

85 5225 253 5282 suppressa
265 5215 360 5262 mmen
378 5223 451 5260 voce.
470 5207 550 5272 Quod
573 5207 597 5261 si
623 5207 714 5276 prima
735 5209 764 5263 ln
788 5212 898 5261 tanturn
940 5205 1066 5265 diacono,
1084 5207 1191 5259 ettunc
1210 5201 1313 5254 iterum
1333 5199 1420 5252 missa
1440 5195 1519 5250 nnita
1540 5193 1688 5246 Incitante
1710 5195 1740 5244 et

83 5301 282 5361 acceleratur,
308 5301 340 5352 ut
370 5296 491 5351 brevitas
517 5297 601 5367 spatii
624 5296 693 5356 illud
721 5316 778 5356 non
807 5296 899 5370 patia—
941 5301 1025 5350 retro.
1052 5294 1081 5350 si
1103 5293 1235 5349 Creticis
1256 5303 1346 5342 anam
1362 5286 1559 5350 capitaneum
1575 5279 1740 5352 pervenitur

83 5391 139 5455 ²¹11,
168 5395 249 5442 tunc
276 5385 390 5458 quidem
415 5385 445 5439 in
473 5385 613 5449 vestiario,
633 5394 744 5456 quando
773 5406 805 5446 se
828 5385 898 5440 albis
939 5385 1243 5455 qualemcumque,
1263 5377 1461 5432 lavstmenus.
1482 5370 1657 5425 Siveronon
1667 5368 1741 5425 cani-

120 5567 203 5638 lile)
222 5565 387 5633 Scamnum,
408 5563 579 5620 subsellium.
595 5561 660 5629 Vide
674 5575 820 5670 ⁸aperius.
