3934 6174
446 339 487 394 IN
504 339 538 394 D.
559 339 667 398 PAULI
687 341 799 400 EPIST.
819 341 1006 402 conmuni.
1028 370 1062 386 ··
1082 339 1193 400 salsi.
1215 340 1251 397 11.
1271 340 1320 397 AD
1339 338 1421 398 COR.

727 567 732 582 .
844 519 966 576 CAPUT
984 520 1020 575 Il.

151 675 246 730 Statui
265 679 360 730 autam
380 675 434 730 hoc
448 676 540 748 ipsum
555 678 631 749 apud
646 695 691 733 me
705 695 762 734 non
775 683 878 746 venire,
897 695 933 734 ne
953 679 1058 734 iterum
1076 679 1106 734 in
1118 678 1235 734 tristitia
1249 677 1374 734 venirem
1394 677 1429 731 ad
1445 692 1504 742 vos,
1524 673 1546 731 l.
1564 673 1593 730 Si
1605 673 1681 730 enim
1695 689 1747 746 ego

118 765 251 819 mutristo
262 782 320 832 vos,
332 765 433 836 etquis
445 767 545 838 estqui
559 783 604 822 me
613 767 754 824 laetificet?
766 773 830 834 so
838 768 893 824 nisi
905 767 953 841 qui
968 768 1151 824 contristatur
1161 783 1192 822 ex
1203 783 1248 822 me
1258 783 1339 822 suam
1348 781 1399 835 per
1409 767 1606 834 correptionem
1617 764 1750 830 letificet?

117 851 142 916 i,
157 851 183 906 3.
197 853 233 907 Et
248 853 302 908 hcc
312 853 416 926 ipsum,
432 855 504 924 quod
514 871 548 909 ne
562 871 607 910 vos
622 859 815 912 contristarem
835 873 891 912 non
905 860 977 925 veni,
993 857 1092 928 scripsi
1105 855 1191 924 vobis,
1208 858 1266 910 ideo
1280 860 1313 910 ut
1327 871 1384 910 non
1397 870 1461 909 cum
1477 869 1588 920 venero,
1604 851 1749 906 tristitiam

118 943 342 1010 impoenitudinis
351 947 444 1014 vestre
457 959 543 1014 super
554 943 699 999 tristitiam
714 949 816 1015 peccati
828 945 957 1014 habeam,
973 947 1007 1001 de
1021 945 1132 1017 quibus,
1144 946 1174 999 id
1187 950 1234 1012 est,
1245 945 1277 998 de
1286 945 1370 1008 vobis,
1382 947 1545 1015 oportuerat
1555 957 1600 996 me
1609 940 1748 1012 gaudem

119 1034 208 1084 tamen
216 1029 364 1084 conlidens
372 1031 403 1085 in
413 1030 543 1086 omnibus
554 1031 642 1100 vobis,
654 1033 720 1104 quia
728 1051 823 1090 meum
834 1035 981 1107 gaudium,
995 1035 1121 1090 omnium
1130 1039 1256 1089 vestrum
1270 1037 1322 1100 est,
1335 1035 1402 1102 qvia
1417 1033 1448 1085 de
1462 1036 1552 1086 vestro
1561 1031 1750 1085 emendatione

119 1119 248 1187 ecumbe.
265 1119 339 1174 Nam
353 1137 387 1174 ex
402 1120 491 1175 multa
504 1121 696 1191 tribulatione,
713 1126 841 1191 tristitia,
859 1129 888 1180 et
901 1125 1032 1196 angustia
1046 1122 1137 1179 cordis
1148 1121 1248 1194 scripsi
1261 1120 1338 1177 vobis
1353 1137 1403 1192 per
1417 1120 1520 1175 multas
1529 1119 1677 1190 lacrymas,
1693 1132 1750 1173 non

119 1209 172 1260 ideo
181 1208 246 1262 dico
251 1223 305 1276 per
313 1211 416 1262 multas
431 1214 464 1264 ut
476 1209 691 1278 contristemini,
709 1211 758 1266 sad
769 1217 801 1267 ut
812 1212 906 1268 sciatis
919 1229 1004 1284 quarn
1016 1211 1184 1267 charitatem
1195 1211 1314 1266 habeam
1328 1208 1518 1266 abundantius
1533 1207 1563 1262 in
1577 1206 1664 1261 vobis.
1677 1207 1703 1261 l.
1721 1207 1751 1264 Si

118 1295 281 1366 quisausem
296 1297 634 1365 utedultercontristavit,
645 1315 754 1354 nonme
762 1316 888 1370 prorem,
899 1305 940 1358 cel
950 1307 1060 1356 tantum
1067 1299 1251 1364 contristavit,
1262 1300 1310 1355 sed
1320 1315 1356 1354 ex
1368 1304 1458 1370 parte,
1466 1290 1550 1366 idest,
1560 1299 1749 1364 aliquantum,

117 1387 154 1438 vel
167 1400 223 1452 eos,
238 1389 271 1438 ut
283 1385 351 1452 (ideo
361 1387 435 1454 dico,
451 1387 477 1440 si
493 1389 555 1456 quis
568 1391 609 1442 vel
621 1404 656 1442 esc
663 1393 754 1458 parte,
765 1389 825 1444 dico
839 1406 881 1444 me
895 1392 1101 1456 contristatum,
1118 1406 1153 1444 ne
1163 1405 1206 1444 vos
1221 1390 1433 1457 contristemini)
1450 1403 1507 1442 non
1519 1389 1626 1455 peceato
1637 1399 1751 1439 onerem

117 1488 212 1528 ornnes
223 1490 284 1540 vos,
299 1476 339 1528 vei
352 1477 403 1540 ita,
419 1492 476 1529 non
486 1493 518 1530 es
530 1480 583 1530 toto
597 1493 640 1532 me
653 1480 837 1546 contristavit,
847 1480 893 1534 sed
906 1495 939 1533 er
946 1486 1035 1549 parte,
1047 1484 1078 1532 ut
1093 1494 1150 1533 non
1164 1493 1283 1544 onerem,
1294 1477 1380 1541 idest,
1396 1491 1430 1530 ne
1439 1491 1484 1530 vos
1491 1489 1638 1544 gravarem
1647 1475 1753 1528 contri-

116 1567 232 1617 statione
245 1567 337 1618 tanta.
354 1563 464 1619 Sutlicit
473 1563 515 1628 illi
525 1567 700 1636 (tamenjam
712 1583 775 1622 eum
790 1569 888 1623 debetis
897 1573 1027 1638 recipere,
1040 1569 1090 1636 qui
1099 1583 1215 1621 acorem
1222 1568 1315 1636 patris
1324 1564 1417 1633 duait)
1430 1563 1478 1635 qui
1491 1561 1627 1634 eiusmodi
1640 1565 1692 1630 est,
1703 1564 1754 1630 qui

119 1667 167 1716 vna,
183 1656 208 1706 et
222 1668 270 1706 vos
279 1655 466 1720 contristavit,
482 1653 640 1725 objurgatio
655 1655 723 1722 hac,
737 1673 798 1727 quae
813 1657 844 1712 ht
856 1673 874 1712 a
886 1657 1025 1729 pluribus,
1041 1673 1059 1711 a
1074 1673 1125 1724 me,
1141 1661 1165 1710 et
1179 1673 1197 1710 a
1208 1656 1292 1721 vobis,
1307 1656 1421 1722 sufficit.
1439 1653 1484 1708 lta
1496 1657 1527 1706 ut
1539 1667 1555 1706 c
1569 1650 1709 1706 contrario
1723 1651 1749 1705 b.

118 1740 205 1810 inagis
219 1739 343 1807 donetis,
356 1746 498 1810 peccatum
512 1743 617 1797 donare
633 1745 760 1810 debeatis,
775 1751 804 1800 et
816 1745 1008 1814 consolamini,
1024 1747 1163 1801 consolari
1175 1746 1265 1813 mapis
1282 1758 1368 1812 quem
1385 1744 1557 1798 contristari.
1574 1739 1600 1794 6.
1620 1741 1663 1796 Νε
1679 1739 1753 1794 foria

119 1827 319 1884 abundantiori
336 1829 452 1884 tristitia
471 1829 666 1898 absorbeatur,
681 1835 784 1888 scilicet
799 1835 825 1888 si
845 1836 1008 1904 abjeceritis,
1030 1850 1063 1889 ne
1077 1835 1158 1888 cudat
1180 1836 1213 1887 in
1225 1833 1450 1902 desperabam,
1474 1829 1522 1900 qui
1544 1827 1683 1900 ejusmodi
1698 1832 1751 1882 cst.

118 1918 236 1989 Propter
250 1918 338 1988 qnod,
354 1935 387 1972 ne
396 1920 584 1988 absorbeatur,
595 1919 709 1976 obsecro
719 1937 767 1976 vos
779 1927 811 1976 ut
825 1925 980 1992 recipiendo
989 1939 1051 1978 eum
1061 1921 1234 1977 confirmetis
1242 1920 1273 1975 in
1282 1920 1362 1975 illum
1370 1919 1547 1975 charitatem.
1572 1918 1754 1986 suscipientes

119 2009 279 2075 confirmate
293 2007 459 2062 clmriiatem
473 2014 600 2064 vestram.
620 2008 688 2065 ldeo
704 2010 780 2064 enim
800 2015 829 2066 et
844 2011 952 2083 scripsi,
968 2018 1001 2068 ut
1018 2027 1182 2084 cognoscam
1200 2010 1422 2082 experimentum
1438 2012 1563 2063 vestrum
1577 2007 1648 2076 quod
1662 2011 1709 2072 est,
1722 2010 1754 2059 ut

119 2099 249 2166 experiar
260 2099 365 2162 venosi
380 2097 507 2152 studium
522 2101 654 2166 vestrum,
667 2099 692 2154 7.
705 2115 742 2154 an
755 2100 785 2154 iu
800 2099 930 2154 omnibus
943 2106 975 2156 ut
986 2103 1017 2156 in
1027 2102 1180 2169 espetiendo
1189 2102 1279 2170 prius,
1292 2101 1333 2153 ita
1342 2101 1375 2152 in
1384 2113 1430 2152 reo
1440 2097 1595 2166 recipiendo
1606 2111 1683 2150 nunc
1692 2093 1756 2150 obs·

118 2185 228 2240 dientes
242 2185 317 2238 mihi
325 2183 398 2238 sitis.
411 2185 471 2240 Ideo
487 2187 593 2240 obedire
607 2187 715 2242 debetis.
732 2187 784 2243 Cui
799 2193 904 2256 autem,
920 2192 1005 2255 enim,
1019 2189 1124 2260 aliquid
1140 2187 1274 2254 donastis,
1292 2189 1465 2243 condonastis
1481 2189 1510 2240 at
1520 2201 1572 2256 ego
1587 2185 1754 2239 condonavi:

118 2279 154 2330 sic
164 2279 246 2328 cives
254 2273 328 2327 milvi
337 2275 451 2343 sanatis
458 2293 467 2339 ,-
482 2289 547 2329 nam
559 2279 586 2330 et
597 2291 648 2346 ego
660 2274 803 2348 impetitio]
814 2276 889 2348 quod
902 2276 1013 2345 donavi,
1026 2277 1051 2332 si
1065 2275 1133 2348 quid
1148 2275 1258 2342 donavi,
1273 2279 1390 2347 propter
1402 2290 1461 2342 vos,
1477 2275 1575 2328 debetis
1585 2273 1634 2326 boc
1643 2276 1757 2341 propter

118 2382 167 2432 me,
182 2367 255 2434 quia
269 2379 316 2432 epo
324 2369 438 2433 propter
451 2378 496 2418 vos
505 2365 559 2432 feci
571 2367 713 2432 similiter,
727 2381 810 2435 apens
820 2367 869 2422 hoo
878 2382 935 2422 non
946 2381 998 2436 pro
1012 2383 1064 2432 me,
1076 2367 1122 2420 sed
1136 2365 1166 2420 in
1178 2380 1298 2437 persona
1313 2363 1426 2426 Christi,
1443 2363 1469 2430 8,
1485 2359 1511 2419 9.
1525 2365 1557 2417 ut
1571 2377 1629 2417 non
1638 2359 1757 2415 circum-

118 2453 268 2508 veniamur
284 2469 303 2507 a
314 2453 430 2520 Satana,
445 2455 513 2522 quia
527 2455 552 2507 si
563 2454 682 2521 donatis,
696 2460 721 2509 et
735 2471 791 2524 epo,
805 2471 863 2510 non
873 2456 1075 2510 eritdiscordia
1084 2457 1159 2510 inter
1170 2470 1229 2512 vos:
1246 2469 1304 2507 non
1314 2452 1389 2507 enim
1399 2452 1563 2524 ignoramus
1573 2448 1757 2521 cogitationes

118 2543 188 2614 ejus.
208 2542 334 2598 Seiana.
350 2539 393 2598 tv.
409 2541 480 2598 Cum
494 2541 632 2598 venissem
651 2547 746 2599 autem
762 2543 900 2600 Troadem
917 2547 1033 2616 propter
1044 2542 1228 2614 Evangelium
1246 2541 1360 2608 Christi,
1384 2544 1413 2596 et
1426 2541 1530 2596 ostium
1544 2537 1613 2593 mihi
1627 2541 1757 2609 apertum

119 2637 192 2688 caet
200 2633 235 2686 in
250 2630 382 2699 Domino,
395 2633 529 2686 introitus
539 2633 611 2700 fidei,
626 2637 658 2686 nt
670 2647 713 2688 mc
723 2635 755 2688 in
765 2637 836 2701 iilos,
853 2635 883 2688 ici
896 2638 944 2700 est,
960 2635 992 2688 in
1002 2647 1098 2687 eorum
1110 2633 1202 2699 corda,
1213 2635 1253 2686 vei
1264 2633 1327 2685 ilios
1337 2633 1369 2685 in
1379 2646 1421 2683 me
1429 2629 1605 2699 predicando
1615 2627 1758 2682 intromit-

120 2729 216 2786 terem,
229 2738 289 2776 non
301 2720 388 2776 habui
400 2719 527 2791 requiem
537 2721 650 2792 spiritui
660 2737 732 2789 meo,
745 2723 820 2794 quod
832 2739 889 2778 non
899 2722 1052 2778 invenerim
1065 2721 1108 2778 ll.
1118 2721 1213 2776 ‘litum
1223 2725 1289 2787 90
1298 2719 1414 2776 tratrem
1424 2734 1529 2780 meum.
1539 2719 1590 2788 qui
1598 2719 1757 2787 mejuvaret

119 2813 335 2881 interpretando
348 2812 421 2879 quod
431 2812 625 2879 predicarem,
642 2811 692 2865 sed
709 2810 750 2869 lu.
763 2812 928 2867 valefaciens
937 2813 986 2878 eis,
998 2811 1138 2884 proiectus
1150 2827 1214 2866 sum
1223 2810 1253 2865 in
1264 2808 1466 2865 Macedoniarn.
1480 2809 1538 2863 Deo
1547 2811 1642 2862 autem
1651 2805 1757 2877 gratias

119 2903 238 2972 (iterum
246 2901 422 2954 commendat
429 2915 456 2953 se
463 2904 495 2953 ut
504 2901 618 2954 verbum
627 2915 710 2955 suum
720 2904 886 2973 recipiatur)
893 2901 942 2973 qni
952 2916 1063 2972 semper
1071 2900 1230 2971 triumphat
1238 2915 1288 2953 nos
1297 2898 1328 2952 in
1336 2898 1448 2953 Christo
1456 2897 1533 2962 Jesu,
1541 2899 1569 2950 et
1578 2893 1620 2951 13.
1631 2894 1756 2961 odorem,

116 2992 360 3060 pradicationem,
376 2987 483 3044 notitiae
497 3005 555 3044 suae
567 2989 728 3045 manifestat
740 3007 792 3063 per
804 3006 856 3046 nos
868 2991 898 3047 in
913 2991 990 3048 omni
1003 2990 1074 3056 loco,
1091 3005 1147 3044 non
1156 2991 1246 3043 solum
1262 2989 1380 3054 Troade,
1396 2987 1443 3040 sed
1455 2989 1487 3040 in
1501 2987 1579 3039 cmvii
1592 2987 1658 3050 ioco,
1669 2983 1759 3038 Mace-

793 3181 1091 3243 COMMENTARIUS.

119 3405 205 3462 opare
217 3387 337 3444 tristitia
346 3393 399 3454 est,
412 3389 454 3443 ita
463 3387 492 3444 in
502 3387 698 3444 emendatione
707 3388 857 3460 gaudium,
872 3389 954 3449 hut
963 3389 1041 3456 dum,
1058 3387 1140 3460 quasi
1153 3387 1246 3443 locum
1260 3386 1334 3458 apud
1346 3385 1436 3440 Deum
1446 3387 1506 3458 jam
1518 3401 1575 3442 non
1588 3383 1716 3442 haberet·
1823 3364 1829 3376 ’

117 3481 162 3549 jus
187 3483 290 3533 autam
313 3476 409 3548 gaudii
437 3477 550 3548 adjutor
572 3483 643 3544 erat,
670 3477 738 3532 dum
767 3477 923 3534 volentibus
1000 3479 1026 3532 7.
1042 3478 1086 3532 An
1100 3479 1133 3532 in
1146 3478 1285 3532 omnibus.
1299 3476 1442 3541 Quantum
1456 3474 1682 3547 daturintelligi,
1697 3473 1762 3532 oha-

120 3567 277 3622 emendara
291 3566 498 3621 admonitiones
513 3565 657 3621 offerebat.
963 3567 1073 3621 dientes
1086 3566 1138 3620 hos
1151 3565 1239 3620 tactos
1252 3565 1282 3622 in
1295 3564 1404 3622 caveris
1418 3564 1527 3636 probat.

153 3655 245 3710 onP.
263 3653 303 3710 ll.
321 3686 349 3694 -
370 3653 392 3710 l.
408 3655 514 3712 mara.
531 3655 563 3710 Si
580 3657 655 3708 enim
673 3671 719 3723 epo
735 3657 876 3712 contristo.
893 3653 924 3710 si
998 3652 1025 3711 8.
1049 3655 1080 3710 ln
1094 3671 1151 3708 nvn
1164 3657 1429 3710 circumveniamur.
1441 3653 1517 3709 Dicit
1528 3653 1596 3725 quia
1609 3651 1762 3709 consolatio

121 3747 222 3800 doctor
245 3742 423 3814 corripiendo
450 3743 599 3798 contristat
625 3743 803 3814 discipulum,
827 3743 926 3799 latitia
965 3743 1049 3799 debet
1057 3742 1200 3814 subsequi,
1215 3759 1251 3798 ue
1260 3742 1389 3798 diabolus
1401 3747 1535 3813 suggerat
1548 3741 1583 3809 ei,
1596 3747 1626 3798 ut
1636 3742 1680 3796 vel
1690 3757 1762 3813 pra·

121 3833 196 3888 illius
206 3837 262 3898 cst,
275 3831 301 3886 si
310 3831 464 3904 discipulus
474 3832 510 3887 ad
522 3831 716 3903 poenitentiam
731 3832 925 3891 conuistatur.
966 3831 1093 3888 sentibus
1105 3830 1225 3899 huntur,
1241 3831 1290 3904 qui
1303 3831 1339 3887 dc
1352 3847 1402 3904 sps
1415 3830 1504 3888 futuri
1517 3829 1626 3902 pramii
1637 3829 1764 3901 dejectus

155 3923 184 3978 i.
200 3923 238 3978 Et
253 3923 303 3976 boc
320 3925 422 3990 ipsum.
444 3920 526 4000 Quod
548 3925 591 3974 est
612 3920 782 3978 contristans
796 3937 853 3987 vos,
869 3937 926 3976 non
967 3927 1018 3977 cst.

123 4011 258 4078 latificet,
279 4009 335 4064 nisi
355 4026 403 4064 vos
425 4009 479 4084 ipsi
503 4009 538 4064 ad
559 4009 753 4081 peanitentiam
776 4010 926 4066 contrista·
1002 4010 1028 4066 9.
1044 4009 1148 4066 Linea.
1167 4011 1199 4066 m
1213 4025 1270 4066 non
1282 4012 1547 4076 circumveniamur,
1560 4008 1590 4064 id
1602 4012 1653 4076 est,
1664 4013 1697 4064 ut
1706 4023 1764 4064 non

123 4101 205 4154 mini.
967 4100 1005 4154 sit
1014 4100 1089 4155 inter
1100 4115 1148 4154 vos
1161 4097 1308 4154 discordia.

158 4188 186 4244 3.
215 4189 341 4243 Annios.
364 4187 398 4242 m
419 4187 467 4246 boc
486 4189 587 4256 ipsum.
609 4184 717 4242 Idcirco
736 4203 766 4242 se
780 4187 848 4243 dicit
861 4188 927 4245 scri-
1004 4185 1046 4246 10.
1064 4188 1132 4243 dum
1145 4190 1279 4242 venusam
1292 4191 1397 4252 autem,
1417 4191 1470 4242 otc.
1492 4186 1631 4242 Excusato
1645 4199 1676 4240 se
1688 4184 1764 4256 quod

124 4278 227 4348 psisse,
243 4279 385 4348 utpostea
398 4275 513 4330 venians
525 4290 582 4330 non
597 4280 681 4344 esset,
694 4275 770 4332 unde
781 4277 928 4333 contrista·
967 4294 1025 4332 non
1042 4277 1159 4344 venerit,
1179 4280 1278 4332 narrat
1294 4275 1369 4348 quod
1387 4275 1463 4341 fecit,
1478 4274 1678 4331 commendans
1691 4289 1722 4329 sa
1733 4273 1764 4330 in

124 4373 215 4432 retur,
233 4365 351 4420 sublatis
363 4364 448 4420 vitiis.
969 4366 1068 4423 eodem
1086 4381 1180 4438 opere,
1195 4381 1232 4421 nc
1245 4381 1294 4420 vos
1311 4363 1509 4421 contristarem
1527 4379 1584 4419 non
1601 4361 1675 4431 veni,
1693 4363 1764 4420 tium

156 4456 185 4510 4.
197 4456 306 4512 hura.
317 4454 351 4511 Si
359 4457 531 4524 cubantem.
542 4454 571 4510 si
580 4453 653 4526 quis,
662 4453 764 4527 inquit,
773 4454 928 4527 predicans
967 4461 1061 4510 autem
1075 4458 1207 4510 venissem
1225 4455 1365 4520 Troadem,
1382 4458 1435 4508 etc.

123 4545 304 4600 mnu-istaut
316 4559 372 4612 me,
388 4560 444 4599 non
464 4559 510 4598 ma
524 4543 720 4599 tantummodo
740 4543 926 4612 contristavit,
1003 4543 1047 4600 tl.
1071 4546 1164 4599 Titum
1177 4545 1306 4612 fratrem.
1327 4542 1407 4598 Titus
1419 4542 1473 4599 ista
1485 4542 1625 4614 interpres
1637 4543 1766 4616 Apostoli

122 4635 172 4689 aad
187 4649 242 4688 vos
254 4650 288 4688 ex
301 4638 391 4704 parte,
407 4632 499 4700 idest,
517 4633 653 4703 quosdam
668 4649 702 4688 ex
714 4632 803 4700 vobis,
824 4639 858 4689 ut
871 4649 959 4744 nonB
969 4638 1039 4702 erat,
1056 4633 1200 4688 ethorum
1214 4632 1311 4704 lingua
1328 4632 1486 4704 expressius
1499 4631 1667 4705 loquebatur
1679 4648 1765 4706 quam

123 4737 246 4778 onerem
257 4739 305 4777 vos
318 4738 425 4790 omnes,
442 4727 471 4776 et
485 4721 549 4776 ideo
562 4721 624 4777 dico
635 4739 683 4776 vos
694 4737 727 4778 ex
737 4727 817 4795 parte
827 4722 928 4778 coutri-
968 4722 1128 4794 Apostolus.

122 4817 229 4877 statos,
254 4815 288 4866 ut
308 4827 380 4867 onus
399 4810 523 4866 tristitia
543 4827 600 4867 non
622 4811 766 4883 imponam
786 4810 925 4876 omnibus,
1007 4811 1049 4869 12.
1071 4813 1132 4867 Vale
1146 4812 1249 4880 samem
1265 4812 1312 4877 eis,
1328 4814 1382 4870 etc.
1400 4810 1443 4868 Ad
1463 4811 1603 4883 hocquod
1617 4811 1687 4868 dixit
1700 4827 1766 4884 par·

124 4917 182 4956 non
195 4900 275 4956 enim
289 4916 396 4970 omncs,
408 4900 551 4972 justitiam
565 4899 673 4956 sincere
685 4899 810 4972 diligitis.
833 4901 930 4956 Potest
969 4915 1035 4954 cens
1049 4897 1126 4954 vobis
1139 4915 1197 4954 non
1212 4898 1275 4954 veni
1290 4899 1466 4962 Corinthum,
1479 4899 1528 4955 aed
1542 4899 1604 4956 veni
1616 4901 1764 4969 Roaiam,

124 4990 210 5046 etita
228 4989 356 5062 intelligi,
371 5006 430 5048 non
443 5005 490 5046 me
504 4989 681 5044 contristavit
696 5006 729 5044 ex
743 4995 813 5058 tato,
828 4989 878 5046 sed
892 5007 929 5044 ex
970 4986 1018 5042 ubi
1042 5004 1088 5043 me
1111 4987 1231 5043 libenter
1249 4987 1411 5056 audiebant,
1433 4988 1486 5044 hoc
1506 4993 1550 5044 est
1572 4989 1677 5046 nahum
1697 4989 1767 5046 mihi

125 5085 221 5151 parte.
970 5081 1100 5149 apertum
1112 5081 1172 5149 εει,
1188 5076 1265 5132 etsie
1278 5078 1409 5134 hortatur
1422 5081 1455 5133 ut
1466 5083 1495 5134 ει
1508 5078 1556 5134 isti
1566 5079 1687 5135 libenter
1697 5078 1768 5134 acci·

160 5169 192 5226 5.
207 5169 297 5237 Napis
312 5169 430 5230 donetis,
446 5172 499 5222 etc.
517 5167 591 5223 Satis
604 5167 802 5240 comprobatur
815 5173 929 5240 aposto-
969 5167 1058 5239 piant,
1072 5171 1220 5238 postquam
1234 5167 1287 5222 hoc
1300 5166 1335 5222 dc
1348 5167 1405 5223 illis
1418 5166 1579 5224 audierunt.

126 5257 187 5312 lam
216 5273 274 5313 non
298 5257 460 5312 contristari
491 5273 542 5328 pro
566 5256 744 5324 fornicatore,
766 5255 814 5328 qui
840 5255 930 5329 patris
1008 5255 1050 5312 13.
1082 5256 1206 5311 manos.
1242 5255 1356 5310 Odorem
1389 5258 1503 5312 notitia.
1537 5253 1768 5312 Pradicationem

127 5362 248 5402 uxorem
265 5346 394 5414 duxerat,
415 5362 450 5402 ex
463 5345 515 5402 hoc
530 5345 605 5417 quod
622 5346 706 5402 modo
725 5344 880 5417 subjungit,
898 5349 930 5401 ut
971 5344 1085 5410 Christi,
1101 5343 1164 5399 ideo
1178 5343 1247 5399 dicit
1261 5345 1385 5410 odorem,
1401 5344 1469 5415 quia
1485 5344 1558 5399 sicut
1570 5359 1616 5398 res
1627 5343 1767 5416 quaedam,

127 5435 283 5508 recipiatur
296 5441 326 5490 et
338 5434 508 5492 consoletur,
970 5450 1034 5490 cum
1049 5449 1106 5488 non
1125 5433 1282 5500 videantur,
1300 5448 1352 5505 per
1364 5433 1479 5488 odorem
1496 5437 1712 5503 cognoscuntur,
1727 5433 1769 5490 ita

162 5525 191 5580 b.
215 5526 336 5582 mans.
365 5525 404 5580 Ne
428 5526 499 5594 [orte
524 5525 739 5592 abundantiore,
765 5524 794 5580 id
818 5528 870 5592 cst,
894 5539 929 5579 ne
970 5522 1117 5578 invisibilis
1131 5522 1206 5578 Deus
1219 5521 1507 5594 perprmdicationem
1521 5521 1627 5578 Christi
1640 5523 1770 5580 sevoluit

126 5613 284 5686 caparam
296 5614 333 5670 de
346 5631 388 5682 se,
402 5613 485 5670 daret
497 5613 624 5672 animum
636 5613 671 5669 sd
685 5613 824 5672 muudum
837 5613 930 5670 huam
969 5610 1098 5684 intelligi.
