3882 6172
251 263 305 334 623
742 271 775 327 D.
796 267 1003 330 LANFBANGI
1022 263 1203 328 Canauna.
1223 266 1392 326 necuter.
1814 274 1859 334 til

250 415 309 456 non
322 399 417 456 licere.
431 417 443 450 ι
457 396 612 463 Quaeaierat
624 411 710 467 super
723 395 776 450 hae
791 412 822 450 re
835 395 982 452 consilium
996 397 1174 464 (lo-Ascrae,
1195 392 1403 448 mortificationi
1419 392 1521 457 carnis,
1544 393 1703 460 humilitati,
1724 395 1824 464 vilitati,
1838 403 1862 454 ot

251 489 348 560 quitur
361 489 452 560 Hugol
468 486 555 542 abbas
565 486 731 557 Rodulpbus
740 503 758 540 a
767 486 981 558 quampluribus
993 505 1000 555 ;
1017 491 1044 541 et
1085 481 1258 538 castimoniae
1267 481 1392 552 invigila,
1406 480 1548 536 lucrandis
1562 481 1860 554 animabusoperamda,

250 577 423 634 Lanfrancus
449 575 666 631 cantuariorum
695 573 919 647 archiepiscopus
944 575 1001 630 tale
1022 575 1047 630 ei
1087 576 1120 626 ut
1134 587 1197 626 curn
1212 571 1257 625 his
1272 575 1375 625 etcum
1388 570 1451 624 aliis
1465 569 1753 626 donorisbeatitudine
1765 578 1862 629 etcum

250 681 415 736 responsum
428 665 599 728 reddiderat,
612 661 735 718 scribens
747 663 783 716 ad
797 679 861 717 curn
873 663 902 716 in
914 663 972 718 haec
986 680 1046 718 ver·
1087 658 1277 728 jocunditatis.
1291 657 1349 712 rEt
1363 663 1426 730 post
1440 658 1509 712 alia:
1524 660 1628 713 «Anno
1642 657 1676 713 ab
1690 658 1862 718 incarnatione

250 753 310 808 ba:
331 753 468 808 »Deinde
482 753 630 825 epistolam
645 752 718 806 hanc
730 750 764 806 60
779 751 938 806 conscribit.
1088 747 1200 802 Domini
1223 744 1296 803 0000
1321 746 1510 802 Theodericus
1533 747 1715 804 virdunensis
1734 763 1761 802 rr
1781 751 1862 806 Nonas

284 843 424 912 flodutpbo
446 843 548 896 abbati.
565 841 652 911 Cujus
676 857 720 895 res
741 849 835 910 gestam
857 839 917 895 fuse
935 841 1047 912 lateque
1088 835 1154 890 Maii
1167 834 1314 890 defunctus
1337 839 1408 898 erat,
1428 835 1476 908 qui
1499 841 1595 891 tamen
1616 836 1645 890 in
1662 837 1815 894 infirmitate
1833 841 1862 894 de

248 931 429 1004 persequitur
442 931 524 1000 llugo
538 929 586 984 ubi
601 944 695 1000 supra.
710 927 790 983 Unde
804 928 871 992 hac,
885 933 916 983 ut
931 928 973 982 vir
986 935 1047 984 tan·
1087 923 1464 991 comanunionewitbortiat
1473 925 1508 979 de
1522 925 1683 996 expulsione
1692 925 1801 980 fratrum
1815 945 1863 998 po·

248 1025 295 1076 tus
302 1019 488 1092 aliquousque
495 1019 525 1072 in
539 1019 630 1072 lucem
641 1016 767 1088 prodeat,
779 1016 929 1088 descripsi:
939 1035 953 1070 c
964 1020 1044 1073 Anno
1086 1012 1233 1068 nitentium
1249 1013 1317 1084 egit,
1333 1013 1443 1085 culpant
1466 1014 1606 1084 professus
1620 1019 1673 1080 est,
1687 1019 1716 1068 et
1728 1031 1744 1069 a
1758 1015 1862 1086 quodam

245 1105 617 1172 Domini1075,Grimoldus
630 1104 770 1160 abbatiam
780 1105 888 1160 dimisit
901 1105 946 1161 die
955 1107 1045 1162 sancti
1085 1101 1171 1156 fratre
1190 1101 1315 1156 Gerardo
1336 1102 1460 1168 nomine,
1477 1106 1570 1168 tw
1586 1102 1727 1174 quonlam
1736 1104 1861 1168 canonico,

245 1195 368 1254 Nicolai.
395 1194 560 1265 Rodulphus
579 1193 733 1260 successit;
760 1193 900 1248 ordinatio
919 1195 980 1264 ejus
999 1195 1044 1250 die
1085 1195 1114 1245 et
1133 1189 1328 1245 archidiacono
1342 1190 1528 1245 Virdunensis
1547 1190 1687 1252 Ecclesiae,
1706 1195 1768 1246 tunc
1781 1199 1862 1247 autem

246 1283 336 1339 sancti
347 1281 463 1338 Urbani.
478 1301 489 1332 a
502 1282 537 1336 Et
545 1281 580 1336 ad
592 1297 658 1336 ann.
676 1279 1044 1338 loiu:‹13eataemem0riae
1085 1278 1223 1332 monacho
1239 1277 1333 1333 Sancti
1344 1277 1450 1340 Vitoni,
1460 1294 1544 1349 quem
1559 1279 1723 1350 Rodulphus
1735 1279 1812 1334 abbas
1824 1281 1863 1352 pia

245 1373 330 1427 Pater
342 1371 508 1442 Rodulphus
521 1369 621 1425 tertius
635 1375 700 1440 post
713 1387 778 1424 eum
795 1372 931 1424 lsauctum
946 1370 1044 1426 Ricar-
1085 1366 1273 1422 sollicitudine
1283 1383 1333 1438 pro
1346 1366 1398 1420 hoc
1413 1366 1461 1420 illo
1475 1367 1600 1432 miserat,
1612 1373 1745 1439 praecepto
1754 1368 1863 1439 ejusden

244 1460 322 1522 dumi
337 1475 480 1516 successor
500 1459 529 1512 in
543 1457 681 1527 regimine
700 1457 838 1521 Ecclesiae,
856 1462 893 1522 et,
909 1463 941 1512 ut
953 1457 1044 1513 credi·
1084 1455 1203 1520 abbatis,
1221 1455 1269 1526 qui
1282 1461 1449 1526 potestatem
1473 1455 1633 1512 absolvendi
1652 1473 1700 1511 eos
1721 1458 1766 1529 qui
1780 1458 1811 1512 ab
1823 1475 1862 1512 ex-

242 1565 317 1615 mus,
336 1547 520 1603 haereditariae
539 1545 696 1600 sanctitatis
710 1561 863 1616 possessor,
880 1561 954 1600 nuno
970 1546 1043 1601 felici
1084 1543 1338 1598 communicatione
1356 1543 1495 1610 redibant,
1511 1543 1546 1598 ab
1567 1545 1717 1615 apostolica
1729 1545 1789 1600 sede
1801 1544 1861 1600 obti-

241 1635 341 1692 beatiss
351 1651 474 1702 excessu,
483 1633 531 1690 ubi
540 1635 632 1690 locum
642 1633 736 1705 ipsum
745 1634 1040 1707 regendumsuscepit,
1084 1637 1194 1698 aruerat,
1215 1631 1360 1686 absolutus
1378 1636 1429 1686 est.
1456 1633 1494 1686 Ex
1518 1638 1586 1686 tunc
1609 1631 1696 1688 abbas
1718 1633 1862 1704 Rodulphus

242 1731 271 1780 ct
285 1725 397 1780 audiret
410 1740 428 1779 a
442 1721 627 1779 referentibus
641 1722 730 1777 multa
744 1722 779 1776 de
789 1739 822 1776 eo
836 1723 927 1776 relatu
940 1723 1037 1794 digna.
1050 1705 1147 1775 Bcurn
1166 1719 1300 1775 fratribus
1322 1737 1354 1776 ac
1364 1719 1521 1775 coenobiurn
1540 1720 1594 1775 sibi
1608 1722 1781 1776 commissum
1795 1739 1862 1776 rero·

241 1814 476 1886 llideretquoque
486 1811 648 1867 unanimem
656 1826 723 1882 erga
732 1810 838 1865 cultum
848 1811 1042 1866 memorialem
1084 1815 1163 1864 catus
1176 1815 1228 1876 est,
1237 1825 1300 1864 curn
1310 1813 1373 1880 post
1382 1809 1535 1865 discessum
1546 1811 1606 1880 ejus
1616 1809 1796 1865 intrassentin
1804 1811 1860 1865 illud

240 1902 302 1974 ejus
327 1901 455 1957 omnium
482 1900 669 1964 devotionem,
690 1897 904 1970 amplexabatur
928 1899 1041 1970 quidem
1083 1897 1142 1969 lupi
1153 1913 1277 1969 rapaces,
1288 1898 1349 1952 loco
1361 1914 1416 1952 non
1432 1903 1590 1969 parcentes,
1602 1904 1631 1952 et
1643 1899 1740 1963 Deum,
1750 1904 1777 1953 ot
1787 1899 1861 1953 homi·

240 1991 315 2062 quod
328 1988 442 2044 ridebat
455 1997 484 2044 et
501 1987 633 2043 audiebat
653 1987 824 2058 generaliter
837 1986 873 2040 ab
893 1987 1039 2056 omnibus;
1081 2002 1148 2040 nem
1164 2003 1220 2040 non
1244 1993 1446 2054 reverentes,a
1468 1986 1570 2058 quibus
1590 1987 1632 2041 ita
1652 1987 1744 2042 omnia
1762 1989 1861 2043 confusa

238 2077 375 2135 aestuabat
387 2094 453 2133 vero
476 2077 551 2132 intra
573 2075 707 2148 seipsum,
728 2075 753 2129 si
776 2079 862 2130 tanta
882 2075 1041 2130 sanctitatis
1081 2080 1148 2131 sunt
1158 2080 1188 2129 ct
1196 2075 1347 2140 destructa,
1357 2080 1389 2130 ut
1399 2075 1746 2132 memoriaconfusioniset
1755 2093 1862 2148 pessun-

236 2168 280 2222 vir
292 2167 341 2223 ille
364 2165 464 2223 fuisset
480 2171 513 2220 ut
535 2163 720 2230 referebatur,
745 2168 775 2218 et
795 2163 877 2234 quasi
898 2164 1040 2236 quaerebat
1081 2163 1202 2219 dationis
1217 2164 1295 2219 illius
1309 2164 1447 2236 hodieque
1462 2162 1620 2220 oblitterari
1632 2181 1687 2220 non
1702 2165 1794 2220 valeat.
1808 2184 1820 2219 r
1833 2165 1862 2220 lit

236 2255 364 2312 sollicitis
378 2261 408 2311 et
430 2253 573 2326 dispositis
593 2251 793 2323 cogitationum
809 2252 942 2318 excubiis,
958 2254 1039 2324 cujus
1081 2252 1155 2308 infra
1171 2270 1177 2306 :
1196 2271 1209 2306 a
1226 2253 1364 2308 Reversus
1378 2257 1421 2308 est
1441 2259 1536 2332 autern
1558 2255 1594 2308 ad
1620 2253 1772 2310 coenobium
1790 2270 1859 2309 suum

236 2345 332 2401 meriti
345 2345 421 2417 apud
433 2345 522 2399 Deum
536 2347 619 2398 esset.
631 2340 745 2397 Solebat
759 2345 789 2396 et
802 2341 861 2413 ipse
876 2343 912 2396 ad
925 2343 986 2412 ejus
997 2358 1039 2396 se·
1079 2357 1143 2396 curn
1156 2340 1290 2396 fratribus
1303 2340 1361 2396 suis
1374 2340 1495 2395 domnus
1509 2340 1596 2396 abbas
1615 2341 1783 2414 Rodulphus,
1798 2357 1860 2396 enno

235 2433 326 2506 pulcri
348 2434 451 2499 loourn,
469 2433 536 2505 quia
561 2435 688 2486 senserat
709 2428 748 2485 ibi
767 2429 862 2484 faciles
877 2429 1036 2485 orationum
1080 2429 1115 2484 ab
1135 2429 1330 2484 incarnatione
1349 2429 1461 2484 Domini
1487 2428 1566 2492 1092.
1588 2447 1653 2486 cum
1672 2432 1731 2502 jam
1749 2430 1860 2486 Ecclesia

233 2525 394 2594 proventus,
418 2519 586 2576 creberrime
609 2534 701 2584 orare,
723 2522 753 2572 et
774 2518 919 2573 multoties
933 2534 1037 2589 perno·
1078 2518 1265 2574 virdunensis
1293 2518 1429 2573 Richerus
1457 2519 1589 2590 praelatus
1609 2525 1683 2574 esset
1705 2520 1733 2574 in
1758 2519 1860 2574 eeclesia

233 2617 320 2666 ctare.
331 2629 343 2664 a
355 2610 462 2666 Deinde
474 2607 608 2680 prolixius
622 2604 754 2661 describit
770 2607 911 2677 quomodo
923 2607 1035 2661 Ricardi
1078 2608 1173 2664 Sancti
1188 2607 1323 2680 Stephani
1342 2607 1484 2674 Metensis,
1500 2607 1600 2662 decani
1616 2609 1726 2664 functus
1739 2608 1830 2663 officio.
1846 2625 1858 2660 s

234 2697 345 2754 abbatis
359 2697 538 2754 sanctitatem
554 2695 703 2767 Rodulpho
726 2695 890 2767 patefecerit
908 2696 1035 2767 angelus,
1077 2697 1202 2752 Tandem
1217 2697 1253 2751 ad
1267 2712 1333 2750 ann.
1350 2693 1418 2752 1009
1434 2715 1440 2750 :
1459 2714 1473 2750 a
1491 2696 1568 2752 Obiit
1580 2697 1700 2754 domnus
1713 2696 1860 2768 Rodulpbus

234 2788 316 2859 cujus
335 2793 364 2843 et
376 2787 461 2844 verba
481 2784 656 2841 haec'subdit
670 2790 813 2856 postrema
828 2802 835 2838 :
854 2805 866 2836 r
887 2785 929 2841 'l'u
942 2785 1038 2857 itaquo
1078 2785 1167 2841 vllal.
1182 2784 1296 2857 Aprilis.
1311 2803 1325 2837 a

235 2875 281 2931 his
293 2877 329 2932 de
342 2875 425 2932 beato
437 2876 497 2931 viro
508 2873 624 2945 agnitis,
641 2873 714 2928 viam
725 2890 810 2945 quam
823 2873 930 2945 coepisti
945 2889 980 2929 ne
993 2874 1040 2928 de·
1289 2871 1349 2929 Soli
1361 2876 1414 2930 Deo
1428 2875 1516 2930 bonor
1530 2880 1554 2930 ot
1571 2878 1673 2944 gloria.

255 3044 1862 3084 ἐκώ-ΜΨ

678 3192 966 3289 Patricole
1010 3193 1324 3288 OllA'llululS

238 3374 351 3453 QUAM
371 3378 411 3440 IN
435 3371 615 3439 concillo
636 3375 672 3435 A.
697 3374 730 3435 0.
756 3376 834 3435 1070
856 3373 1088 3435 culusitano
1110 3375 1260 3438 HABUlT
1278 3375 1313 3436 B.
1337 3375 1610 3446 LANFRANCUS,
1634 3377 1683 3436 DE
1704 3367 1862 3437 PRlAlATU

430 3454 746 3518 CANTUARIDNSIS
768 3454 979 3530 DCGLESlAE,
1004 3451 1164 3516 CONTRA
1184 3454 1356 3516 'PHOMAM
1377 3456 1678 3520 euuuauensull.

538 3608 593 3672 Ea
609 3607 765 3673 Gue'llelmi
775 3609 971 3674 Molrnosbar.
990 3610 1041 3675 bb.
1058 3629 1069 3673 1
1083 3611 1128 3673 De
1144 3612 1222 3675 Gest.
1237 3612 1352 3694 ponte's.
1369 3613 1551 3694 Aaqlorum.

275 3853 478 3926 ”Sopinio
488 3857 532 3908 est
542 3850 667 3908 veritatis
677 3867 840 3924 egenaque
850 3851 949 3907 niteris
958 3857 990 3907 ut
1001 3851 1070 3914 ‹li-c
1082 3853 1239 3924 Anglorum
1254 3853 1381 3910 Ecclesia
1401 3852 1437 3908 ab
1460 3870 1493 3910 eo
1508 3854 1570 3910 loco
1587 3860 1751 3913 mutuentur
1769 3847 1862 3908 vivendi

240 3943 381 4000 catursoli
389 3940 713 4014 Augustinoconcessum
723 3939 827 3996 habere
836 3941 1039 4012 subjectionem
1080 3941 1275 4013 disciplinam,
1300 3958 1318 3997 a
1340 3943 1420 4014 cujus
1443 3942 1540 4000 fomite
1565 3950 1723 4017 rapuerunt
1747 3938 1861 3998 credendi

241 4032 369 4089 omnium
387 4030 581 4102 episcoporum
604 4027 769 4093 Britannias,
789 4033 818 4084 et
836 4045 933 4084 eorum
953 4029 1039 4084 etiam
1080 4031 1235 4085 flammam.
1247 4031 1316 4095 Quis
1329 4031 1405 4087 enim
1418 4027 1862 4105 nescietquodaflantiamanasit

241 4121 290 4192 qui
315 4124 410 4176 essent
428 4117 550 4175 ordinati
568 4133 619 4188 per
637 4117 799 4188 episcopum
820 4115 1038 4173 Eboracensem.
1081 4117 1185 4174 Christi
1195 4119 1347 4175 credulitas
1360 4120 1390 4175 in
1403 4120 1559 4178 Eboracum
1569 4122 1636 4178 etin
1650 4116 1860 4189 caaraAnglie

240 4209 317 4264 Exile
338 4213 368 4263 et
391 4206 505 4262 omnino
530 4211 682 4277 angustum
704 4205 734 4260 id
753 4209 829 4260 essct
848 4221 950 4261 munus
966 4205 1041 4277 quod
1080 4207 1237 4262 Ecclesias?

240 4295 373 4351 familiari
392 4292 428 4349 ab
448 4294 516 4349 olim
536 4309 596 4360 suo,
612 4308 683 4349 novo
699 4292 804 4364 Anglo,
825 4293 867 4348 vir
889 4292 1041 4364 largiretur
1116 4296 1203 4351 Porro
1218 4295 1293 4368 quod
1307 4295 1376 4353 dieis
1391 4298 1517 4370 potuisse
1530 4297 1646 4358 beatum
1661 4296 1825 4370 Gregorium,
1839 4289 1860 4346 si

242 4383 428 4456 apostolicus;
444 4381 600 4454 prasertim
621 4397 685 4436 curn
698 4381 759 4436 rivo
773 4381 931 4453 Augustino
945 4381 1040 4437 nullus
1081 4381 1223 4450 voluisset,
1239 4385 1446 4441 successoribus
1459 4387 1611 4458 Augustini
1625 4387 1786 4444 confirmare
1798 4381 1860 4436 dioto

241 4470 427 4528 Eboracensis
449 4469 573 4541 pontifex
586 4469 731 4525 ordinaret
749 4487 819 4542 quos
838 4469 979 4540 subjectos
992 4470 1041 4524 ha·
1080 4472 1155 4544 quod
1165 4480 1341 4529 concesserat
1349 4475 1517 4546 Augustino,
1530 4491 1626 4531 rerum
1637 4476 1747 4532 omnino
1757 4477 1804 4536 est,
1817 4483 1861 4524 nec

241 4560 322 4615 beret
345 4557 527 4628 Augustinus,
548 4558 597 4612 sed
624 4574 678 4613 nec
700 4557 802 4629 aliquis
827 4556 876 4612 ubi
903 4558 1041 4613 exstiterit
1081 4566 1173 4633 potest
1185 4561 1299 4633 ambigi.
1316 4563 1371 4618 Sed
1392 4563 1476 4634 quod,
1494 4579 1598 4635 quaeso,
1613 4562 1798 4636 prejudicium
1816 4558 1861 4612 hoc

241 4645 1039 4720 episcopus:beatussiquidemPauliuusprimusejusdem
1080 4649 1276 4706 cantuariensi
1284 4651 1344 4706 sedi
1353 4652 1580 4707 alferthsimili
1588 4668 1702 4708 causam
1709 4661 1858 4724 proponam·

242 4736 320 4792 urbis
333 4736 446 4808 praesul,
463 4751 520 4790 non
534 4740 661 4806 tempore
677 4734 839 4806 Augustini,
851 4734 900 4790 sed
912 4740 1039 4807 tempore
1079 4738 1151 4793 Nam
1175 4739 1286 4811 quando
1314 4739 1450 4796 Dominus
1473 4747 1501 4796 et
1524 4741 1654 4797 Salvator
1678 4745 1770 4796 noster
1790 4737 1859 4791 lesus

241 4823 325 4889 lusti,
341 4823 389 4895 qui
405 4828 523 4894 quartus
536 4822 590 4877 fuit
605 4821 712 4878 (lantiae
725 4822 858 4893 pontifex,
878 4823 945 4878 illuc
963 4823 1039 4879 dire·
1079 4824 1208 4881 Christus
1226 4826 1297 4882 dixit
1313 4825 1396 4883 beato
1412 4828 1515 4884 Petm:
1534 4831 1574 4885 Tu
1586 4846 1613 4884 es
1629 4832 1733 4895 Petrus,
1754 4831 1776 4881 et
1789 4834 1859 4892 super

241 4911 1039 4985 ctusest.Nesoiente1nGestaAnglorumdocebuntquod
1080 4913 1152 4968 laone
1163 4920 1272 4984 petram
1281 4917 1418 4983 edificabo
1428 4917 1577 4972 Ecclesiam
1592 4909 1859 4984 mamentianos

241 5001 313 5058 dico.
325 5003 385 5056 Hoc
393 4999 584 5070 intelligentes
598 4998 781 5054 sanctissimae
791 5000 867 5055 sedis
880 5001 1040 5071 apostolica
1079 5003 1166 5057 claues
1190 5005 1272 5072 repat
1295 5008 1425 5059 catorum
1447 5006 1553 5072 (Mattio.
1581 5019 1638 5071 xri,
1660 5001 1717 5076 48),
1737 4999 1861 5074 potuisset

240 5091 374 5164 presules
386 5087 588 5158 subjectionem
596 5087 723 5142 omnium
731 5088 924 5160 episcoporum
931 5090 1039 5161 Angliae
1079 5089 1210 5160 adjicere,
1222 5090 1246 5146 si
1258 5092 1403 5148 uoluisset:
1418 5093 1554 5150 Eamdem
1567 5098 1860 5166 potestatemsaoccsso

239 5176 1157 5266 successoribusAugustiniconfirmarunt,sicutprivilegiaDribus
1175 5179 1232 5236 tuis
1246 5181 1387 5250 conced03
1403 5199 1502 5238 rerum
1517 5182 1584 5238 dicti
1596 5179 1788 5254 praetermissio
1798 5172 1858 5232 nihil

240 5269 358 5325 recitata
369 5271 520 5321 testantur.
532 5265 744 5337 Gregorianam,
764 5271 797 5322 ut
810 5266 917 5332 dicunt,
933 5268 1038 5323 consti-
1078 5269 1241 5325 reverentia
1265 5270 1409 5326 imminuit
1435 5269 1642 5327 successoribus
1667 5268 1751 5326 Petri.
1779 5263 1859 5322 lbisna

239 5356 380 5412 tutionem
394 5351 486 5408 verbis
501 5357 634 5408 ornantes
652 5351 844 5424 amplissimis,
866 5359 896 5409 et
909 5354 1039 5410 libertate
1078 5356 1122 5412 his
1137 5356 1229 5413 verbis
1245 5358 1376 5414 obviam?
1395 5359 1546 5416 Referesna
1568 5358 1704 5416 adversa?
1726 5355 1858 5414 Enimvero

239 5445 373 5499 munifica
391 5445 593 5512 prosequentes
608 5439 735 5510 eiusdem
749 5441 824 5496 sedis
837 5442 947 5510 arbitri,
963 5445 1038 5514 ejus·
1078 5445 1205 5502 omnium
1219 5447 1444 5504 Christianorum
1457 5447 1634 5505 conscientiis
1647 5451 1690 5504 est
1708 5444 1820 5502 inditum
1830 5441 1859 5492 ul

239 5533 303 5588 dem
313 5529 460 5588 sermatiae
469 5527 591 5601 patroni,
599 5545 767 5602 aequumque
776 5536 891 5586 censent
900 5535 933 5588 ut
941 5541 1039 5589 omnes
1079 5533 1263 5593 nihilominus
1277 5551 1362 5609 quam
1383 5535 1465 5594 beato
1479 5537 1575 5608 Petro,
1591 5533 1788 5596 successoribus
1804 5529 1858 5600 ejus
