3986 6184
138 304 176 362 25
688 304 784 360 VITA.
806 333 839 346 -
858 303 1010 362 GESERV.
1032 303 1197 361 PRAEVIAE.
1747 291 1783 351 ‘26

139 429 181 484 De
195 429 374 502 pontificibus
384 431 551 502 Anglerum,
562 426 611 483 ubi
622 427 657 484 da
667 429 856 485 coutrnvsrsia
869 429 1146 490 interAWiilelmus
1160 429 1425 499 Malrnesburiansis,
1441 427 1512 486 libre
1527 445 1536 484 r
1549 427 1591 482 De
1608 421 1695 497 gestis
1713 435 1784 493 pon·

139 517 233 590 ipsum
249 519 436 575 mensurum
451 519 626 574 et'l'homam
643 518 947 576 Eboraocnsemarchi·
988 518 1097 573 tilicum
1112 519 1278 589 Auglerum,
1294 520 1341 575 ubi
1356 521 1391 576 de
1414 519 1569 575 Lanfraneo
1584 514 1623 570 sic
1635 510 1781 582 loquitur:

142 607 304 680 episcopum
318 612 416 662 exorta
430 623 526 678 agens,
537 623 596 660 rem
609 623 670 661 esse
680 623 712 661 ex
725 607 948 662 Lanfraneiscri·
990 606 1188 662 eLitteratura
1202 607 1371 682 perinsignis
1381 608 1510 664 liberales
1533 611 1616 668 artes,
1634 617 1696 674 qum
1707 600 1784 670 jarn-

139 695 199 766 ptis
207 697 393 768 repetendam
422 697 466 750 his
489 695 580 750 verbis
600 700 719 750 menet:
738 714 752 746 e
768 697 830 768 lpse
845 696 947 752 melius
988 695 1093 751 dudum
1104 698 1281 766 sorduerant,
1295 715 1311 753 e
1323 697 1402 754 Latio
1411 698 1441 752 in
1450 695 1555 752 Gallias
1562 707 1663 748 vocaus
1677 685 1784 744 acumi-

139 783 248 854 scripto
261 803 315 840 suo
328 784 484 840 insinuabit
511 784 585 856 qued
601 784 637 837 de
651 783 828 840 ordinatione
840 801 901 853 sua,
918 790 948 841 et
986 801 1022 840 ne
1036 801 1087 840 sno
1102 786 1233 858 expolivit
1305 787 1396 842 Exivit
1410 785 1485 841 lama
1499 786 1560 856 ejus
1581 777 1784 836 remotissimas

140 874 334 928 controversia
348 874 423 929 inter
436 878 504 928 seat
514 873 718 928 Eboracensern
728 873 946 928 Thomamcom-
986 873 1147 928 Latinitatis
1156 875 1263 947 plagas,
1279 881 1396 947 eratque
1413 877 1531 930 Beccum
1546 885 1681 942 magnum
1696 871 1725 922 et
1742 865 1784 920 ia·

137 967 220 1014 mota
234 967 263 1016 ct
278 963 385 1027 sedata,
396 962 436 1016 ita
450 963 563 1034 scripsit
577 980 583 1015 :
600 960 840 1018 AnnoDominicae
853 963 946 1018 Incar·
986 979 1096 1018 mosum
1109 964 1274 1019 litteraturae
1288 965 1477 1038 gymnasium.
1495 981 1508 1016 r
1524 963 1601 1017 Inter
1618 955 1784 1014 celebriores

135 1049 264 1104 nationis
290 1048 359 1106 1070
385 1051 510 1111 intravit,
527 1069 540 1103 r
556 1055 610 1108 ete.
627 1052 713 1108 Porro
744 1054 818 1109 inter
845 1057 947 1108 caetera
987 1051 1134 1107 lanfranci
1164 1053 1316 1125 discipulos
1347 1057 1528 1108 recensentur
1560 1047 1717 1104 Alexander
1745 1044 1781 1108 11,

135 1138 297 1209 ejesepera
307 1139 462 1210 principem
472 1140 563 1195 locum
571 1140 944 1212 sacileobtinetliberquem‚
986 1157 1114 1196 summus
1143 1142 1277 1213 pontifex,
1295 1141 1483 1198 Guilmundus
1505 1140 1662 1194 Aversanus
1688 1137 1786 1205 postea

138 1242 206 1280 cum
222 1228 316 1283 adhuc
328 1229 408 1300 prior
420 1233 495 1284 essct
506 1229 595 1290 Becci,
614 1249 627 1280 a
644 1231 684 1285 De
706 1247 822 1302 corpore
836 1235 865 1285 et
879 1246 946 1284 san·
986 1229 1220 1303 archiepiscopus,
1253 1231 1419 1287 Guillelmus
1446 1224 1690 1297 Rothomagensis,
1712 1223 1785 1278 ller-

136 1315 227 1384 guine
239 1317 353 1372 Domini
369 1337 383 1370 a
398 1317 487 1372 edidit
499 1318 632 1374 adversus
646 1319 848 1390 Berengarium
860 1320 947 1374 haere·
986 1325 1084 1373 nostes
1100 1325 1130 1373 et
1148 1320 1307 1374 (lundulfus
1321 1319 1444 1391 episcopi
1462 1318 1615 1380 lipsienses,
1625 1313 1709 1368 Falco
1723 1310 1785 1365 Bel-

136 1404 292 1458 siarcbam.
311 1405 392 1461 Hunc
406 1406 586 1477 quidemjam
601 1409 688 1463 semel
698 1415 727 1464 et
740 1409 843 1463 iterum
854 1408 946 1462 verbis
986 1408 1120 1474 sacensis,
1133 1409 1179 1463 lvo
1190 1409 1379 1476 carnotensis,
1396 1414 1428 1464 ut
1437 1408 1518 1462 testis
1528 1410 1572 1460 est
1592 1401 1731 1458 Ronanus
1749 1398 1785 1452 de

137 1493 350 1562 confutaverat,
363 1496 487 1566 primurn
511 1496 617 1550 seilicet
630 1497 659 1552 iu
687 1497 814 1552 Romana
838 1497 945 1568 synodo
986 1496 1090 1562 Monte,
1106 1497 1210 1569 aliique
1220 1515 1305 1570 quarn
1317 1496 1441 1570 plurimi,
1458 1495 1506 1567 qui
1521 1495 1555 1548 ad
1579 1491 1682 1547 insulas
1694 1486 1785 1542 varia-

136 1587 280 1651 prrasente
296 1599 408 1638 summo
422 1585 554 1655 pontifice
574 1585 678 1652 Leone,
695 1591 724 1640 et
738 1585 842 1641 iterum
858 1586 887 1640 in
902 1585 945 1640 al·
986 1601 1048 1639 rum
1061 1585 1247 1640 Ecclesiarum
1261 1587 1335 1658 rapti
1350 1591 1425 1641 sunt.
1451 1585 1570 1639 Sanetus
1597 1595 1662 1634 vero
1683 1573 1784 1631 Anaei-

136 1677 198 1724 tera
213 1672 325 1742 muodo
339 1687 406 1726 carn
422 1672 626 1744 episcoporum,
651 1690 746 1729 coram
774 1675 891 1729 Nicolao
905 1675 942 1740 II,
985 1689 1048 1728 mus
1061 1673 1101 1730 ita
1126 1675 1277 1730 Lanfranci
1297 1674 1483 1730 eruditionem
1499 1667 1678 1741 suspiciebat,
1698 1669 1731 1719 ut
1748 1663 1782 1718 ad

137 1762 187 1816 ubi
201 1763 403 1835 berengarius,
426 1765 557 1835 abiurata
584 1765 694 1832 heresi,
718 1766 861 1821 catholica
879 1765 946 1820 ndei
956 1745 1078 1816 Beum«
1094 1764 1283 1834 Monologium
1302 1783 1313 1816 v
1330 1761 1507 1818 aseeditum
1520 1753 1712 1812 transmiserit
1724 1753 1785 1822 ejus

137 1851 293 1906 formulam
309 1853 403 1923 palam
418 1853 534 1923 legerat,
550 1858 579 1909 ct
592 1855 619 1907 ei
633 1870 694 1908 sese
706 1854 816 1909 sincero
838 1854 944 1920 anime,
987 1867 1110 1906 censurae
1124 1851 1337 1930 subjiciendum,
1349 1851 1406 1904 imo
1416 1856 1444 1904 et
1457 1849 1645 1903 Lanlrancum
1655 1843 1785 1914 precatus

139 1939 268 1994 adhibite
280 1941 368 1995 etiarn
377 1942 574 2012 J'ureJ'urando,
586 1943 730 1998 adherere
740 1943 881 2014 professus
889 1943 947 1998 lue·
986 1944 1038 2004 ast,
1048 1941 1402 2011 utquemcunquetitulum
1412 1937 1556 1993 meliorem
1560 1932 1710 2004 judicaret,
1720 1926 1785 1982 huic

140 2034 196 2091 rat,
209 2029 291 2084 libris
307 2029 366 2084 suis
379 2030 409 2084 in
432 2030 528 2100 ignem
554 2031 685 2102 projectis
708 2047 801 2086 coram
815 2031 946 2086 universa
987 2026 1058 2082 libro
1072 2027 1239 2098 imponeret.
1259 2048 1269 2078 v
1290 2029 1357 2091 Hoc,
1381 2022 1502 2096 »inquit
1514 2021 1674 2080 Anselmus,
1694 2015 1741 2070 lib.
1762 2027 1782 2078 r,

137 2117 266 2188 synede;
282 2118 445 2189 paulopost
458 2119 597 2174 mmenad
610 2119 745 2174 vomitum
758 2136 840 2176 suum
855 2135 946 2174 rever·
987 2115 1068 2187 epist.
1086 2115 1130 2176 63,
1148 2133 1161 2170 c
1177 2117 1241 2171 cum
1254 2113 1469 2186 importunitate
1483 2107 1604 2166 svestra
1618 2103 1785 2162 auctoritate

137 2221 196 2269 ses,
210 2225 224 2256 ι
239 2206 409 2277 pravitatem
424 2223 515 2269 suam,
533 2207 654 2278 »inquit
667 2208 946 2274 Lanfrancus,·clen·
986 2221 1043 2260 nen
1057 2205 1184 2260 desinam
1197 2204 1318 2274 exigere,
1334 2205 1474 2274 quatenus
1489 2199 1524 2254 de
1543 2197 1642 2252 eodem
1669 2207 1786 2265 opuscu-

136 2293 257 2349 destinia
271 2295 513 2365 disputationibus
525 2297 599 2367 apud
615 2297 761 2368 imperitos
776 2297 851 2352 tueri
869 2316 882 2350 n
897 2313 945 2352 ce-
986 2293 1052 2351 lo...
1068 2293 1135 2365 quid
1150 2291 1327 2350 deridebant
1352 2295 1445 2346 vestra
1469 2289 1602 2343 decernat
1621 2280 1783 2338 auctoritas.

136 2381 270 2438 nabetur.
288 2383 343 2438 Sed
355 2384 384 2438 id
392 2384 507 2456 impune
517 2401 573 2440 non
583 2385 663 2454 tulit;
679 2401 746 2440 nam
761 2386 943 2451 Lanfraneus‚
985 2381 1109 2437 Titulum
1120 2387 1215 2437 autam
1229 2381 1339 2438 nullum
1363 2379 1406 2434 illi
1428 2375 1576 2451 preposui,
1593 2373 1696 2446 quippe
1710 2369 1785 2441 quod

137 2477 171 2526 ut
184 2476 310 2527 testatam
325 2472 475 2535 Beronius,
486 2474 522 2528 ad
533 2489 639 2530 annum
667 2473 745 2541 1059,
758 2473 830 2529 libro
844 2475 944 2530 advar-
985 2486 1164 2542 nequaquam
1176 2469 1248 2526 taen
1272 2467 1428 2526 emsnmavi
1449 2471 1482 2523 ut
1508 2463 1578 2520 illud
1601 2478 1652 2518 sue
1670 2461 1785 2516 nemine

136 2577 188 2615 sus
202 2576 269 2615 eum
284 2577 318 2614 ac
332 2562 394 2632 ejus
412 2577 523 2617 errores
547 2563 633 2628 edito,
652 2580 665 2617 c
680 2563 840 2634 arrogantis
854 2565 944 2620 hare·
985 2560 1127 2630 dignarer.
1141 2559 1171 2615 Si
1183 2559 1272 2630 igitur
1282 2562 1374 2614 restro
1398 2555 1503 2613 sederit
1526 2550 1643 2608 arbitrio
1661 2552 1695 2604 ut
1708 2546 1783 2619 quod

137 2649 259 2704 siarrbae
267 2649 375 2704 retudit
386 2649 545 2712 audaciam,
558 2651 662 2706 refellit
684 2667 803 2712 errores,
818 2651 946 2707 dissolvit
985 2648 1084 2720 scripsi
1098 2647 1267 2721 scripserim,
1279 2664 1296 2702 a
1310 2663 1365 2718 quo
1379 2644 1494 2702 habebit
1510 2641 1683 2704 firmitatem,
1704 2635 1739 2692 ab
1753 2651 1786 2690 oc

137 2738 276 2805 fallaciae,
289 2736 480 2810 blasphemias
503 2739 658 2810 redarguit,
675 2746 840 2796 convertens
854 2757 902 2796 aas
916 2741 944 2796 in
985 2736 1089 2793 habeat
1103 2743 1278 2793 eteomen.»
1294 2735 1369 2792 Eum
1382 2750 1448 2789 vero
1462 2749 1544 2804 quem
1557 2730 1651 2784 vivum
1664 2725 1737 2782 muti
1747 2725 1786 2780 fe·

140 2833 227 2898 capet
242 2827 342 2899 ipsius,
356 2846 370 2880 r
386 2833 439 2882 etc.
455 2829 538 2883 Hunc
559 2827 663 2884 librum
684 2829 806 2884 loannes
819 2830 946 2884 Bromto·
986 2832 1072 2892 cerat,
1088 2832 1152 2898 post
1166 2831 1285 2882 mertam
1301 2825 1435 2880 adversus
1449 2820 1610 2878 haereticum
1633 2813 1786 2872 calumnia·

139 2932 195 2970 nus
209 2915 661 2972 abbaslornalensiainChronico
675 2918 946 2989 appellatrTenan·
986 2920 1075 2970 torem
1100 2915 1211 2986 egregie
1232 2912 1428 2987 propugnavit.
1455 2911 1527 2965 Nam
1543 2905 1716 2966 Rescelinus,
1737 2900 1785 2972 qui

139 3009 197 3058 um
218 3003 335 3071 librum,
356 3025 367 3056 v
382 3022 466 3076 quem
481 3004 517 3060 ab
538 3005 597 3078 ipso
612 3005 766 3062 lanlranco
783 3006 947 3063 «Scintilla
956 3009 1044 3082 gtres
1060 3020 1196 3076 personas
1211 3001 1394 3058 sanctissima
1402 2997 1548 3055 Trinitatis
1558 3002 1615 3050 tres
1627 3009 1671 3048 res
1681 3007 1742 3046 esse
1752 3006 1785 3045 eo

142 3108 206 3148 rum
224 3111 238 3144 a
254 3091 344 3148 fuisse
361 3092 558 3148 ‹leutulatum
574 3113 588 3148 a
604 3093 711 3149 scribit.
985 3093 1069 3148 medo
1084 3092 1158 3162 quod
1175 3097 1234 3146 tres
1246 3090 1338 3161 angeli
1348 3095 1407 3144 tres
1420 3104 1465 3142 res
1487 3089 1555 3141 sunt
1576 3079 1730 3144 asserebat,
1745 3079 1786 3133 ita

178 3180 203 3235 6.
220 3182 319 3236 Tanta
328 3181 546 3236 doctrinaeiama
558 3199 609 3255 per
623 3187 714 3238 tetam
728 3184 868 3254 Europam
879 3201 945 3255 per·
985 3186 1081 3236 tamen
1095 3185 1128 3235 ut
1137 3197 1194 3235 una
1209 3184 1283 3235 esset
1297 3179 1326 3234 in
1341 3177 1385 3232 his
1407 3175 1498 3232 tribus
1512 3172 1640 3246 personis
1657 3169 1786 3224 voluntas

141 3285 245 3338 agrees
269 3268 408 3340 plurimos
423 3269 575 3341 discipulos
603 3270 759 3326 Laniranco
786 3271 944 3343 acquisivit,
985 3275 1035 3325 aut
1045 3273 1177 3342 potestas,
1194 3285 1226 3324 ee
1239 3266 1421 3340 impudentia
1439 3265 1590 3320 devenerat
1602 3265 1635 3317 ut
1647 3258 1785 3316 lanfran-

141 3357 264 3428 hiucqua
278 3359 418 3413 Beceense
438 3358 609 3426 caenobium,
625 3360 700 3430 quod
715 3360 847 3430 exiguum
861 3366 946 3416 antea
986 3375 1049 3414 cum
1060 3365 1089 3414 at
1100 3359 1264 3414 Anselmum
1278 3357 1323 3412 sui
1332 3354 1472 3426 dogmatis
1485 3353 1611 3408 fautores
1625 3365 1686 3406 esse
1704 3362 1785 3402 men·

139 3451 205 3498 erat
217 3449 246 3499 et
258 3445 305 3499 vix
320 3450 428 3509 netum,
457 3445 535 3499 brevi
554 3445 655 3518 amplis
674 3446 898 3518 possessionibus
917 3453 946 3503 at
986 3448 1097 3504 tiretur.
1108 3447 1146 3502 At
1158 3445 1282 3502 haretici
1292 3445 1449 3500 calumnias
1462 3437 1713 3498 fortiterretutevit
1725 3436 1784 3490 An·

140 3533 346 3588 memborum
357 3549 477 3588 numero
493 3533 601 3589 celebre
618 3535 714 3591 evasit.
730 3536 790 3591 Imo
804 3537 946 3592 Norman-
986 3537 1100 3602 seimus,
1116 3542 1148 3592 ut
1161 3540 1240 3608 patet
1252 3551 1285 3590 ex
1300 3535 1362 3606 ejus
1380 3532 1501 3606 epistola
1512 3530 1547 3586 ad
1557 3529 1710 3586 Falconem
1720 3525 1784 3580 Bel·

139 3621 197 3688 nia,
214 3639 276 3693 quse
297 3623 353 3678 huc
367 3639 457 3694 usque
480 3623 639 3678 litterarum
660 3639 760 3696 expers
778 3624 943 3690 habebatur,
986 3641 1133 3681 vasensem
1145 3624 1307 3697 episcopum
1331 3623 1446 3694 scripta,
1458 3637 1519 3693 quea
1537 3624 1581 3674 est
1590 3616 1654 3674 libri
1668 3612 1784 3672 secundi

139 3711 297 3766 lanfrance
312 3710 449 3782 magistro
463 3710 504 3766 ita
515 3711 632 3784 profecit
644 3718 677 3768 ut
691 3719 789 3785 postea
802 3714 870 3770 viris
879 3731 945 3770 eru-
986 3727 1043 3780 xer,
1058 3713 1106 3768 ubi
1120 3731 1184 3768 eum
1201 3717 1298 3771 monet
1312 3710 1502 3766 utLanfraeci
1517 3725 1551 3764 ac
1579 3705 1623 3762 sui
1646 3701 1785 3760 defensio·

141 3799 247 3854 ditione
257 3805 288 3855 et
305 3800 435 3854 domiina
461 3801 570 3856 eximiis
590 3800 782 3858 abundaverit.
803 3803 844 3858 Ea
861 3803 896 3857 de
915 3819 946 3859 rs
986 3819 1052 3858 nem
1061 3801 1196 3874 suscipiat
1213 3801 1243 3856 in
1258 3797 1375 3856 concilio
1390 3800 1465 3872 quod
1480 3815 1514 3855 ea
1528 3797 1563 3852 de
1575 3811 1606 3850 ra
1620 3791 1785 3850 aRainaldo

141 3889 301 3944 audiendus
310 3888 462 3944 Ordericus
474 3889 584 3966 vitalis,
593 3889 663 3945 libro
678 3905 707 3946 tv
721 3891 945 3947 Historiaeccle-
986 3892 1138 3947 Remorum
1162 3889 1371 3960 archiepiscopo
1402 3887 1528 3959 proxime
1556 3881 1784 3955 congregandum

142 3977 271 4044 siasticae,
288 3976 337 4032 ubi
350 3977 385 4032 de
400 3977 556 4034 Lanhanco
570 3979 629 4034 haec
642 3977 728 4034 habet
745 3997 751 4034 :
766 3997 779 4033 o
796 3980 944 4036 Ooenobio·
986 3985 1057 4035 erat.
1070 3981 1114 4036 Ita
1128 3979 1237 4035 vereda
1251 3977 1400 4034 Lanhaeci
1413 3975 1542 4032 doctrina
1552 3972 1677 4045 loquitur
1688 3987 1720 4023 :a
1734 3970 1786 4026 Ar·

144 4066 201 4121 lum
217 4069 358 4123 &coense
373 4066 404 4121 in
417 4067 591 4123 Normannia
604 4068 657 4123 leci
673 4068 728 4124 situ
740 4074 770 4124 et
779 4073 945 4141 paupertate
987 4068 1193 4141 chiepiscopum
1209 4067 1323 4139 quidem
1337 4066 1525 4122 henirancum
1542 4063 1600 4120 vita
1614 4063 1677 4134 ejus
1687 4057 1785 4116 multis

145 4153 238 4225 elegit,
249 4155 326 4226 quod
339 4153 490 4226 prudentia
498 4154 587 4226 ipsius
597 4154 868 4228 vigilantissimeque
878 4173 947 4212 cura
987 4157 1125 4229 religiosis
1135 4163 1163 4212 et
1177 4155 1350 4229 sapientibus
1359 4155 1425 4210 viris
1440 4159 1516 4220 nom,
1527 4151 1594 4223 quia
1608 4150 1643 4206 de
1662 4165 1694 4204 eo
1709 4163 1786 4204 nuu-

146 4243 335 4314 leerplatavit,
352 4247 382 4298 et
392 4243 421 4298 in
436 4247 543 4298 statum
556 4243 740 4315 pulcherrimi
763 4243 870 4300 ordinis
884 4262 947 4317 pre-
987 4262 1072 4317 quam
1087 4245 1193 4318 aliquid
1207 4245 1263 4300 tale
1273 4243 1377 4310 senuit,
1393 4243 1428 4298 ab
1456 4244 1509 4298 hoc
1523 4239 1639 4294 crimine
1655 4236 1723 4292 satis
1737 4252 1785 4290 ex·

146 4332 262 4388 rasit...
275 4334 382 4388 tinactu
396 4331 562 4388 obedientia
573 4332 608 4387 de
622 4332 767 4388 claustrali
776 4333 870 4405 quiete
883 4350 947 4406 pro·
987 4339 1076 4401 cusat,
1090 4354 1104 4388 r
1116 4338 1168 4388 ete.
1185 4334 1244 4388 Nec
1256 4332 1359 4388 mirum
1374 4331 1459 4387 estid
1482 4329 1637 4386 Lanirance
1653 4325 1784 4381 deitutcto

145 4424 251 4476 Mus
265 4421 402 4491 magister
416 4419 561 4493 precessit,
575 4437 631 4492 quo
643 4421 760 4477 docente
775 4385 1139 4494 philosophi-Dimpaeture
1152 4421 1239 4476 fuisse
1253 4421 1327 4492 quod
1339 4418 1393 4492 ipsi
1407 4419 1499 4475 adhuc
1508 4417 1538 4472 in
1550 4417 1618 4472 vivis
1632 4413 1726 4486 agenti
1740 4413 1781 4468 sa·

145 4525 239 4588 mmm
253 4526 288 4564 ac
302 4508 460 4564 divinarum
481 4508 640 4565 htterarum
651 4509 820 4566 bibliotheca
831 4510 944 4568 aliulsit.
986 4518 1062 4566 ctum
1077 4511 1179 4566 suerat.
1191 4508 1326 4564 Nonnulli
1339 4507 1425 4576 enim,
1441 4507 1534 4564 nescio
1549 4500 1605 4578 que
1619 4503 1721 4578 spiritu
1735 4501 1787 4558 du·

145 4597 174 4651 le
187 4603 311 4670 eumue
320 4597 407 4652 nodos
418 4597 721 4670 quaesfionumselvcre
734 4599 945 4671 potentissimus
986 4597 1032 4654 cti.
1047 4614 1111 4654 eum
1139 4598 1212 4670 apud
1227 4599 1385 4654 Romanum
1398 4596 1559 4669 pontificem
1574 4595 1783 4657 accusaverant,

143 4693 214 4741 erat.
229 4687 288 4742 lloc
302 4687 438 4758 magistro
466 4687 598 4759 primitus
625 4688 783 4744 Normanni
802 4689 943 4744 litterato·
986 4684 1602 4759 quasiBerengariierroribusfaveret.Quam
1613 4679 1783 4738 mlumniam

141 4774 212 4830 nam
228 4781 319 4830 artem
335 4776 505 4846 perscrutati
518 4781 594 4842 sunt,
615 4777 688 4832 etde
701 4777 795 4833 schola
810 4778 942 4833 Baccansi
984 4775 1063 4830 brevi
1077 4791 1134 4830 uon
1148 4776 1239 4830 solum
1261 4774 1384 4848 scriptis,
1400 4775 1450 4830 sed
1475 4772 1560 4830 etiam
1579 4771 1671 4828 verbis
1689 4785 1783 4826 ceraei

141 4863 305 4935 eloquentes
327 4863 358 4918 in
380 4862 482 4918 divinis
495 4870 524 4918 et
537 4864 717 4920 saecularibus
730 4865 861 4938 sophista
880 4883 943 4938 pre·
982 4864 1091 4918 duobus
1105 4863 1283 4934 pontificibus
1292 4868 1322 4918 et
1334 4863 1472 4918 universis
1485 4862 1610 4934 synodis,
1626 4867 1659 4916 ut
1669 4861 1729 4932 jam
1739 4857 1784 4913 di-

141 4956 295 5007 cesserunt.
305 4953 377 5007 Nam
393 4957 479 5008 antea
492 4952 545 5007 sub
560 4957 686 5026 tempore
700 4969 748 5009 sex
757 4954 860 5010 ducum
871 4955 944 5010 Neu·
983 4952 1086 5020 ximus,
1099 4951 1212 5025 penitus
1226 4969 1243 5006 a
1258 4969 1288 5006 se
1302 4951 1438 5020 removit;
1465 4951 1559 5024 sicque
1572 4971 1583 5002 ι
1599 4950 1678 5023 pravi
1692 4965 1785 5004 rume-

143 5039 230 5105 striae‚
244 5039 289 5094 vix
303 5039 377 5095 ullus
402 5039 632 5094 Normannorum
660 5040 823 5097 liberalibus
842 5041 944 5097 studiis
984 5040 1032 5108 ris,
1050 5059 1064 5094 a
1081 5047 1113 5096 ut
1126 5041 1246 5113 ipsemet
1259 5040 1383 5114 loquitur
1394 5040 1424 5096 in
1438 5040 1532 5095 libello
1542 5045 1640 5096 contra
1647 5040 1785 5111 Berenga·

142 5129 269 5193 adlraesit,
297 5145 348 5184 neo
376 5129 473 5184 doctor
496 5128 699 5196 inveniebatur,
712 5131 800 5186 denec
818 5131 945 5202 provisor
984 5129 1058 5185 rium
1083 5147 1168 5201 supra
1191 5130 1314 5196 laudato,
1332 5147 1375 5185 «a
1398 5147 1429 5185 se
1443 5131 1616 5185 macularer>
1642 5127 1784 5190 abstersit,
1855 5115 1861 5128 ⁸

141 5218 270 5272 omnium
279 5217 355 5273 Deus
362 5217 559 5273 Normannicis
567 5219 815 5275 orisLanlrancum
823 5221 942 5292 appulit.
986 5236 1000 5270 c
1016 5218 1188 5274 lidemsuem
1206 5238 1219 5273 v
1234 5219 1380 5291 exposuit;
1396 5224 1481 5290 atque
1496 5219 1569 5289 quod
1584 5217 1654 5273 dixit
1669 5235 1682 5270 a
1696 5216 1785 5272 omni-

141 5305 231 5360 Fama
242 5306 350 5378 peritiae
359 5306 435 5361 illius
444 5305 541 5361 inteta
553 5305 674 5362 ubertim
686 5308 809 5364 innotuit
821 5309 941 5380 Europa,
984 5306 1037 5362 bus
1051 5307 1168 5380 placuit,
1179 5308 1250 5363 nulli
1265 5307 1417 5380 displicuit.
1432 5327 1443 5360 v
1458 5308 1592 5379 Magnum
1608 5305 1727 5377 denique
1740 5321 1784 5359 ar·

140 5396 217 5450 unde
235 5395 272 5450 ed
303 5394 499 5466 magisterium
518 5396 579 5467 ejus
598 5396 679 5452 multi
697 5403 889 5454 convenerunt
908 5399 943 5454 de
985 5403 1153 5468 gumentum
1170 5396 1372 5453 estLaefranci
1396 5397 1539 5464 doctdnae,
1550 5394 1624 5466 quod
1637 5398 1701 5466 post
1723 5395 1785 5467 ejus

139 5483 271 5550 Francia,
287 5485 322 5540 de
336 5485 495 5550 Wasconia,
512 5485 547 5541 de
562 5485 718 5552 Britannia,
736 5502 845 5543 necnon
859 5487 943 5543 Flan·
985 5490 1105 5542 mortem
1116 5487 1238 5560 episcopi
1245 5485 1627 5558 Anglimui,simuliuunum
1636 5483 1667 5541 in
1676 5485 1784 5558 synodo

139 5571 427 5629 amarescentes
441 5573 944 5648 verbishaeceademomniaexposuit
984 5575 1110 5645 adunati,
1124 5592 1189 5633 eum
1204 5595 1216 5630 s
1231 5576 1397 5650 Magistrum
1413 5595 1425 5630 e
1443 5589 1526 5631 suum
1548 5573 1782 5650 nuncupaverint.
