3856 6176
194 267 249 324 53⁵
685 261 715 312 lt.
737 255 943 312 LhNFllllNCl
962 247 1140 310 cunrath.
1163 243 1331 300 natatur.
1760 243 1805 301 536

196 391 273 447 salus
288 395 331 446 est
345 387 520 444 subditorum
534 403 541 452 ;
557 395 586 437 et
605 379 652 438 uhi
672 387 716 436 est
729 380 907 436 incolumitas
922 381 988 437 ohe·
998 379 1020 438 n
1030 377 1106 428 stare
1121 369 1169 424 diu
1180 364 1374 440 permiseritis.
1387 363 1571 436 Omnipotens
1587 362 1805 422 llomlnuscontra

196 481 319 546 dientiae,
336 478 372 534 ihi
388 493 456 532 sana
471 479 514 529 est
528 474 618 528 forma
631 471 774 526 doctrina.
1034 461 1163 518 inimicos
1173 457 1276 512 mentis
1288 461 1317 511 et
1326 453 1462 527 corporis,
1479 459 1508 509 et
1516 453 1609 508 balteo
1622 453 1681 525 [al.,
1694 452 1807 528 brachio]

429 562 604 619 EPISTOLA
618 559 757 616 XXXVII.
1033 549 1146 605 uirtutis
1158 564 1215 602 suae
1225 543 1418 600 excellentiam
1429 547 1550 598 vestram
1565 539 1699 609 defendat,
1711 547 1746 608 et,
1755 550 1809 614 post

226 671 396 718 maranum
419 672 460 715 nu
482 668 658 714 ooruatcun
680 667 833 711 ursanum
855 667 968 714 neuen.
1034 639 1146 710 ¹⁰⁰3&ss
1164 636 1249 705 ¹1¹¹J¹¹⁸
1262 631 1514 698 secundusomne
1529 629 1808 703 eamquaeflltmssffli

198 739 411 794 Patriciumuse
426 735 614 788 consecratum
624 733 777 799 episcopum
787 733 933 798 significat,
949 747 990 786 rr·
1034 725 1247 782 habetfehciter
1261 739 1310 780 ros
1323 723 1467 795 perducat.

232 803 995 945 tttt‘tlt'tlttl,lttttltstttttt‘ltltt
1268 847 1443 905 smenon
1455 844 1606 902 xxxvtn.

235 951 475 1004 ttmnterutatur.
1145 973 1421 1022 norsnuutrscuu
1437 968 1712 1018 ntssautmuaatut.

233 1039 420 1094 Laurunacus
435 1051 491 1089 non
510 1034 569 1088 suis
584 1031 702 1092 meritis,
716 1031 763 1086 sed
782 1034 875 1102 gratia
887 1034 938 1089 Dei
948 1051 996 1090 ar·
1038 1079 1133 1146 mem
1144 1076 1239 1130 lauda,
1251 1091 1283 1128 w
1303 1075 1339 1127 iis
1350 1088 1409 1142 w
1422 1088 1440 1125 α
1453 1072 1575 1126 Pam-cp„
1587 1075 1740 1138 mmm
1763 1088 1813 1127 mo.

198 1126 402 1199 chilllli⁸⁰⁰lll¹⁸t
417 1123 540 1195 8¹⁰¹'i030
550 1121 691 1200 Hillffl'niffi
705 1121 914 1192 sessiG⁰T¹¹¹¹¹⁰⁰
925 1124 997 1180 ⁸⁸¹⁰·
1074 1155 1169 1217 ttetqtte
1185 1151 1224 1210 ut,
1240 1147 1391 1214 adpensus
1405 1143 1541 1212 qttasdatn
1560 1113 1758 1197 cotesttetttdittes
1778 1159 1814 1198 tu·

199 1220 258 1270 tem
272 1232 336 1271 cum
351 1213 536 1271 orationibus.
1074 1219 1249 1287 stirpandas,
1275 1217 1460 1285 episcoporum
1488 1215 1661 1282 aliur-tntaque
1670 1219 1814 1268 concentum

235 1303 430 1360 Venerabilem
456 1303 572 1358 fratrem
593 1315 625 1354 ac
645 1297 840 1370 coepiscopum
870 1304 996 1355 nostrum
1073 1287 1482 1359 nstitutum,etipsotutcrstt.

199 1391 362 1460 Patricium,
378 1407 472 1463 quem,
487 1388 651 1445 charissime
666 1387 714 1454 lili,
731 1387 998 1444 excellentiorestra
1073 1386 1268 1450 unsaris-cos,
1282 1386 1412 1454 peccator
1424 1385 1454 1435 et
1471 1379 1603 1450 indignus
1626 1384 1724 1435 sancte
1743 1379 1817 1436 lluro

200 1482 236 1538 ad
251 1498 303 1536 nos
318 1479 538 1536 consecrandum
562 1475 728 1543 transmisit,
743 1476 861 1532 honeste
877 1478 998 1550 suscepi·
1038 1475 1184 1532 bernensis
1199 1473 1326 1530 Ecclesiae
1336 1471 1572 1543 archiepiscopus
1584 1469 1818 1540 magnificoHibet·

173 1553 177 1560 ’
200 1588 275 1640 mus,
290 1575 387 1637 810
406 1567 508 1624 debitis
535 1565 635 1620 olliciis
658 1564 810 1620 secuudum
835 1566 998 1622 canonicam
1040 1567 1094 1622 niae
1117 1565 1178 1636 regi
1200 1565 1393 1628 Tanuauvnco,
1409 1559 1632 1616 benedictionem
1646 1559 1818 1615 cumserritio

200 1659 419 1724 institutione-m,
440 1656 547 1711 scilicet
571 1653 694 1726 Spiritus
713 1653 806 1724 gratia
820 1662 998 1727 cooperante,
1040 1662 1068 1711 et
1082 1653 1267 1710 orationibus.

200 1747 391 1815 sacravimus3
420 1751 564 1800 sacratum
588 1742 624 1798 ad
653 1742 796 1814 propriam
814 1743 920 1810 sedem,
935 1727 1030 1800 cumB
1076 1743 1192 1800 Nullum
1206 1743 1281 1798 Deus
1295 1741 1432 1812 majorem
1446 1739 1531 1795 terris
1549 1737 1819 1794 misericordiamim-

201 1835 364 1894 testimonio
388 1835 549 1890 htterarum
564 1842 736 1899 nostrarum,
747 1849 826 1888 more
841 1838 1000 1890 antecesso-
1040 1833 1149 1906 pendit,
1165 1847 1250 1904 quam
1260 1847 1322 1885 oum
1335 1829 1412 1901 pacis
1419 1827 1718 1899 acjustitiaeamatores
1726 1827 1759 1882 ad
1768 1827 1820 1882 ani·

201 1945 265 1983 rum
279 1931 440 1982 nostrorum
455 1922 626 1978 remisimus.
1042 1939 1153 1976 mamm
1179 1937 1228 1976 seu
1256 1936 1403 1992 corporum
1435 1917 1627 1990 gubernacula
1646 1916 1774 1988 provehit,
1798 1923 1822 1972 ct

238 2015 293 2080 Qui
312 2013 440 2086 quamvis
458 2012 493 2067 de
509 2011 602 2083 gloria
622 2017 716 2066 vestra
731 2011 821 2066 multa
833 2012 914 2068 nobis
928 2012 1000 2069 bona
1043 2011 1164 2066 maxime
1178 2025 1241 2065 cum
1252 2007 1334 2064 bonis
1348 2006 1460 2079 regibus
1474 2024 1562 2078 regua
1578 2007 1664 2079 hujus
1684 2006 1774 2062 mundi
1787 2022 1822 2061 ra·

201 2105 356 2175 multisque
365 2101 497 2157 laudibus
509 2101 595 2171 digna
608 2100 715 2162 retulit,
732 2117 788 2155 non
802 2100 892 2156 abste
908 2109 1001 2158 tamen
1043 2101 1136 2172 ganda
1147 2097 1307 2155 committit.
1320 2098 1518 2168 ilinc-,numque
1527 2113 1581 2170 pax
1591 2095 1823 2162 ostounutscoruia

202 2193 344 2248 credimus
358 2207 419 2246 esse
445 2191 468 2246 si
487 2189 666 2262 praedicanda
680 2195 772 2244 restra
794 2190 887 2246 studia
905 2199 1001 2247 nostia
1043 2191 1162 2263 sopitur,
1172 2195 1210 2256 et,
1218 2193 1249 2243 ut
1258 2187 1380 2242 bret-tter
1389 2183 1823 2258 cunctacomploctar,Christiane

202 2281 399 2338 adhortatione
409 2277 732 2352 pulsamus3sicutenint
743 2279 815 2349 ignis
823 2281 909 2335 llanto
920 2287 1000 2338 vento
1043 2279 1186 2350 religionis
1195 2277 1372 2334 observantia
1386 2275 1537 2332 stabilitur.
1559 2275 1640 2341 Quod
1663 2275 1759 2347 populo
1782 2273 1824 2328 lli·

203 2365 307 2428 clarius
317 2371 391 2425 lucet
401 2375 430 2424 et
444 2369 536 2439 major
551 2369 680 2432 allicitur,
699 2368 739 2421 sic
752 2369 915 2426 reravhtus
930 2372 1002 2427 veris
1043 2370 1147 2424 bernis·
1160 2367 1293 2423 divinitus
1309 2374 1377 2422 tunc
1402 2366 1536 2421 collatum
1556 2365 1644 2421 fuisse
1659 2363 1774 2436 prudens
1786 2363 1823 2416 in·

206 2460 354 2534 preconiis
370 2459 514 2531 pulchrius
527 2457 656 2512 enitescit
670 2463 700 2511 et
712 2457 741 2512 iu
757 2459 858 2514 melius
869 2477 1003 2530 augmen·
1043 2465 1153 2531 spector
1163 2457 1305 2528 intelligit,
1314 2455 1426 2528 quando
1437 2454 1616 2527 omnipotens
1626 2455 1700 2510 Deus
1709 2453 1827 2508 excelleu-

205 2555 292 2604 tatur.
308 2548 451 2620 Rogamus
461 2547 559 2618 igitur,
575 2546 649 2601 sicut
668 2547 760 2618 rogari
775 2555 887 2619 oportet
901 2551 1003 2621 pretio·
1043 2549 1090 2604 tite
1103 2554 1201 2603 vestrm
1212 2549 1260 2616 jus
1274 2546 1357 2617 regiae
1380 2546 1529 2618 potestatis
1544 2561 1631 2617 super
1645 2543 1719 2598 illam
1733 2548 1825 2596 terrant

204 2656 267 2694 sum
276 2643 380 2694 sancte
389 2638 522 2694 Romanae
530 2636 907 2710 Ecclesiaehlium,quatcnus
918 2639 1002 2696 hdern
1045 2637 1197 2705 concessit3
1210 2641 1253 2691 tot
1263 2635 1337 2690 enim
1354 2640 1489 2706 tantaque
1502 2633 1575 2688 bona
1588 2634 1627 2688 de
1641 2631 1827 2706 magnitudinis

204 2734 322 2796 rectam,
335 2727 369 2782 ab
380 2727 442 2800 ipso
454 2727 522 2792 lieo,
541 2731 570 2780 et
583 2725 716 2797 apostolis
731 2727 791 2795 ejus
801 2727 906 2781 sanctis
917 2735 1003 2802 atque
1044 2733 1144 2781 vestrm
1166 2741 1234 2796 erga
1257 2723 1344 2778 honos
1364 2722 1413 2795 pia
1440 2721 1610 2778 humilitate.
1627 2727 1723 2776 contra
1741 2735 1828 2791 prasos

205 2816 368 2873 orthodoxis
392 2813 523 2872 Patribus
546 2813 689 2880 traditam,
714 2831 778 2869 cunt
802 2817 878 2872 omni
901 2820 1003 2874 mentis
1044 2816 1172 2871 districto
1194 2814 1355 2884 seueritate,
1374 2813 1448 2867 circa
1468 2827 1551 2866 omne
1576 2811 1733 2866 humanum
1751 2824 1829 2880 genus

208 2905 371 2961 sinceritate
381 2904 543 2960 inviolatam
557 2901 691 2969 tenentis
701 2903 766 2958 fidei
776 2921 900 2976 congrua
908 2924 1002 2980 opera,
1044 2903 1245 2960 discretissima
1255 2901 1397 2974 equitate,
1413 2901 1502 2957 frater
1516 2905 1545 2956 et
1555 2899 1736 2974 coepiscopus
1746 2903 1829 2953 noster

205 2995 388 3066 inquantum
412 2994 484 3048 vires
506 2999 670 3065 suppetunt.
689 2995 857 3060 exhibeatis;
875 2997 1003 3068 superbis
1045 2994 1185 3049 Patricius
1200 2991 1335 3057 narravit,
1348 2995 1389 3055 ut,
1402 2989 1529 3063 quamvis
1540 3006 1589 3044 ros
1608 3003 1749 3060 nunquam
1762 2987 1829 3041 title·
1876 2990 1879 3002 ¹

208 3090 362 3151 austeram,
377 3082 532 3138 humilibus
543 3083 710 3155 placabilem
721 3091 843 3140 vestram
858 3085 1002 3142 celsitudi-
1044 3084 1142 3147 rimus,
1157 3087 1292 3154 tunquam
1306 3081 1379 3137 visos
1391 3088 1486 3135 tamen
1501 3096 1548 3134 vos
1563 3077 1725 3150 diligamus,
1739 3081 1765 3131 ct
1778 3081 1830 3130 tan-

206 3189 271 3228 nem
286 3171 450 3228 ostendatis.
1045 3189 1129 3246 quum
1141 3172 1206 3226 visis
1220 3188 1253 3226 ac
1267 3170 1337 3225 beno
1352 3169 1472 3240 cognitis
1485 3168 1561 3224 vobis
1576 3167 1729 3225 salubriter
1743 3179 1830 3221 consu·

242 3263 275 3318 In
285 3277 373 3332 regno
388 3265 481 3315 restro
491 3259 675 3332 perhibentur
685 3260 813 3317 homines
828 3279 878 3318 seu
893 3262 928 3317 de
938 3279 1004 3334 pro·
1045 3261 1103 3316 lere
1118 3265 1147 3316 et
1161 3259 1347 3316 sincerissime
1361 3258 1466 3313 servire
1480 3256 1639 3330 cupiamus.

206 3351 335 3424 pria,seu
350 3349 385 3403 de
398 3355 574 3404 mortuarum
590 3367 708 3404 uxorum
719 3352 863 3421 parentela
873 3353 1005 3423 conjuges
1081 3351 1183 3406 Verum
1197 3349 1272 3404 inter
1286 3349 1445 3418 multaque
1458 3346 1673 3419 placent,relata
1688 3344 1764 3400 uobis
1773 3347 1831 3398 suut

208 3439 320 3504 ducere,
333 3437 382 3492 ulii
399 3437 524 3507 legitime
547 3437 599 3492 sibi
617 3440 762 3510 copulatas
775 3457 826 3511 pro
847 3440 964 3495 arbitrio
977 3446 1006 3496 et
1046 3439 1174 3511 quaedam
1197 3455 1259 3510 quoe
1281 3437 1440 3508 displicent,
1466 3435 1593 3491 videlicet
1609 3436 1694 3508 quod,
1710 3435 1738 3490 in
1756 3448 1831 3504 regno

208 3526 353 3580 voluntate
368 3524 537 3596 relinquere,
553 3525 682 3580 nonnulli
709 3543 775 3580 sues
797 3527 861 3581 aliis
883 3527 950 3582 darc
978 3535 1007 3584 et
1046 3533 1147 3594 vestro,
1159 3527 1278 3600 quisque
1293 3543 1343 3599 pro
1358 3525 1475 3581 arbitrio
1488 3541 1539 3580 suo
1554 3525 1682 3596 legitime
1696 3523 1746 3580 sibi
1758 3538 1832 3596 copu-

209 3613 329 3670 aliorum
344 3613 459 3668 infanda
473 3615 693 3670 commutatione
702 3615 835 3687 recipcre.
849 3617 922 3683 Haec,
940 3621 969 3672 et
982 3617 1006 3672 si
1049 3617 1135 3672 latam
1151 3633 1276 3682 uxorem,
1289 3615 1366 3670 nulla
1376 3612 1510 3670 sananim
1531 3629 1619 3670 causa
1631 3612 1832 3676 interveniente,

210 3706 352 3774 quaesunt
367 3702 424 3756 alia
450 3702 580 3767 crimino,
598 3709 712 3775 propter
725 3703 814 3758 Deum
831 3710 858 3759 ct
881 3705 1006 3762 animam
1049 3705 1193 3777 relinquit,
1206 3711 1234 3760 et
1255 3705 1340 3760 allatu
1365 3702 1522 3776 quamlibet
1536 3720 1585 3758 seu
1604 3703 1659 3759 sibi
1684 3703 1725 3758 vel
1744 3701 1835 3757 relicta

212 3796 335 3846 vestram
350 3791 380 3844 in
398 3796 475 3846 terra
496 3791 644 3862 potestatis
667 3798 765 3848 vestras
786 3793 887 3865 corrigi
900 3794 1005 3864 jubete,
1047 3796 1127 3850 uxori
1136 3793 1380 3865 consanguinitate
1390 3794 1587 3865 propinquam,
1605 3794 1664 3848 site
1679 3809 1760 3865 quom
1774 3790 1836 3846 alius

210 3881 337 3950 talesque
351 3896 400 3934 vos
414 3896 477 3934 cum
499 3879 593 3936 divino
611 3881 752 3952 adjutorio
774 3883 873 3938 vestris
888 3883 1008 3940 subditis
1047 3884 1133 3938 simili
1147 3882 1327 3956 improbitate
1341 3883 1475 3949 deseruit,
1493 3882 1620 3937 maritali
1634 3899 1686 3938 seu
1699 3879 1835 3937 fornicaria

211 3969 349 4036 exhibete,
363 3974 396 4024 ut
405 3975 434 4023 et
443 3976 584 4025 amatores
594 3969 660 4024 boni
669 3970 743 4026 bona
752 3971 1007 4044 ampliusdiligant,
1048 3974 1120 4043 lege,
1132 3972 1274 4044 punienda
1288 3971 1340 4026 sibi
1350 3970 1511 4026 temeritate
1527 3971 1691 4044 conjungit3
1707 3969 1777 4043 quod
1789 3967 1838 4039 epi·

211 4063 240 4112 ct
262 4057 434 4129 appetitores
458 4057 524 4112 mali
552 4075 653 4130 pratas
677 4059 800 4114 actiones
831 4076 1008 4133 nequaquam
1050 4061 1127 4133 scopi
1148 4061 1183 4116 ab
1201 4078 1258 4117 uno
1272 4061 1401 4133 episcopo
1423 4066 1644 4128 consecrantum
1660 4065 1753 4128 320
1773 4053 1838 4128 qu⁰d

211 4163 341 4201 exercere
353 4151 524 4228 praesumant
538 4166 544 4214 ;
560 4146 613 4202 hoc
623 4147 698 4202 enim
708 4147 853 4213 iacientes,
864 4156 893 4204 et
902 4150 1009 4207 diutius
1050 4149 1079 4204 in
1092 4149 1164 4205 villis
1178 4151 1219 4205 rel
1235 4149 1395 4205 civitatibus
1408 4149 1503 4222 plures
1516 4149 1706 4218 ordinantur;
1721 4145 1791 4220 quod
1803 4145 1838 4199 in·

211 4251 385 4290 cumrerum
411 4235 608 4306 temporalium
624 4237 757 4291 felicitate
771 4237 800 4291 ir.
816 4241 893 4292 terra
907 4255 1010 4310 regna·
1050 4239 1141 4294 fantes
1165 4239 1306 4312 baptismo
1325 4239 1386 4294 sine
1411 4239 1562 4294 chrismate
1584 4242 1750 4294 consecrato
1761 4233 1841 4306 bapti·

210 4322 287 4392 bitis,
299 4331 328 4380 et
341 4329 406 4395 post
417 4329 561 4380 terrenum
582 4341 700 4397 regnum
716 4327 777 4381 sine
793 4328 849 4382 tlne
864 4327 1042 4424 regnaturin
1052 4335 1169 4398 uantum
1182 4330 1256 4401 quod
1268 4329 1342 4385 sacri
1356 4328 1469 4384 ordines
1480 4345 1530 4402 per
1538 4329 1690 4402 pecuniam
1702 4325 1737 4382 ab
1748 4325 1841 4399 episco-

211 4413 246 4468 ad
261 4413 386 4468 coelestia
399 4430 487 4485 regna
502 4414 670 4486 migrabitis.
1052 4417 1095 4489 pis
1109 4417 1222 4473 duntur.

247 4502 334 4557 Plura
349 4507 378 4556 et
392 4503 528 4574 prolixius
547 4503 623 4559 uobis
637 4505 823 4576 scripsissem,
838 4506 885 4561 sed
900 4505 1011 4561 habetis
1088 4507 1153 4561 llaec
1167 4506 1270 4573 omnia,
1280 4506 1339 4562 etsi
1358 4522 1412 4577 qua
1427 4512 1494 4561 sunt
1507 4507 1841 4574 similiacontraevanga·

211 4587 353 4652 uobiscum
369 4591 534 4661 praedictum
544 4593 701 4648 antistitem
714 4600 837 4649 vestrum
848 4596 1011 4651 monasticis
1053 4595 1135 4649 licant
1144 4600 1172 4650 ct
1181 4595 1361 4667 apostolicam
1371 4595 1686 4662 auctoritatem,contra
1692 4599 1841 4650 sanctarum

213 4677 438 4733 institutionibus
453 4695 470 4733 a
484 4679 605 4751 pueritia
621 4682 785 4748 enutritum,
806 4683 924 4738 scientia
945 4685 1012 4740 divi·
1052 4699 1190 4739 canonum
1200 4683 1427 4756 prohibitionem,
1439 4685 1673 4740 contraontnium
1684 4681 1842 4739 orthodoxo·

214 4781 316 4821 narum
331 4767 489 4822 litterarum
504 4769 697 4824 strenuissime
708 4771 859 4838 eruditum,
873 4771 1011 4829 bonorum
1052 4789 1114 4827 rum
1136 4771 1252 4827 Patrum
1276 4771 1325 4842 qui
1340 4789 1391 4826 nos
1406 4778 1611 4844 precesserunt
1625 4774 1689 4828 lieri
1703 4768 1843 4828 institutio·

212 4870 329 4927 operum
346 4855 529 4920 ornamentis,
544 4858 575 4912 in
590 4865 727 4929 quantum
750 4861 879 4931 cognosci
899 4862 1011 4918 anobis
1051 4877 1126 4927 nem,
1156 4861 1261 4927 nullus,
1277 4861 1325 4933 qui
1350 4877 1444 4916 sacras
1462 4861 1573 4916 litteras
1601 4863 1647 4917 vel
1676 4857 1843 4916 mediocriter

212 4941 313 5014 potuit,
343 4943 541 5000 decentissime
555 4947 734 5014 adornatum,
752 4965 835 5020 quem
858 4950 893 5004 de
916 4951 1012 5006 anima
1050 4949 1128 5020 legit,
1142 4949 1335 5020 ignoratQuae
1350 4950 1660 5022 quantoinconspectu
1674 4950 1727 5007 Dei
1744 4951 1844 5004 sancto

212 5037 307 5088 vestra
321 5033 424 5104 saepius
438 5033 516 5089 tobis
530 5036 692 5107 loquentem
708 5037 732 5092 si
741 5037 860 5094 intentio
869 5039 951 5094 corde
963 5057 1012 5095 au·
1051 5055 1171 5110 rumque
1178 5039 1367 5111 ejusamplius
1377 5043 1444 5094 sunt
1453 5039 1692 5107 horrenda,tanto
1701 5033 1844 5093 studiosius

212 5121 336 5190 dieritis;
352 5122 509 5191 audientes,
526 5133 562 5206 'ut
578 5126 651 5196 patri
674 5127 814 5199 spirituali
837 5128 867 5182 in
888 5128 933 5184 his
950 5145 1011 5200 quse
1051 5126 1152 5181 vestris
1163 5127 1299 5182 suntsine
1319 5127 1413 5200 aliqua
1428 5127 1746 5198 dilationejussionibus
1761 5121 1845 5197 prohi-

211 5209 247 5266 ad
261 5211 351 5267 Deum
362 5212 504 5283 pertinent
519 5212 697 5283 obedieritis;
713 5215 886 5284 obedientes,
901 5233 934 5272 ea
950 5235 1011 5290 qua
1052 5216 1154 5282 banda,
1169 5223 1207 5284 et,
1219 5215 1273 5272 nisi
1285 5215 1427 5288 prohibita
1440 5215 1629 5288 corriguntur,
1645 5212 1845 5272 districtissima

210 5299 289 5355 robis
301 5300 380 5356 abeo
394 5302 505 5373 prolata
528 5302 643 5370 fuerint,
666 5305 695 5360 in
716 5321 781 5360 arca
791 5306 913 5377 pectoris
927 5306 1012 5362 vestri
1052 5307 1169 5362 terroris
1189 5305 1271 5361 vestri
1296 5305 1446 5360 severitate
1472 5305 1633 5377 punienda:
1652 5305 1763 5362 nullum
1776 5300 1844 5358 enim

210 5387 407 5460 reposueritis:
420 5407 576 5462 speramus,
589 5409 640 5465 per
650 5393 869 5450 miscricordiam
881 5395 1013 5468 Dei,quia
1053 5395 1111 5451 Deo
1126 5395 1168 5450 vel
1190 5395 1283 5466 majus
1298 5395 1341 5448 rel
1360 5394 1471 5466 gratius
1485 5409 1590 5450 munus
1607 5393 1711 5451 offerre
1725 5389 1843 5465 potestis,

211 5493 302 5549 neque
317 5495 365 5534 tos
375 5481 531 5552 perniciose
541 5481 682 5544 errabitis.
693 5500 785 5557 neque
799 5483 1013 5540 subditosvohis
1053 5500 1137 5556 quam
1151 5483 1176 5538 si
1190 5482 1285 5538 divina
1302 5488 1332 5538 et
1349 5483 1474 5542 humana
1501 5481 1604 5552 debitis
1627 5483 1740 5556 legibus
1752 5479 1846 5558 guber·

211 5564 422 5639 iuprivatarum
441 5569 503 5640 [ul.‚
520 5571 685 5653 pravarum]
702 5575 844 5630 actionum
857 5573 1013 5650 pertinacia
1053 5589 1122 5629 aare
1133 5572 1280 5628 studeatis.
1662 5559 1668 5570 “
