3900 6168
232 281 283 342 823
521 297 527 306 ’
739 279 932 339 BONlZONlS
950 279 1170 338 PLAOENTINI
1190 278 1364 337 EPISCOPI.
1799 279 1842 340 tit

231 413 262 466 ct
276 405 419 465 miraculis
429 403 483 462 sibl
498 403 578 461 valde
596 403 736 478 placuisse
751 406 955 463 demonstravit
970 409 1062 468 ma-A
1072 405 1297 478 Longobardiem
1310 405 1455 469 remeauit,
1465 419 1586 475 cumque
1597 407 1741 460 sorentum
1750 403 1841 476 luisset,

230 515 316 574 gnam
331 495 498 571 projestitia
510 495 628 568 posteris
638 495 790 551 dimicandi
805 496 876 552 dans
890 499 1030 564 lidueiam,
1076 496 1225 550 beatricem
1234 513 1298 550 cum
1312 495 1393 550 unica
1403 494 1460 549 illia
1476 493 1623 557 Bonilacii‚
1633 494 1843 552 nominellathil-

232 589 344 662 quando
360 587 411 642 hoe
424 586 452 640 iu
470 601 587 641 numero
603 591 765 640 sanctorum
781 601 983 642 connumerare
993 589 1033 642 di·
1074 587 1139 641 dam
1159 593 1234 642 inam
1251 586 1333 658 paulo
1348 589 1414 639 ante
1427 585 1488 655 ejus
1500 583 1577 638 silius
1591 588 1620 637 et
1633 585 1718 653 maior
1730 583 1782 638 iilis
1794 603 1844 640 ma·

230 683 334 750 gnatus
344 681 396 731 cst.
412 673 462 730 His
476 674 516 730 ita
530 673 628 746 gestis,
637 673 816 730 beatissimus
827 692 899 747 papa
912 677 1031 732 Romam
1073 676 1162 730 lelicio
1173 674 1355 744 nesciocuius
1365 673 1505 738 obierant)
1515 672 1580 726 dolo
1590 675 1844 744 captassecumderit

231 764 324 832 rediit,
340 781 462 836 cumque
478 762 512 819 ad
527 763 671 818 eeclesiam
688 765 879 835 apostolorum
900 765 1032 838 principis
1073 765 1148 819 ultra
1161 770 1280 830 montes,
1292 763 1434 818 Boneieeii
1449 761 1577 816 ambiens
1588 759 1767 816 hereditatem
1776 768 1844 817 etue·

229 853 414 930 peruenisset,
431 853 566 924 languore
580 857 734 924 correptus,
750 859 816 908 ante
830 855 1032 910 confessionem
1074 854 1163 909 sciens
1173 853 1249 926 quod
1263 869 1395 924 suprema
1407 851 1467 905 dies
1476 851 1505 905 in
1514 849 1699 922 proximosibi
1708 857 1842 922 pararetur.

231 944 357 1016 ejusdcm
378 942 497 1015 apostoli
518 942 639 1008 deletus,
656 947 685 997 ct
698 959 792 998 eoram
810 944 887 999 omni
911 943 984 999 clero
1003 951 1032 1000 et
1073 945 1147 1000 Nam
1168 942 1327 998 vifebrium
1340 941 1497 1011 exagitatus
1512 957 1578 995 mox
1591 945 1624 994 ut
1638 939 1842 996 RcaiFraneiam

231 1035 359 1092 Romano
378 1033 481 1106 populo
500 1032 615 1088 tradens
638 1032 696 1087 Deo
711 1032 825 1088 amabili
841 1033 1031 1089 llildebrando
1073 1031 1197 1096 intravit,
1210 1031 1332 1086 evocavit
1345 1031 1380 1084 ad
1395 1046 1424 1084 se
1439 1029 1621 1100 magnifieum
1638 1027 1732 1082 ducem
1745 1028 1844 1085 Goteiri·

231 1123 357 1196 ejusdem
373 1122 503 1178 Ecclesia
517 1137 623 1184 curam,
650 1121 719 1176 coelo
744 1122 875 1193 spiritum
899 1121 1030 1180 reddidit.
1073 1123 1150 1187 dum,
1179 1122 1344 1193 redditaque
1371 1119 1424 1174 sibi
1447 1135 1532 1174 uxore
1555 1133 1620 1172 cum
1647 1117 1775 1172 Beaeleeii
1797 1119 1844 1174 tilia

231 1213 320 1286 Cuius
333 1228 434 1284 corpus
453 1211 482 1266 in
497 1211 594 1266 eadem
606 1211 722 1265 ecclesia
734 1228 797 1266 cum
808 1212 914 1266 honore
929 1229 1031 1283 magno
1072 1210 1259 1282 omnibusque
1284 1209 1319 1264 ad
1348 1225 1409 1264 eam
1429 1206 1636 1280 pertinentibus
1650 1206 1844 1278 possessionibus

231 1301 381 1358 humatum
396 1306 448 1356 est.
466 1301 507 1355 hd
528 1300 608 1370 cujus
622 1300 764 1355 tumulum
785 1299 852 1371 aegri
870 1302 987 1356 veniunt
1004 1307 1032 1356 ct
1073 1301 1193 1354 multum
1208 1299 1368 1370 supplicans
1383 1304 1416 1352 ut
1433 1297 1489 1351 filio
1503 1312 1556 1350 suo
1568 1296 1627 1365 jorn
1646 1311 1709 1364 rege
1721 1295 1843 1364 designato

232 1396 380 1455 sanantur,
393 1395 422 1446 et
432 1388 536 1446 iellrrni
550 1387 657 1444 averiis
671 1389 852 1460 languoribus
862 1390 969 1446 detenti
984 1407 1032 1446 us·
1073 1395 1199 1461 portaret
1213 1388 1377 1442 fidelitatem
1398 1389 1462 1458 post
1475 1400 1579 1456 paucos
1594 1383 1652 1437 dies
1674 1388 1789 1436 mortuus
1801 1389 1842 1448 est,

234 1497 289 1554 que
305 1479 473 1535 liberantur.
1074 1479 1154 1548 eujus
1167 1493 1270 1549 corpus
1287 1477 1375 1548 Spirae
1392 1475 1546 1530 honorilice
1561 1489 1624 1527 cum
1638 1477 1714 1542 patre
1727 1472 1843 1543 sepultum

269 1568 325 1625 Sed
352 1585 416 1624 cum
444 1566 631 1640 persensisset
655 1567 820 1623 venerabilis
844 1568 1034 1624 Hildbrandus
1075 1572 1126 1633 cst,
1144 1567 1322 1638 suscepitque
1338 1564 1411 1620 lilius
1425 1565 1486 1633 ejus
1500 1579 1565 1616 eum
1577 1559 1844 1630 matreregniguber·

233 1657 391 1714 Romanum
413 1655 520 1710 clerum
534 1662 563 1710 et
579 1655 714 1727 populum
727 1656 756 1711 in
771 1657 832 1728 ejus
856 1659 1032 1714 consensisse
1075 1657 1184 1712 nacula.
1201 1657 1268 1711 Post
1282 1671 1384 1726 paucos
1398 1670 1462 1707 vero
1476 1652 1538 1707 dies
1548 1649 1703 1704 morituret
1715 1665 1779 1719 papa
1791 1648 1842 1715 (tl),

231 1744 458 1810 electionem,vix
472 1743 568 1800 multis
577 1745 730 1817 lachrymis
743 1751 772 1800 et
781 1723 1062 1818 supplicationibusB
1074 1751 1136 1818 post
1164 1745 1245 1816 eujus
1272 1749 1392 1798 mortem
1415 1742 1613 1798 convenientes
1636 1738 1664 1792 in
1679 1754 1759 1792 unum
1771 1737 1844 1790 cleriei

230 1835 324 1908 potuit
337 1834 499 1906 impetrare,
513 1838 546 1890 ut
559 1832 588 1888 in
604 1835 665 1904 ejus
680 1835 815 1891 electione
837 1835 976 1906 pontificis
991 1853 1032 1892 se-
1073 1835 1206 1890 Romanae
1221 1833 1349 1889 Ecclesiae
1364 1833 1448 1888 simul
1472 1849 1535 1887 cum
1559 1832 1642 1887 laude
1654 1829 1744 1902 populi
1757 1827 1844 1896 eligunt

232 1929 386 1998 querentur
399 1923 562 1990 consilium;
579 1939 698 1995 moxque
718 1941 784 1978 cum
802 1924 942 1996 religiosis
964 1925 1031 1980 uiris
1073 1923 1310 1979 sibiFrcderieum
1322 1921 1496 1978 cassinensis
1507 1920 1670 1976 monasterii
1680 1918 1804 1982 abbatem,
1817 1915 1843 1968 de

230 2014 316 2086 Alpes
336 2011 477 2068 transiens
501 2011 700 2085 imperatorem
717 2011 797 2079 adiit,
813 2013 895 2084 eiquo
908 2014 936 2068 in
952 2019 1032 2069 tanta
1073 2029 1128 2084 que
1142 2028 1228 2084 supra
1242 2011 1469 2076 memoravimus,
1486 2027 1571 2082 quem
1587 2010 1642 2064 alio
1660 2009 1844 2064 nomineroca·

231 2102 474 2174 amicitiajunotus
482 2106 535 2166 est,
544 2105 576 2156 ut
584 2101 689 2156 crebris
700 2101 1032 2175 collocutionibusquan-
1072 2107 1174 2157 rerunt
1188 2102 1374 2173 Stephanum,
1390 2117 1473 2171 quern
1483 2099 1639 2155 secundum
1652 2097 1787 2167 antiquum
1796 2111 1844 2148 mo-

232 2193 292 2247 tum
308 2190 414 2264 peccati
429 2190 458 2245 in
470 2188 620 2262 largitione
635 2189 775 2262 pontilicis
800 2191 912 2246 lecisset
936 2198 1032 2246 osten·
1073 2208 1132 2246 rem
1146 2191 1182 2246 ad
1197 2191 1285 2244 altare
1296 2189 1371 2244 beati
1381 2189 1458 2244 Petri
1473 2187 1843 2244 consecravc1·untRomanum

231 2279 321 2336 deret.
338 2279 392 2346 Qui
401 2281 463 2350 ejus
478 2277 584 2335 salubri
596 2279 775 2350 acquiescens
795 2280 920 2343 consilio,
937 2287 1032 2352 tyren·
1073 2281 1233 2353 pontificem
1246 2299 1252 2347 ;
1268 2279 1293 2334 is
1306 2278 1493 2334 venerabilem
1505 2277 1722 2333 Hildebrandum
1731 2274 1763 2328 ad
1771 2273 1843 2328 diaco·

230 2368 325 2425 uidem
340 2367 503 2441 patritiatus
518 2367 658 2440 deposuit,
670 2369 800 2440 cleroque
811 2369 937 2424 Romano
947 2375 976 2425 et
986 2387 1033 2442 po·
1073 2375 1157 2425 natus
1179 2369 1318 2441 promovit
1338 2369 1476 2432 ordinem,
1495 2374 1524 2422 et
1544 2385 1609 2423 eum
1623 2369 1722 2421 sancta
1734 2363 1843 2418 Romana

230 2458 297 2530 pulo
308 2457 462 2512 secundum
474 2457 591 2528 antiqua
600 2457 744 2529 privilegia
754 2458 918 2536 electionem
929 2459 1033 2514 summi
1073 2457 1347 2514 Ecclesieordinavit
1356 2456 1593 2511 archidiaconem.

230 2544 411 2618 pontilleatus
427 2547 574 2602 concessit.
590 2563 710 2618 moxque
721 2548 871 2619 quemdam
884 2551 1031 2604 astensem

231 2635 430 2706 [aistetensem
444 2637 638 2708 dicereeoluit]
652 2637 812 2709 episcopum
824 2638 934 2709 praelati
944 2639 1032 2710 impe-

231 2725 335 2782 ratoris
349 2743 522 2782 (economum
532 2731 631 2781 contra
649 2727 822 2782 voluntatem
835 2727 961 2798 ejusdem
977 2728 1031 2782 im·
1267 2706 1404 2763 ῙΝΟῙΡῙΤ
1415 2705 1527 2763 LIBER
1539 2707 1681 2764 SEXTUS·

231 2815 371 2888 paraturis
387 2816 502 2871 Romam
523 2831 617 2871 secum
632 2815 710 2871 ducit
723 2816 852 2882 invitum,
864 2833 983 2888 cumque
1005 2817 1034 2872 in
1113 2814 1215 2870 Eodem
1231 2819 1357 2886 tempore
1374 2814 1591 2869 hlediolenensis
1605 2811 1787 2882 Ecclesiaque
1798 2809 1844 2863 iere

232 2903 351 2958 ccclesia
361 2903 439 2958 Beati
454 2903 531 2958 Petri
545 2905 699 2958 secundum
708 2920 815 2960 morem
823 2906 971 2976 antiquum
981 2905 1035 2960 cle·
1074 2905 1270 2978 perducentes
1286 2918 1375 2958 annes
1390 2903 1530 2974 superbiae
1547 2903 1622 2958 fastu
1636 2901 1689 2970 (ibt
1706 2901 1844 2954 eRemane

233 2991 431 3065 ruselegisset,
443 2993 619 3065 populusque
635 2993 887 3060 laudasset,statim
901 2993 1034 3048 cardine·
1075 2995 1203 3050 Ecclesiae
1213 3011 1242 3049 se
1250 2994 1426 3049 subtraxerat
1433 2993 1675 3065 ditione,primum
1684 2986 1845 3045 seinteralias

232 3079 284 3148 les,
300 3085 332 3136 ut
358 3081 444 3136 meris
458 3075 511 3146 est,
538 3098 602 3136 eum
616 3082 819 3138 intronizantes
841 3083 896 3138 alio
916 3069 1059 3136 nemineC
1076 3085 1212 3140 Ecclesiae
1239 3081 1392 3154 subjectam
1416 3099 1478 3137 esse
1499 3083 1645 3154 cognorim
1673 3079 1741 3152 quod
1754 3074 1845 3148 quando

232 3175 402 3226 vocaverunt
415 3169 568 3226 Victorem.
1076 3173 1208 3237 evenerit,
1230 3189 1316 3245 quum
1338 3171 1458 3243 posteris
1478 3172 1565 3226 credo
1588 3168 1775 3232 necessarium,
1793 3162 1845 3218 huie

270 3257 365 3332 Hujus
375 3259 515 3332 pontilicis
528 3264 655 3330 tempore
670 3259 791 3314 moritur
805 3258 927 3333 inclytus
942 3263 997 3318 dux
1007 3267 1034 3340 et
1076 3263 1209 3334 opusculo
1223 3261 1347 3315 inserere
1368 3259 1530 3314 deliberavi.
1556 3255 1761 3314 Mediolanensis
1777 3252 1846 3322 igitur

234 3347 360 3404 marchio
375 3347 546 3410 Bonifatius,
562 3348 692 3421 paruulos
716 3349 877 3420 relinquens
898 3352 1032 3417 heredes,
1075 3352 1172 3406 civitas
1194 3351 1284 3406 totius
1308 3347 1508 3420 Longobardiae
1523 3347 1685 3419 metropolis
1698 3339 1845 3414 temporibus

236 3445 267 3496 et
286 3456 343 3496 non
357 3441 440 3512 longo
451 3445 515 3513 post
529 3446 656 3512 tempore
669 3440 830 3495 Gotcsridus
840 3442 905 3507 dur,
920 3444 963 3498 vir
977 3461 1035 3498 ma·
1075 3440 1265 3495 Romanorum
1279 3439 1480 3509 imperatorum
1495 3437 1578 3492 sedes
1592 3443 1652 3491 erat
1662 3428 1843 3504 Augustalisin

236 3525 357 3598 gallicus
372 3533 401 3582 et
415 3529 444 3582 in
463 3527 571 3582 bellicis
591 3527 674 3582 rebus
696 3528 909 3584 strenuissimus
924 3531 1034 3586 ltaliam
1076 3546 1132 3601 que
1146 3529 1229 3584 multi
1244 3528 1366 3598 religiosi
1381 3528 1502 3582 lleruere
1526 3525 1660 3599 episcopi,
1674 3525 1743 3578 inter
1755 3523 1844 3591 quosel

197 3654 207 3670 t
237 3612 362 3680 veniens,
376 3615 437 3686 eJ'us
451 3615 579 3670 relictam
593 3616 700 3688 accepit
720 3617 749 3670 in
768 3619 929 3689 conjugem.
954 3619 1034 3684 Quod
1076 3619 1175 3673 beatus
1185 3617 1359 3681 Ambrosius,
1373 3633 1486 3688 gemma
1500 3616 1688 3678 sacerdotum,
1700 3609 1845 3680 cujusllores

237 3701 356 3758 audieus
369 3703 524 3775 imperator
537 3697 650 3759 ltaliat'n
663 3705 748 3772 venit,
760 3722 881 3776 cumque
894 3709 1036 3780 inhongo
1077 3708 1252 3777 eloquiorum
1265 3722 1356 3777 usque
1369 3705 1453 3760 hodie
1467 3705 1497 3760 in
1507 3705 1631 3760 Ecclesia
1643 3701 1769 3758 redolent.

237 3789 354 3847 berdiro
380 3807 467 3864 regno
495 3809 551 3848 non
579 3793 693 3848 invenit.
721 3795 856 3850 Praeletus
870 3797 965 3868 itaque
990 3815 1039 3852 rex
1116 3795 1167 3850 llic
1187 3801 1300 3850 secutus
1321 3794 1479 3849 Orienmles
1502 3793 1626 3864 primum
1641 3789 1806 3860 antiphonam
1823 3779 1845 3833 in

238 3877 465 3952 Longobanliem
480 3881 595 3938 seruiens
610 3880 639 3935 in
655 3880 754 3953 primis
773 3883 885 3939 Ottonis
904 3885 992 3941 tiliam
1011 3894 1040 3942 et
1081 3885 1203 3940 Ecclesia
1213 3882 1363 3948 decantare
1377 3882 1535 3946 constituit,
1547 3884 1666 3952 alonge
1676 3883 1734 3950 post
1743 3881 1846 3942 empore

239 3967 423 4026 adelheidem
441 3970 535 4026 adhuc
553 3970 722 4026 infantulam
745 3988 797 4028 suo
812 3973 920 4045 accepit
933 3975 991 4029 filio
1010 3977 1040 4031 in
1079 3973 1180 4028 beatus
1194 3971 1346 4042 Gregorius
1361 3971 1494 4025 cantandi
1503 3971 1626 4026 officium
1635 3966 1730 4024 tribuit
1738 3960 1846 4019 Occiden-

240 4059 1040 4134 eoniugemsicquesedodsomnibusLongobemieiregni
1080 4063 1194 4117 talibus.
1224 4061 1278 4126 Qui
1296 4077 1466 4131 cognosceus
1489 4061 1565 4130 quod
1590 4060 1620 4114 in
1646 4057 1747 4113 unitate
1767 4052 1846 4104 cache

186 4214 188 4222 y
239 4147 361 4217 negotiis
375 4147 618 4222 invitatusapapa
626 4149 774 4205 Florentiae
785 4152 923 4223 synodum
936 4151 1039 4206 media·
1080 4157 1192 4208 tantum
1217 4168 1273 4207 uon
1288 4155 1463 4221 estregnum
1478 4148 1541 4217 Dei,
1564 4150 1612 4206 sed
1635 4149 1663 4203 in
1676 4137 1847 4201 obedientiae

240 4235 299 4302 vit;
316 4235 347 4290 in
362 4237 536 4308 quasynodo
548 4237 664 4292 consilio
675 4238 843 4292 venerabilis
858 4239 1040 4298 hildebrandi
1081 4258 1158 4314 pace.
1177 4240 1414 4296 Mediolanensem
1435 4239 1588 4294 Ecclesiam
1600 4239 1628 4293 in
1638 4233 1758 4291 omnibus
1771 4239 1845 4281 sacm-

239 4323 406 4398 Symonieea
419 4325 534 4380 heresis
544 4330 573 4381 et
584 4325 747 4398 turpissima
756 4326 903 4382 fornicatio
913 4328 1040 4384 sacerdo
1081 4330 1184 4386 mentis
1197 4336 1300 4384 sanetae
1320 4330 1452 4383 Romana
1467 4327 1597 4383 Ecclesiae
1612 4327 1715 4382 animm
1729 4335 1773 4392 ptr
1784 4325 1846 4369 reve-

240 4425 303 4474 tum
318 4417 412 4472 divino
428 4433 561 4474 mucrone
575 4435 707 4490 percussa
719 4424 770 4473 est.
787 4421 860 4474 Nem
884 4419 914 4474 in
940 4384 1201 4476 eademDrentiam
1215 4417 1290 4474 beati
1305 4417 1445 4473 Ambrosii
1467 4417 1600 4478 doctoris,
1624 4429 1702 4487 quem
1715 4411 1741 4464 in
1758 4407 1845 4496 hocst-

241 4506 350 4580 synodo
372 4506 454 4560 multi
464 4507 657 4579 episcoporum
667 4515 782 4581 propter
792 4509 1040 4580 Symouiacamde·
1080 4515 1162 4564 culus
1176 4514 1229 4572 est,
1243 4507 1439 4562 intermiscens
1453 4507 1528 4562 illius
1542 4493 1845 4578 antiphonassuiscsnu·

242 4595 325 4670 positi
339 4599 407 4650 suut
421 4600 451 4650 et
460 4597 642 4668 quamplures
657 4611 771 4670 propter
783 4598 974 4654 fornicationis
989 4599 1041 4654 cri·
1080 4596 1143 4656 bus.
1154 4597 1308 4652 seeundum
1324 4595 1472 4668 antiquum
1489 4612 1596 4650 morem
1614 4577 1845 4658 mlampermisit

242 4699 323 4749 men3
339 4681 415 4737 inter
429 4698 499 4754 quos
513 4689 542 4738 et
557 4685 703 4757 episeopus
716 4685 841 4756 ejusdem
855 4687 976 4741 cisimus
990 4687 1041 4741 de·
1082 4685 1150 4739 Post
1161 4683 1282 4739 multum
1298 4701 1364 4738 rere
1374 4684 1508 4756 temporis
1517 4701 1582 4740 cum
1592 4699 1621 4738 se
1631 4677 1738 4752 presses
1746 4664 1846 4761 Ecclesia

241 4769 351 4844 positus
374 4773 435 4836 est;
463 4769 530 4841 quid
553 4771 651 4827 multis
673 4773 785 4828 mereri
814 4772 961 4828 Celebrate
988 4775 1042 4829 rite
1083 4773 1258 4846 symoniace
1281 4779 1341 4828 tota
1367 4773 1485 4828 serviret
1507 4772 1706 4840 haereseos(ito
1716 4763 1846 4823 eadhed·

242 4859 373 4928 concilio,
395 4857 588 4915 bencdictione
603 4866 703 4916 auctus
717 4862 871 4933 pontificali
890 4862 1043 4934 imperator
1083 4862 1160 4935 scopi
1176 4862 1258 4917 ueriti
1283 4861 1443 4916 &manum
1466 4862 1606 4934 judicium
1626 4859 1677 4914 hoe
1697 4843 1846 4926 proverbium

1303 2584 1422 2653 Explicit
1437 2584 1644 2652 liberquintus.

281 5001 335 5086 llll
348 5001 699 5086 christophorpsSandius
715 5021 741 5056 v.
758 5002 792 5058 el.
809 5003 857 5084 qui
870 5011 1002 5087 notarum
1016 5012 1046 5061 et
1084 5004 1219 5076 Stephani
1234 5005 1281 5069 lli,
1301 5005 1350 5076 qui
1365 5005 1450 5059 etiam
1461 4987 1845 5084 egregiempuiateamobrem

242 5073 518 5130 animadversionum
538 5090 567 5128 m
583 5074 701 5128 Gemrdr
721 5075 838 5130 loannis
854 5075 944 5130 Vossri
958 5076 1045 5132 hbros
1085 5077 1146 5131 acl.
1160 5075 1324 5138 lluratorio‚
1340 5076 1439 5145 ignaro
1461 5076 1519 5130 haec
1536 5092 1554 5129 a
1573 5081 1702 5144 scriptore
1714 5060 1845 5141 synebr⁰¹¹⁰

242 5159 275 5202 m
286 5145 321 5200 do
334 5144 573 5202 llist.Lat.auctor
584 5153 637 5208 ast,
648 5161 705 5200 uon
717 5161 733 5200 e
746 5145 827 5217 plebe
837 5147 884 5200 sed
896 5165 928 5202 ex
945 5157 1045 5204 senatu
1085 5153 1215 5218 acceptum
1234 5147 1281 5201 sed
1297 5155 1326 5202 et
1336 5146 1558 5218 papebrochium
1568 5138 1732 5200 credulitatis
1741 5133 1773 5187 ibi
1782 5137 1845 5181 arru-

243 5217 341 5300 leetus.
359 5216 394 5272 de
410 5225 500 5299 mette
511 5215 631 5270 Victoris
644 5215 715 5270 mira
728 5217 856 5300 quadarn
871 5237 888 5271 a
901 5219 1040 5301 Berniaone
1080 5227 1134 5284 sat,
1160 5219 1319 5272 schismatis
1341 5217 1448 5288 aliquid
1465 5217 1687 5274 subodorantem,
1702 5222 1756 5278 quae
1768 5205 1844 5252 ”imin

242 5287 1040 5417 itud?thidtditltttll‘a'tilttt
1081 5289 1528 5416 2t⁰alttra¹lt⁸⁵ttlttl
1551 5269 1844 5412 ¹¹⁰⁵‘f,‘:„‘},l,l{,⁰l{⁶l3

243 5377 396 5486 adrisit?-
530 5399 537 5423 ’
782 5377 801 5432 q
925 5378 941 5433 p
1084 5383 1322 5504 quidobirpaneut
1338 5379 1470 5504 magnam
1489 5375 1763 5488 nimpebeiaiasueis
1780 5416 1844 5463 c¹⁰⁰

279 5501 335 5570 (ibt
361 5501 428 5557 Hae
450 5501 543 5556 denuo
563 5501 681 5556 totidem
708 5501 768 5556 iere
787 5501 880 5557 verbis
895 5519 928 5558 es
944 5509 1041 5559 metro
1082 5505 1218 5576 scriptore
1240 5503 1271 5560 iu
1294 5505 1387 5560 lucem
1409 5503 1545 5576 producto
1563 5498 1736 5558 accessionem
1760 5484 1843 5539 seeum

241 5572 420 5651 mnmripsit
432 5572 566 5630 Nicolaus
586 5573 735 5647 dragonis
755 5573 908 5630 cardinalis
931 5575 962 5630 in
974 5575 1041 5630 Vita
1081 5575 1176 5631 mess.
