3882 6172
116 256 162 316 661
703 255 917 312 CHRONICON
937 254 1131 312 BEOGENSE.
1464 273 1468 282 ·
1702 259 1756 321 662

114 385 221 456 gesimo
236 389 327 454 sexto,
350 383 500 454 praedictus
523 384 688 448 Ludovicus,
706 398 754 437 rex
776 381 948 446 Franciae,h
993 381 1064 436 Huic
1081 379 1232 436 venerabili
1247 379 1306 435 viro
1320 395 1354 434 ex
1375 380 1518 436 communi
1533 396 1650 438 assensu
1668 383 1756 441 totius

114 473 164 528 suit
178 473 257 544 apud
271 473 389 528 Beccuru
407 471 538 539 Hirluirri,
560 473 589 527 in
613 473 659 526 die
682 469 912 526 denuntiationis
955 469 1079 539 ejusdem
1108 469 1162 524 loci
1186 468 1403 540 congregatione
1429 467 1563 524 successit
1588 471 1755 530 venerabilis

113 561 279 629 Dominicae;
296 577 352 632 qua
373 559 418 614 die
432 561 553 615 comedit
564 561 594 614 in
605 559 761 626 refectorio,
778 575 841 614 cum
857 558 911 612 mi-
953 558 1085 625 loannes,
1093 563 1161 612 tunc
1173 557 1250 629 prior
1261 557 1351 626 Becci,
1360 556 1578 630 benedictusque
1593 563 1636 614 est
1649 561 1754 618 Rotho-

113 647 207 702 litibus
221 652 252 700 ct
262 645 416 700 baronibus
429 645 498 711 suis,
512 643 730 700 dominoOdone
744 643 855 715 Rigaud
868 659 912 697 ar·
953 645 1037 716 magi,
1049 644 1079 700 in
1092 645 1138 699 die
1150 645 1238 701 sancti
1245 645 1360 701 loannis
1370 645 1556 717 evangeliste.
1569 647 1754 706 confirmato-

112 735 287 806 chiepiscopo
302 733 523 804 Rothomagensi
537 734 573 788 ad
587 733 742 800 sinistram,
754 739 783 788 et
797 731 911 788 domino
953 752 1007 807 que
1031 739 1058 788 et
1079 739 1201 806 recepte,¹
1223 740 1252 789 et
1273 750 1331 789 non
1350 721 1439 790 mulio
1464 739 1537 806 post,
1558 735 1704 810 elegerunt
1722 739 1752 796 in

113 823 233 879 lieberto
243 822 346 878 abbate
358 823 631 878 Becciaddexteram
642 838 804 890 suam,cum
815 820 911 875 multis
951 823 1073 896 priorem
1089 823 1157 878 dicti
1177 823 1241 892 loci,
1263 823 1383 878 fratrum
1404 823 1590 879 concordante
1602 842 1752 900 consensu,

112 913 170 967 aliis
184 913 311 985 praelatis
324 911 496 968 sedentibus,
512 912 547 968 Et
560 911 660 967 exinde
682 913 800 966 Pontem
815 908 911 966 hudo·
952 913 1087 967 loannem
1099 911 1595 983 dePlesseisprioremdeJGoldelina3
1605 914 1750 972 sedmorte

113 1001 180 1055 mari
203 1019 338 1073 pergens,
358 1001 501 1056 libertates
524 999 661 1072 plurimas
685 999 808 1056 ecclesiae
830 998 910 1056 Becci
952 1007 1119 1074 praeventus,
1130 1001 1264 1057 successit
1273 1001 1302 1055 in
1312 1001 1609 1072 prioratuWillermus
1619 1003 1749 1060 deBour·

113 1090 298 1146 confirmavit.
950 1088 1090 1160 geanvilla
1103 1088 1180 1162 prior
1194 1088 1229 1142 de
1243 1089 1339 1143 Prato.

144 1181 224 1234 Anno
240 1179 354 1242 Domini
370 1179 519 1234 millesimo
535 1177 727 1234 ducentesimo
737 1177 910 1248 sexagesimo
986 1180 1068 1233 Anno
1081 1177 1195 1232 Domini
1208 1176 1562 1232 millesimoduoentcsimo
1577 1179 1749 1250 sexagesimo

116 1273 221 1340 quarto,
239 1267 338 1324 Idibus
351 1267 428 1336 Maii,
443 1268 512 1323 seria
526 1267 610 1323 tertia
626 1273 691 1322 ante
713 1267 908 1334 Pentecosten,
951 1283 1035 1335 nono,
1051 1271 1179 1338 tempore
1193 1265 1309 1321 loannis
1328 1265 1439 1320 abbatis
1461 1265 1544 1322 Becei
1563 1266 1664 1322 decimi
1679 1269 1750 1324 sexti

113 1357 224 1412 ecclesia
239 1357 321 1412 Becci
333 1357 480 1412 combusta
492 1357 556 1423 ruit,
572 1373 636 1412 cum
650 1354 780 1411 omnibus
789 1355 908 1424 otllcinjs
951 1355 1114 1427 supradicti,
1126 1355 1266 1410 translata
1280 1359 1324 1408 est
1342 1353 1476 1426 parochia
1488 1355 1578 1410 sancti
1593 1356 1701 1427 Nigasii
1715 1358 1750 1412 de

113 1452 137 1500 et
149 1447 293 1516 domibus,
306 1451 371 1518 post
387 1445 613 1517 completorium,
629 1443 664 1500 ab
683 1445 742 1514 igni
766 1445 847 1510 villae,
861 1428 908 1517 qli
950 1444 1081 1500 Mellento
1097 1443 1131 1498 de
1146 1443 1318 1499 monasterio
1340 1443 1543 1498 monachorum
1565 1443 1595 1498 in
1613 1445 1751 1517 capellam

111 1535 220 1608 incoepit
233 1536 265 1590 in
277 1537 363 1590 domo
377 1535 554 1607 presbyterii,
577 1541 606 1588 et
630 1532 828 1590 miserabiliter
841 1550 908 1588 con·
950 1533 1043 1588 Sancti
1067 1532 1162 1588 lacobi
1181 1531 1308 1603 ejusdem
1327 1532 1476 1603 parochiae,
1499 1537 1528 1586 et
1549 1533 1623 1588 lacta
1643 1539 1687 1588 est
1702 1533 1751 1590 illa

112 1625 227 1696 sumpsit
241 1625 339 1678 villam
351 1631 380 1679 et
391 1625 536 1679 ecclesiam
552 1623 632 1688 villae,
659 1629 688 1678 et
705 1629 803 1695 postea
821 1621 908 1677 abbe·
949 1621 1056 1694 capella
1068 1620 1236 1694 parochialis
1252 1626 1281 1674 et
1292 1619 1468 1692 baptismalis
1482 1620 1607 1689 ecclesia,
1627 1623 1751 1678 interve·

112 1713 192 1779 tiam;
209 1713 314 1768 abbate
331 1713 452 1768 lieberto
467 1719 533 1767 tunc
548 1713 623 1784 apud
638 1711 771 1767 Lexovias
785 1711 820 1765 ad
832 1693 938 1783 capi·B
949 1713 1044 1765 niente
1059 1726 1176 1765 assensu
1194 1709 1335 1781 pontilicis
1351 1709 1541 1776 carnotensis,
1558 1709 1667 1765 abbatis
1685 1725 1750 1766 con·

112 1801 341 1856 tulumabbatum
351 1801 638 1872 generaleexistente.
650 1799 752 1854 Eodem
768 1816 906 1854 annonorr
948 1805 1048 1854 ventus
1068 1798 1224 1865 Becoensis‚
1249 1804 1278 1853 et
1299 1797 1411 1870 prioris,
1432 1802 1461 1853 et
1481 1803 1633 1854 conventus
1652 1797 1749 1856 Sancti

112 1889 191 1944 multo
206 1897 273 1960 post
287 1891 375 1945 torris
390 1889 664 1962 Beccensislapidea,
677 1905 738 1960 quae
754 1894 815 1942 erat
826 1890 906 1959 juxta
948 1889 1058 1960 Nigasli
1073 1888 1108 1942 de
1123 1888 1255 1943 llellento
1281 1887 1443 1960 supradicti,
1467 1891 1496 1941 et
1513 1888 1605 1942 lvonis
1620 1888 1749 1944 Ecclesia

113 1979 261 2044 cellarium,
277 1979 393 2046 corruit,
410 1985 439 2034 et
453 1978 559 2034 dictum
575 1979 720 2034 cellarium
745 1981 774 2032 et
796 1983 905 2049 partem
948 1977 1065 2033 rectoris
1076 1975 1713 2048 ejusdem,contradioentibuS,etresistentibus
1721 1985 1750 2034 et

114 2068 226 2124 ecclesia
240 2068 449 2140 conquassavit·
948 2067 1188 2141 proclamantibus
1197 2065 1385 2137 parochianis,
1397 2065 1446 2120 sed
1459 2081 1516 2119 non
1523 2065 1750 2137 prevalentibus.

144 2157 221 2212 Anno
234 2157 349 2212 Domini
364 2157 513 2212 millesimo
529 2155 720 2212 ducentesimo
735 2155 907 2227 sexagesimo
984 2157 1137 2226 Postquam
1149 2153 1300 2227 praedictus
1311 2154 1433 2209 loannes
1447 2151 1533 2208 abbas
1545 2153 1625 2208 Becei
1634 2159 1750 2212 suenus

115 2245 212 2316 quinto,
227 2245 300 2300 obiit
311 2246 365 2318 piae
386 2246 538 2312 memoriae,
554 2251 582 2300 et
595 2245 743 2300 laudabilis
758 2245 831 2310 vitre,
845 2247 908 2316 glo·
947 2243 1114 2316 gubernavit
1129 2243 1258 2298 eamdem
1273 2242 1425 2308 abbatiam,
1440 2242 1530 2298 terme
1540 2248 1648 2316 septem
1657 2243 1749 2314 annis,

114 2333 277 2390 riosissimus
296 2334 436 2392 Robcrtus
450 2335 537 2390 abbas
552 2335 631 2390 Becci
645 2335 770 2389 decimus
781 2333 906 2406 quintus,
949 2334 1023 2389 diem
1037 2333 1138 2388 clausit
1150 2337 1317 2398 extremum,
1333 2331 1363 2386 in
1386 2331 1430 2386 die
1454 2335 1616 2387 sanctorum
1630 2332 1749 2404 Nigasii,

114 2423 227 2479 innecte
242 2425 337 2479 sancti
350 2425 520 2492 Clementis;
538 2425 585 2497 qui
600 2424 673 2479 rexit
683 2423 825 2479 abbatiam
840 2423 907 2478 dicti
949 2423 1144 2494 sociorumque
1154 2423 1224 2492 ejus,
1237 2437 1311 2477 anno
1327 2420 1440 2477 Domini
1456 2419 1604 2475 millesimo
1614 2421 1749 2478 ducente·

112 2512 168 2580 loci,
179 2521 245 2568 ante
257 2513 482 2568 combustionem
497 2515 569 2584 ejus,
576 2513 715 2568 sexdecim
726 2513 820 2582 annis,
828 2529 908 2567 men·
948 2511 1019 2566 simo
1028 2510 1236 2583 septuagesimo
1244 2509 1408 2576 secundo,et
1417 2512 1544 2582 sepultus
1554 2511 1633 2566 estin
1640 2511 1758 2584 capitu··

114 2599 182 2656 sibus
201 2619 313 2669 novem,
331 2603 515 2658 hebdomadis
533 2603 633 2669 tribus,
652 2608 680 2658 et
695 2602 785 2658 tribus
799 2602 907 2672 diebus,
949 2600 976 2655 lo
987 2599 1055 2656 dicti
1064 2600 1128 2668 loci,
1140 2599 1212 2655 circa
1227 2603 1311 2671 caput
1327 2599 1435 2654 domirri
1449 2599 1578 2655 Herluini
1589 2597 1673 2671 pririai
1683 2600 1751 2657 dicti

113 2697 169 2760 post
182 2692 408 2747 combustionem
420 2709 484 2748 vero
506 2691 616 2747 duobus
631 2691 713 2746 annis
734 2697 763 2746 et
780 2690 908 2762 dimidio,
948 2689 1002 2744 loci
1017 2688 1182 2744 fundatoris.
1195 2689 1230 2743 Et
1248 2688 1347 2742 eodem
1367 2703 1441 2742 anno
1458 2687 1581 2743 Ecclesia
1595 2688 1674 2746 Beoci
1688 2705 1752 2745 con·

115 2785 222 2851 octoque
248 2780 367 2848 diebus;
384 2781 431 2854 qui
450 2781 480 2836 in
499 2797 587 2836 unum
604 2781 720 2847 collecti,
744 2781 817 2835 fiunt
839 2779 907 2835 amri
945 2779 1044 2850 juncta
1058 2770 1101 2833 est
1113 2776 1284 2833 fraternitati
1299 2776 1427 2832 Ecclesiae
1442 2775 1613 2833 Fiscauensi.

115 2863 308 2930 novemdecim,
332 2871 453 2936 quatuor
475 2881 586 2920 menses
600 2870 629 2919 et
643 2870 765 2936 quotuor
788 2864 857 2919 dies.
872 2863 907 2918 Et
983 2867 1035 2924 Oui
1048 2867 1183 2922 successit
1196 2866 1226 2921 in
1240 2865 1354 2920 abbatia
1370 2864 1609 2921 eminentissimus
1624 2865 1675 2934 vir,
1694 2867 1749 2923 Pe·

114 2953 230 3022 sepultus
245 2959 291 3007 est
301 2953 331 3007 in
346 2955 469 3026 capitulo
484 2954 558 3008 circa
567 2953 652 3025 pedes
661 2952 767 3008 domini
776 2952 906 3008 Herluini
946 2959 1007 3009 trus
1022 2955 1057 3010 de
1071 2955 1177 3010 caniba
1195 2957 1277 3026 juxta
1296 2956 1425 3022 Boreum,
1445 2958 1513 3009 tuno
1538 2957 1596 3024 18
1610 2955 1689 3027 prior
1713 2955 1748 3012 de

113 3039 138 3093 iu
150 3041 264 3097 sinistra
271 3048 363 3114 parte.
913 3021 934 3081 0
948 3043 1129 3112 Evremodio;
1145 3043 1365 3115 benedictusque
1379 3047 1423 3098 est
1436 3041 1472 3097 ab
1486 3042 1584 3098 Odone
1597 3043 1752 3101 Rothoma-

346 3143 520 3186 rrrrrrrrrrurr
539 3144 670 3184 reusneri.
946 3135 1026 3204 gensi
1036 3134 1255 3206 archiepiscopo.
1265 3132 1317 3188 cui
1324 3131 1426 3187 accidit
1440 3131 1469 3187 in
1478 3131 1570 3204 primo
1584 3148 1658 3188 anno
1673 3131 1749 3204 regi-

174 3221 250 3274 Beoci
259 3221 423 3285 cenobium,
433 3221 716 3290 quindcuumplouqe
726 3221 869 3275 flotarium
946 3221 1032 3276 minis
1045 3223 1104 3292 ejus
1120 3221 1178 3277 tale
1191 3219 1378 3276 infortunium
1388 3220 1472 3292 quod,
1485 3219 1617 3292 praedicto
1631 3237 1705 3276 anno
1718 3220 1749 3278 in

173 3309 323 3374 Albulam,
336 3311 425 3364 tinnit
439 3315 463 3363 te
478 3312 578 3376 rueris,
597 3315 672 3378 loquo
689 3311 782 3377 refecit
946 3311 1101 3366 crastinum
1112 3311 1254 3376 Ginerum,
1263 3309 1371 3365 decimo
1382 3309 1481 3381 quinto
1491 3309 1633 3366 Kalendas
1642 3309 1747 3378 Martii,

174 3397 376 3466 Consumptom
387 3401 519 3468 flaminis,
538 3401 617 3452 ratres
628 3399 727 3452 ditavit
742 3403 766 3452 cl
781 3401 867 3468 agris.
947 3399 995 3472 qui
1015 3404 1059 3454 est
1072 3416 1162 3455 annus
1177 3398 1211 3454 ab
1226 3398 1424 3454 lncarnatione
1446 3397 1561 3453 Domini
1577 3385 1746 3454 millesimus

143 3487 210 3540 Nata
230 3486 317 3557 quod,
330 3486 442 3558 quando
449 3486 593 3542 combusta
599 3487 653 3542 luit
663 3487 778 3542 ecclesia
788 3488 905 3543 Beccen·
946 3489 1154 3544 ducentesimus
1169 3487 1510 3560 septuagesimustertius,
1523 3487 1611 3542 turris
1623 3487 1746 3542 maxima

114 3573 153 3638 sis,
164 3575 267 3630 summi
279 3577 436 3648 pontifices,
450 3577 571 3630 manime
584 3577 713 3632 Urbanus
724 3581 752 3631 et
763 3577 902 3645 Clemens,
945 3579 1025 3633 Becci
1040 3579 1154 3647 corruit,
1172 3583 1200 3632 et
1216 3577 1362 3632 ecclesiam
1372 3577 1429 3632 fere
1443 3575 1616 3648 consumpsit
1630 3581 1658 3631 et
1677 3593 1747 3632 con·

112 3664 342 3732 precibusnostris
351 3664 487 3733 inclinati,
497 3664 775 3720 inreaedillcationem
787 3669 815 3720 et
825 3682 903 3737 repa·
945 3668 1088 3739 quassavit
1101 3687 1106 3735 ;
1124 3673 1153 3722 et
1165 3667 1229 3740 plus
1243 3667 1430 3739 ponderatum
1448 3665 1502 3720 fuit
1516 3665 1651 3721 damnum
1661 3665 1747 3737 hujtis

112 3753 238 3808 rationem
246 3754 370 3809 ecclesie
381 3761 492 3819 nostrae,
505 3755 579 3825 ignis
590 3755 808 3826 conflagratione
820 3772 902 3811 casu·
943 3756 1164 3828 consumptionis
1179 3754 1747 3829 quamdamnumcombustionis,quiato·

113 3857 158 3910 que
170 3841 324 3897 miserabili
339 3843 573 3914 sicconsumpteo,
588 3843 789 3898 ordinaverunt
801 3844 901 3898 utred-
942 3851 1004 3900 tum
1032 3846 1252 3918 presbysterium
1273 3844 1303 3900 in
1326 3844 1445 3900 circuitu
1465 3845 1589 3916 oportuit
1609 3843 1745 3899 radicitus

112 3927 176 3986 ditus
187 3935 214 3986 et
224 3937 379 4004 proventus
391 3932 474 3986 unius
499 3933 565 3987 anni
581 3932 760 3986 ecclesiarum
776 3937 804 3986 et
816 3932 902 3987 bene·
943 3936 1061 3990 evellere
1073 3952 1162 4007 usque
1174 3935 1210 3989 ad
1225 3935 1419 3990 fundamenta.
1428 3933 1482 3998 Qui
1493 3933 1642 4005 praedictus
1656 3932 1742 3988 abbas

113 4017 227 4076 liciorum
242 4021 382 4083 omnium,
395 4021 425 4075 in
439 4021 540 4092 quibus
554 4039 605 4076 nos
624 4021 667 4075 vel
676 4021 783 4093 priores
795 4022 901 4093 priora·
942 4026 1026 4098 eoepit
1040 4029 1224 4096 augmentare
1233 4023 1388 4090 ecclesiam,
1404 4028 1432 4077 et
1441 4022 1557 4094 incoepit
1571 4037 1682 4077 crucem
1698 4039 1740 4077 eo

110 4109 179 4164 tuum
194 4115 359 4165 nostrorum
372 4111 419 4181 jus
434 4115 600 4180 patronatus
615 4111 760 4177 trahemus,
777 4111 901 4166 existen·
942 4115 1032 4169 clesiae
1042 4118 1071 4168 et
1084 4113 1210 4182 chorum,
1220 4112 1356 4168 etlocavit
1366 4116 1487 4184 quatuor
1497 4110 1609 4182 pillaria
1618 4110 1742 4166 maxima

111 4195 172 4251 tiurn
189 4199 218 4254 in
227 4199 354 4254 Francia
369 4205 396 4252 ct
411 4199 518 4270 Angliae
532 4199 635 4270 regnis,
657 4205 685 4253 et
703 4200 840 4270 usquead
855 4200 900 4254 de·
942 4221 992 4276 per
1007 4204 1147 4274 quadrum
1167 4202 1197 4256 in
1220 4218 1302 4256 cruce
1320 4200 1453 4256 Ecclesiae
1475 4199 1511 4254 ad
1529 4199 1614 4254 aliam
1637 4185 1741 4254 turrim

113 4299 363 4344 mmannosvacare
373 4287 555 4358 contigerint:
566 4288 932 4360 primonnnopostquaml]
943 4291 1230 4364 superaedificandam.
1253 4291 1294 4345 De
1316 4306 1371 4362 qua
1389 4289 1473 4343 ruina
1488 4289 1593 4344 lactum
1609 4287 1661 4344 luit
1672 4285 1742 4344 illud

112 4389 195 4432 vacare
209 4377 382 4446 contigerint
403 4383 431 4431 et
455 4377 621 4444 vacaverint,
647 4378 676 4432 in
697 4377 753 4430 illis
773 4377 902 4431 videlicet
941 4380 1119 4454 proverbium
1135 4380 1241 4448 Galliae,
1255 4379 1330 4451 quod
1344 4378 1490 4450 sequitur:

110 4461 274 4533 barsabas,
290 4465 433 4537 inquibus
451 4465 500 4520 illo
519 4482 601 4522 anno.
614 4465 778 4520 dioecesanis
798 4466 901 4538 episco·
1047 4471 1114 4524 L'an
1132 4469 1164 4524 da
1178 4485 1259 4538 proce
1270 4471 1321 4523 mil
1335 4469 1409 4522 diua
1420 4485 1481 4523 oens

108 4551 145 4622 pis
153 4555 277 4610 redditus
287 4560 315 4609 et
320 4559 471 4626 proventus
479 4553 901 4625 hujusmodi,exconsuetudine
1047 4558 1178 4615 Scironia
1192 4563 1217 4613 et
1233 4561 1324 4624 troiae,
1336 4561 1430 4613 virent
1444 4574 1509 4627 pens

108 4655 156 4696 non
173 4643 291 4698 debetur·
306 4657 312 4692 :
327 4643 356 4697 in
372 4643 428 4697 illis
451 4647 545 4698 autem
567 4643 596 4698 irr
619 4643 719 4716 quibus
741 4643 789 4698 illo
812 4659 896 4710 anno,
1046 4649 1083 4702 lo
1097 4649 1210 4702 raoistre
1225 4651 1289 4701 tour
1303 4647 1341 4701 du
1353 4647 1565 4714 Raodcscanclre,

110 4729 150 4800 qui
176 4731 381 4805 deportationis
409 4733 443 4804 [lc
472 4734 577 4804 deperi]
603 4733 756 4804 vulgariter
786 4732 896 4800 dicitur,
1046 4735 1549 4805 Lendomoindujourdelocondro;

108 4817 234 4877 debentur
248 4822 399 4894 episcopis,
417 4821 580 4893 hujusmodi
603 4821 806 4893 deportatlonis
823 4838 896 4876 anuo
1045 4823 1155 4878 Eutour·
1165 4827 1268 4894 prime,
1289 4825 1333 4893 sut
1343 4827 1371 4878 lo
1385 4825 1488 4878 ruine:

108 4905 258 4966 immediate
272 4911 411 4984 sequenti,
420 4912 561 4983 possimus
576 4911 718 4984 percipere
732 4912 760 4966 in
777 4911 909 4966 reaeditlm
1045 4913 1163 4967 l'oeuuro
1177 4913 1284 4968 dessein
1296 4915 1402 4968 n'cstoit
1414 4929 1464 4982 pos
1479 4915 1535 4984 fine
1550 4933 1558 4969 :

107 4999 234 5054 cerionem
259 4999 326 5054 dicti
344 5001 508 5056 monasterii
523 5001 733 5057 convertendos.
758 5003 793 5056 Et
811 5002 897 5056 etiam
1044 5003 1119 5056 Pour
1135 5017 1162 5056 ce
1176 5004 1203 5056 la
1219 5006 1283 5055 tour
1296 5017 1323 5056 se
1337 5003 1484 5069 descendit,

107 5085 297 5144 ordinaverunt
325 5089 399 5160 quod
421 5089 450 5143 in
476 5090 645 5162 prioratibus
665 5089 770 5145 ordinis
797 5089 896 5158 nostri,
1048 5091 1114 5146 Tout
1127 5093 1150 5146 la
1163 5091 1346 5160 cboerrrcossu,
1361 5097 1385 5147 ct
1398 5093 1487 5162 [ondit

107 5179 203 5231 oenum
218 5177 357 5232 tributum
372 5179 555 5250 acciperetur,
572 5179 726 5234 secundum
742 5181 895 5253 compassi·
1042 5181 1079 5234 lto
1093 5183 1121 5235 lo
1137 5183 1248 5248 nesano
1266 5183 1371 5250 orando
1379 5186 1482 5251 portio,

107 5259 234 5321 bilitatem
258 5265 474 5336 berrefrciorum3
499 5273 527 5322 et
554 5268 616 5322 aliis
637 5269 744 5324 cunctis
767 5269 895 5326 fidelibus
1046 5269 1127 5324 Corra
1143 5273 1171 5324 la
1188 5275 1250 5325 tour
1262 5271 1294 5326 do
1309 5273 1430 5341 labdone
1440 5289 1449 5337 ,·

106 5354 306 5424 penitentibus,
317 5357 364 5429 qui
374 5359 551 5430 erogaverint
559 5358 588 5412 in
602 5359 677 5430 piam
688 5359 894 5432 eleemosynam
1042 5361 1115 5414 ilicis
1129 5361 1198 5414 Dico
1219 5376 1312 5428 morey
1322 5377 1348 5414 co
1359 5376 1409 5428 roy
1419 5359 1504 5428 ebori,

107 5437 136 5493 de
149 5440 226 5497 bonis
238 5461 337 5499 eorum
348 5446 468 5501 Domino
480 5445 545 5502 anni
560 5447 711 5503 ducentum
727 5448 787 5504 dies
800 5449 895 5504 indul·
1047 5450 1167 5518 Oncques
1178 5451 1339 5519 homnron’y
1354 5453 1412 5503 cust
1420 5452 1500 5518 pcr·i;

107 5531 256 5597 gentiamm
271 5534 401 5590 contulit.
1045 5541 1083 5594 t‘c
1096 5541 1140 5608 sul
1154 5556 1187 5594 en
1201 5544 1286 5610 temps
1299 5541 1331 5594 dc
1348 5539 1430 5594 l'obtt
1443 5541 1547 5596 Piorro.
