3856 6176
168 323 221 382 455
676 321 708 376 Β.
724 321 930 379 LANFRANOI
944 323 1124 379 cantuae.
1139 324 1307 381 ARCHIEP.
1754 325 1807 385 455

172 449 346 508 lectos.Post
360 448 490 520 primam,
508 444 589 500 dictis
603 446 745 502 consuetis
757 448 873 519 psalmis
884 447 1080 510 fami-Aduas
1092 465 1207 518 cruces3
1226 453 1295 504 item
1304 449 1361 504 duc
1375 464 1440 504 cum
1454 447 1563 505 duobus
1578 451 1754 508 candelabris
1764 469 1810 508 ac·

172 539 298 602 iuribus,
322 551 386 592 cum
410 533 548 604 capitulis,
565 539 594 588 et
608 533 730 588 collectis
752 536 820 602 suis,
840 535 969 592 dicantur
1009 537 1099 592 censis
1112 538 1233 609 desuper
1250 537 1348 603 cereis,
1367 537 1416 592 alii
1430 537 1486 594 duo
1508 538 1632 596 ferentes
1645 542 1702 597 duo
1714 542 1811 598 thuri-

172 633 280 699 septem
288 622 388 696 psalmi
397 639 461 678 cum
471 622 578 676 litania.
588 622 643 676 Per
651 622 777 694 singulas
786 625 870 678 horas
880 641 969 696 usque
1008 623 1075 680 bula
1089 626 1154 697 igne
1166 634 1195 682 et
1208 627 1292 684 thure
1308 627 1421 683 referta.
1445 628 1525 692 Quod
1539 630 1605 684 thus
1619 630 1650 684 in
1664 631 1810 687 thuribulo

174 716 210 770 ad
224 729 363 786 vesperas,
387 712 509 782 aprima
524 710 697 782 incipientes,
722 710 818 765 dicant
828 714 969 784 psalmum
1011 713 1094 769 debet
1109 732 1224 786 ponere,
1241 717 1285 771 vel
1306 715 1392 770 abbas
1416 716 1441 770 si
1456 717 1487 770 in
1501 717 1586 772 choro
1600 723 1653 784 est,
1668 721 1810 774 conversis

175 805 285 858 lactina
291 803 417 867 Domine,
428 816 479 871 pro
489 799 609 871 hisquos
619 800 752 870 prostrati
766 801 868 856 dicturi
878 807 968 856 erant.
1011 803 1171 870 thuribulis,
1187 811 1216 859 et
1229 805 1353 860 arculam
1365 801 1420 874 (63)
1435 821 1500 860 cum
1509 806 1593 862 thure
1607 807 1809 876 deferentibus,

176 893 244 947 Post
265 888 419 962 capitulum
442 887 559 942 sedeant
576 887 605 940 in
628 887 749 943 claustro
770 905 833 943 cum
847 890 968 956 silentio,
1011 891 1123 962 velipse
1137 898 1244 955 cantor,
1261 892 1385 948 siabbas
1398 894 1488 948 deest
1495 895 1563 966 lpse
1574 895 1650 950 enim
1664 895 1811 953 distribuit

177 999 266 1054 usque
281 980 348 1036 dum
362 978 490 1051 pulsetur
503 977 615 1046 signum
636 976 673 1030 ad
691 977 823 1044 tertium;
849 978 971 1034 infantes
1013 995 1074 1050 quae
1089 981 1227 1050 portanda
1240 987 1316 1046 sunt,
1332 989 1361 1036 et
1373 983 1579 1053 processionem
1602 984 1725 1051 ordinat,
1749 987 1809 1041 ilos

176 1087 288 1144 quoque
296 1074 360 1142 post
373 1066 526 1138 capitulum
536 1081 629 1131 suum,
650 1064 850 1122 descendentes
860 1067 895 1122 de
909 1068 971 1122 dor·
1012 1075 1167 1140 sequantur
1187 1070 1243 1124 duo
1266 1069 1429 1125 subdiaconi
1451 1076 1598 1142 portantes
1622 1073 1692 1128 duos
1715 1078 1810 1130 textus

177 1159 300 1226 milonio,
325 1159 378 1213 hoc
403 1154 550 1210 intervallo
571 1153 601 1208 in
624 1153 719 1209 schola
740 1172 793 1209 sua
813 1155 930 1211 sedeant
943 1161 972 1212 et
1012 1157 1235 1228 Evangeliorum.
1251 1159 1319 1213 Post
1333 1175 1402 1230 quos
1415 1159 1477 1214 laici
1492 1161 1632 1228 monachi,
1648 1162 1749 1218 deinde
1763 1163 1810 1218 in·

176 1251 281 1322 legant.
308 1248 409 1303 Totam
436 1245 511 1298 diem
535 1242 699 1297 solemniter
722 1250 817 1314 agant,
842 1250 970 1316 utraeque
1008 1243 1101 1300 fantes
1117 1261 1181 1301 cunr
1192 1246 1342 1318 magistris.
1357 1247 1425 1321 Post
1438 1263 1508 1318 quos
1518 1250 1612 1304 catari
1623 1249 1725 1306 fratres
1737 1269 1809 1323 prae·

176 1340 270 1394 missae
282 1337 318 1392 ad
336 1335 428 1404 majus
440 1332 529 1387 altare
540 1330 727 1387 celebrentur.
741 1332 783 1386 Ad
799 1331 913 1386 missam
925 1335 970 1402 jc·
1011 1334 1141 1390 cedentes
1154 1335 1284 1390 abbatem
1302 1335 1351 1407 qui
1359 1336 1475 1392 ultimus
1487 1338 1687 1410 procedit,doo
1697 1344 1726 1394 et
1739 1341 1807 1402 duo,

173 1428 307 1501 juniinec
315 1424 414 1480 litania
425 1421 623 1494 premittatua
632 1437 684 1475 nec
695 1421 873 1478 adcanonem
885 1438 971 1493 supra
1010 1421 1083 1477 sicut
1096 1428 1163 1478 sunt
1174 1423 1292 1495 priores.
1411 1479 1416 1488 ,

175 1518 451 1573 formascurventur.
470 1509 512 1564 Ad
527 1526 667 1580 vesperas,
683 1510 738 1564 nisi
754 1511 783 1564 in
796 1511 919 1565 crastino
933 1511 970 1566 sit
1045 1513 1111 1566 llaec
1134 1518 1200 1567 sunt
1223 1529 1284 1584 quae
1300 1513 1335 1568 ad
1359 1515 1433 1570 hanc
1446 1516 1653 1587 processionem
1667 1519 1809 1575 cantanda

175 1605 311 1661 festivitas
327 1598 474 1656 duodecim
498 1596 660 1658 lectionum,
676 1597 751 1653 inter
772 1597 853 1668 signa
875 1599 970 1654 dicunt
1010 1605 1085 1665 sunt,
1099 1600 1260 1668 calomnia,
1284 1603 1329 1656 vel
1343 1609 1483 1673 quantum
1503 1606 1663 1676 permiserit
1683 1609 1810 1679 spatium

174 1695 246 1748 Deus
255 1691 372 1744 auribus
385 1689 495 1751 nostris,
512 1689 576 1754 post
592 1685 736 1739 collectam
746 1685 906 1740 festivitatis
916 1687 970 1740 col·
1009 1689 1063 1742 loci
1078 1705 1133 1759 quo
1144 1688 1212 1745 ituri
1226 1696 1293 1746 sunt
1308 1707 1314 1742 :
1328 1693 1398 1746 Auta
1411 1709 1459 1747 sec
1471 1695 1527 1748 dies
1535 1713 1544 1759 ,·
1567 1697 1637 1752 Dum
1655 1701 1811 1766 appropia·

173 1783 276 1838 lectam
286 1780 320 1834 de
334 1777 415 1840 feria,
427 1791 491 1830 cum
504 1774 598 1829 litorio
613 1776 919 1847 Potri;postvesperas
934 1759 1116 1845 reliqueret,
1140 1779 1237 1832 Primo
1260 1785 1354 1833 cutem
1373 1796 1550 1848 azymos-rem,
1565 1785 1700 1839 Dorniaus
1717 1788 1808 1852 lasus,

175 1871 306 1928 omnibus
325 1865 445 1932 Sanctis,
467 1879 597 1935 vesperas
621 1877 671 1934 pro
692 1862 841 1917 defunctis.
863 1863 969 1934 vigilia
1010 1865 1213 1933 dopitcverunt,
1233 1867 1302 1922 Duru
1314 1870 1436 1924 auderet
1445 1873 1574 1939 populus,
1591 1888 1684 1927 omnes
1702 1875 1810 1928 collea-

174 1967 351 2018 mortuorum
365 1957 427 2027 ipsa
440 1951 608 2008 dieminime
623 1951 807 2022 agatur.Post
821 1953 971 2023 completo·
1010 1953 1088 2006 dont.
1100 1953 1170 2008 Cum
1184 1959 1279 2010 autem
1293 1962 1457 2027 perventuro
1466 1958 1807 2032 fueritadipsurnlocum‚

174 2052 250 2106 rium
262 2047 370 2103 cortina
381 2043 555 2108 extendatur,
574 2046 603 2094 et
616 2040 712 2094 formae
724 2040 754 2094 in
766 2041 882 2096 chorum
897 2042 970 2096 refe·
1012 2041 1062 2096 frat
1069 2043 1179 2097 statice
1191 2048 1252 2098 toto
1262 2050 1409 2100 conventu.
1421 2047 1544 2102 cantore
1553 2053 1649 2104 autem
1656 2049 1809 2122 incipiente

171 2143 282 2196 rantur,
1010 2129 1196 2201 antiphonam
1207 2132 1363 2187 Occurrunt
1371 2135 1466 2200 turba,
1478 2136 1639 2192 exeantduo
1647 2141 1809 2195 sacerdotes

232 2231 328 2283 Ssorro
339 2221 577 2290 IV.-Tempore
592 2217 737 2274 Passionis
748 2217 913 2274 Dominice.
1010 2218 1081 2273 albis
1106 2219 1208 2285 induti,
1226 2220 1274 2291 qui
1298 2227 1411 2293 portent
1434 2223 1580 2292 feretrum,
1604 2227 1680 2297 quod
1704 2245 1809 2299 parum

210 2315 331 2373 Sabbato
340 2313 375 2368 ad
389 2327 518 2383 vesperas
532 2313 598 2364 ante
617 2307 781 2363 Passionem
796 2308 909 2363 Domini
925 2307 969 2362 di·
1009 2308 1164 2362 antediem
1180 2308 1216 2364 ab
1230 2309 1336 2364 eisdem
1359 2311 1549 2367 sacerdotibus
1562 2314 1629 2369 illuc
1647 2315 1730 2372 debet
1742 2335 1807 2373 esse

173 2402 404 2462 mittaturoratio
423 2400 458 2455 de
471 2415 563 2465 cruce,
586 2413 638 2452 nec
660 2397 695 2451 ad
716 2396 902 2468 responsoria,
918 2413 969 2452 nec
1009 2393 1144 2463 delatum,
1173 2396 1203 2450 in
1232 2413 1287 2468 quo
1315 2402 1344 2452 et
1370 2415 1470 2470 corpus
1499 2400 1603 2456 Christi
1629 2419 1689 2458 csse
1721 2405 1809 2460 debet

173 2493 440 2557 adinvitatoria,nec
448 2488 484 2543 ad
494 2485 712 2542 missasdicatur
720 2485 824 2552 Gloria,
832 2486 969 2556 usquead
1009 2483 1194 2539 reconditum.
1214 2485 1258 2539 Ad
1284 2486 1359 2558 quod
1377 2486 1513 2543 feretrum
1532 2491 1691 2560 precedant
1707 2494 1809 2549 statim

172 2585 290 2648 Pascha,
305 2582 360 2636 nisi
382 2579 468 2634 missa
487 2576 635 2632 familiaris
657 2574 695 2629 sit
717 2574 747 2628 in
762 2580 909 2640 conventu,
925 2574 969 2628 vel
1009 2571 1057 2642 qui
1068 2572 1170 2627 vexilla
1182 2578 1297 2643 portant
1310 2580 1339 2629 et
1347 2591 1442 2630 cruces
1453 2581 1482 2631 et
1492 2583 1594 2632 caetera
1603 2596 1665 2652 quae
1675 2583 1808 2653 superius

173 2679 251 2730 extra
265 2672 442 2733 conventum,
454 2672 482 2722 et
492 2665 546 2722 nisi
560 2663 739 2719 festivitatem
749 2663 869 2731 alicujus
879 2663 968 2718 sancti
1007 2661 1172 2716 dictasunt.
1189 2662 1224 2716 Et
1237 2662 1377 2718 stantibus
1392 2664 1427 2719 iis
1445 2666 1494 2736 qui
1518 2667 1653 2722 feretrum
1678 2675 1805 2741 portant,

172 2766 360 2833 hocternpore
374 2756 509 2814 celebrari
524 2754 678 2824 contingat.
688 2753 754 2817 Qua
764 2753 788 2806 si
798 2752 929 2816 evenerit,
940 2758 968 2807 et
1007 2748 1123 2804 stabunt
1134 2749 1225 2823 etipsi
1239 2767 1256 2804 a
1270 2752 1385 2807 dextera
1398 2759 1428 2807 et
1440 2770 1457 2807 a
1470 2753 1585 2810 sinistra
1599 2756 1805 2828 ipsiusferetri,

171 2853 207 2908 ad
217 2847 404 2924 responsoria,
420 2851 450 2902 et
463 2845 499 2900 ad
512 2844 627 2898 missam
644 2841 753 2896 dicatur
767 2841 862 2898 Gloria
876 2843 965 2908 Patri,
1008 2837 1136 2894 ordinate
1164 2839 1237 2895 sicut
1261 2847 1409 2896 uenerunt.
1437 2843 1521 2897 Pueri
1544 2861 1610 2900 vero
1639 2847 1807 2904 accedentes

172 2941 245 2997 sicut
254 2939 309 2995 alio
322 2941 419 3004 πω
431 2941 570 3005 tempore.
586 2933 644 2986 Hoc
658 2936 785 3003 tempore
801 2929 912 3000 legatur
923 2930 967 2986 Je-
1008 2925 1131 2993 stabunt,
1158 2927 1244 2982 versis
1269 2928 1392 2984 vultibus
1425 2931 1461 2985 ad
1489 2931 1564 3003 ipsos
1582 2932 1714 3004 reliquos,
1738 2953 1809 2992 cum

171 3030 274 3085 remi„
285 3042 374 3098 usque
389 3025 424 3080 ad
438 3023 556 3078 Pascha,
975 3014 1149 3095 omagistris
1166 3015 1224 3071 suis
1245 3021 1274 3071 et
1297 3017 1466 3089 quibusdam
1485 3021 1644 3077 cantoribus
1658 3023 1706 3094 qui
1726 3026 1811 3080 auxi-

206 3116 353 3174 Dominica
361 3115 391 3169 in
403 3112 509 3166 Palmis
518 3110 554 3165 ad
567 3107 834 3174 invitatorium,duo
843 3107 872 3162 in
886 3107 965 3163 albis.
1009 3102 1045 3158 li⁰
1068 3104 1108 3159 eis
1135 3121 1196 3160 esse
1219 3111 1345 3177 POSSunt·
1376 3107 1498 3178 MflJ'ores
1529 3125 1594 3165 vero
1624 3112 1696 3167 versi
1719 3121 1810 3170 erunt

149 3205 154 3214 ¹
171 3205 354 3277 Evangelium
367 3200 565 3274 pronuntietur
576 3198 646 3253 darn
656 3199 920 3266 appropinquassem
932 3197 967 3252 de
1008 3191 1043 3246 ad
1057 3193 1186 3261 invicem,
1198 3211 1231 3249 eo
1241 3195 1324 3250 modo
1335 3212 1390 3267 quo
1405 3196 1436 3250 in
1449 3197 1533 3252 choro
1547 3203 1622 3254 stare
1640 3201 1741 3258 solent.
1757 3204 1810 3259 Sic

119 3313 127 3324 ·
171 3311 226 3367 quo
246 3299 274 3348 et
285 3291 376 3356 lectio,
393 3295 422 3345 et
435 3304 527 3344 senno
541 3286 571 3340 in
585 3284 717 3356 capitulo.
733 3285 766 3339 ln
781 3300 835 3355 quo
846 3285 967 3355 capitulo
1007 3287 1102 3336 autem
1113 3282 1258 3338 ordinetur
1264 3284 1322 3338 haec
1330 3286 1465 3352 static,ut
1472 3287 1612 3344 modicum
1622 3289 1809 3348 intervallum

171 3383 282 3438 ordinet
313 3379 410 3446 abbas,
436 3377 480 3433 vel
507 3375 592 3447 prior,
617 3371 822 3443 processionem
845 3379 874 3428 et
900 3374 967 3444 quid
1007 3369 1045 3424 sit
1057 3370 1132 3426 inter
1145 3388 1247 3442 pueros
1262 3378 1291 3426 et
1301 3373 1436 3443 majorem
1450 3381 1627 3432 conventum.
1641 3378 1732 3434 Finita
1747 3396 1808 3435 an-

171 3471 288 3543 quisque
299 3473 412 3540 portare
421 3465 532 3530 debeat,
544 3469 573 3518 et
587 3462 707 3534 qualiter
716 3461 845 3516 ordinate
859 3467 967 3516 caniac
1007 3458 1283 3530 tiphonaoccurrcnt
1297 3464 1391 3529 turha,
1400 3462 1537 3534 incipiant
1549 3466 1631 3536 pueri
1639 3472 1668 3521 et
1676 3468 1724 3539 qui
1733 3485 1806 3526 cum

170 3559 288 3616 redeant
301 3557 413 3616 fratres.
425 3552 589 3610 Sacerdotes
597 3551 632 3606 ad
642 3550 763 3622 privatas
770 3549 871 3604 missas
879 3566 966 3605 unam
1006 3547 1047 3601 eis
1061 3551 1128 3603 sunt
1141 3549 1324 3620 antiphonam
1338 3551 1471 3606 Hoscnnc
1484 3555 1542 3620 filio
1552 3555 1641 3610 Dauid
1654 3556 1806 3614 flectentes

170 3653 280 3703 tanturn
295 3645 441 3700 collectam
453 3643 557 3706 dicant,
579 3639 760 3710 Evangelium
781 3640 851 3695 dum
869 3655 966 3708 oppro-
1005 3652 1099 3706 genua
1113 3637 1178 3692 etin
1190 3638 1337 3710 principio,
1352 3644 1380 3694 et
1394 3639 1425 3694 in
1439 3641 1495 3696 fine
1508 3641 1679 3714 antiphonae,
1691 3646 1759 3717 quia
1769 3648 1806 3702 in

167 3738 335 3806 pinquasset,
351 3731 515 3788 Passionem
528 3730 622 3784 nullus
635 3729 720 3798 legat,
735 3726 790 3782 nisi
802 3727 904 3782 fratres
917 3727 965 3799 qui
1006 3730 1126 3797 utroque
1137 3727 1267 3781 lloscnnc
1277 3726 1388 3782 dicitur.
1401 3729 1491 3793 Quam
1501 3731 1685 3802 antiphonam
1698 3735 1808 3790 chorus

169 3825 199 3878 in
209 3823 308 3880 formis
320 3825 451 3886 cantant;
472 3818 559 3872 missa
573 3815 748 3871 matutinalis
763 3831 827 3870 curn
841 3831 898 3870 una
908 3816 966 3870 col-
1005 3819 1125 3885 repetat,
1141 3820 1170 3869 et
1183 3815 1414 3886 similitergcnua
1431 3819 1536 3874 flectat.
1551 3820 1658 3876 Deinde
1671 3839 1689 3876 a
1705 3824 1809 3894 pueris

169 3915 250 3970 lecta.
262 3911 331 3967 Post
344 3908 540 3965 matutinalem
558 3905 672 3960 missam
686 3903 869 3959 benedicatur
881 3920 964 3976 aqua,
1006 3907 1135 3958 cantetur
1148 3903 1302 3975 mrtiphona
1313 3909 1502 3976 remaneatis,
1518 3907 1548 3963 in
1560 3909 1738 3966 frnetanturn
1752 3929 1810 3968 an-

169 4003 204 4058 ad
219 4017 304 4075 quam
319 4000 376 4055 sint
390 4013 487 4052 omnes
497 3995 567 4050 albis
579 3993 753 4049 indutii'ict
762 3993 903 4064 processio
915 4010 966 4064 per
1005 3991 1128 4062 tiphonae
1136 4008 1229 4063 genua
1241 3993 1426 4050 flectentibus.
1445 3995 1512 4060 Qua
1526 3997 1682 4070 antiphona
1701 4017 1719 4055 a
1737 4017 1811 4057 con-

168 4095 331 4157 clamem,
348 4095 381 4146 ut
394 4105 455 4144 mos
469 4092 521 4154 est,
535 4084 664 4141 omnibus
677 4083 829 4138 Dominicis
849 4083 962 4153 diebus;
1004 4083 1090 4134 ventu
1105 4083 1248 4152 repetatur
1260 4086 1288 4135 et
1301 4081 1433 4138 similiter
1446 4084 1699 4157 veniaaccipiatur.

168 4180 343 4239 Intrantibus
364 4177 510 4234 ecclesiam
536 4175 684 4248 pulsentur
711 4173 802 4243 signa,
831 4179 859 4228 et
884 4173 963 4228 finito
1040 4169 1146 4225 Taliter
1158 4170 1202 4225 his
1214 4171 1453 4241 peractisssabbaie
1468 4173 1510 4228 vel
1522 4181 1635 4230 cantore
1647 4176 1808 4248 incipiente

167 4269 355 4344 responsario,
382 4274 411 4324 et
433 4265 595 4336 dictisque
623 4261 678 4318 dici
698 4262 789 4316 solent
809 4261 962 4317 Dominicis
1003 4257 1188 4329 antiphonam
1202 4259 1264 4326 Ave,
1280 4275 1331 4314 rea
1349 4266 1449 4324 noster,
1475 4267 1622 4318 transeant
1649 4264 1809 4336 portitores

166 4360 275 4428 diebus,
284 4363 414 4414 cantatur
422 4355 517 4410 tertia.
525 4355 646 4409 cantata
658 4351 744 4406 tertia
753 4351 865 4422 legatur
875 4347 1099 4444 Euan-Dferetri
1110 4363 1162 4418 per
1171 4347 1296 4403 medium
1309 4347 1449 4418 stationis,
1459 4351 1680 4421 precedentibus
1694 4353 1737 4408 his
1748 4356 1806 4427 qui

165 4448 271 4519 galium
294 4447 386 4502 Turbo
399 4447 500 4500 multo.
524 4443 626 4498 Postea
640 4440 774 4494 accedens
796 4437 890 4506 abbas,
912 4445 962 4494 aut
1001 4435 1102 4491 vexilla
1122 4440 1246 4508 portant,
1267 4442 1296 4492 et
1309 4438 1416 4492 caeteris
1429 4439 1560 4510 superius
1573 4440 1654 4496 dictis
1676 4443 1805 4514 portito-

166 4536 305 4600 sacerdos,
314 4533 460 4589 benedicat
473 4532 590 4603 palmas,
601 4535 629 4584 ct
643 4530 726 4584 flores
736 4534 764 4584 ct
774 4527 888 4582 frondes
895 4532 961 4583 ante
1001 4524 1090 4592 ribus,
1105 4531 1214 4580 servato
1228 4525 1264 4580 ab
1272 4526 1402 4582 omnibus
1410 4527 1508 4584 ordine
1523 4529 1703 4587 inredeundo
1710 4548 1803 4604 quem

166 4625 257 4695 majus
278 4623 366 4678 altare
377 4637 463 4692 supra
471 4625 598 4690 tapetum
611 4617 711 4690 posita,
727 4633 800 4689 aqua
813 4615 961 4672 benedicta
1001 4613 1163 4669 hahuerunt
1174 4613 1205 4668 in
1219 4615 1322 4670 eundo.
1339 4615 1445 4680 Quibus
1457 4619 1669 4676 transeuntibus
1682 4623 1805 4679 flectent

166 4715 306 4785 aspergat,
323 4717 351 4766 et
369 4710 505 4764 incenset.
521 4707 691 4762 accedentes
704 4705 849 4761 secretarii
864 4705 961 4760 dhur-
1000 4719 1104 4774 genua,
1119 4720 1176 4759 non
1190 4701 1275 4758 simul
1287 4721 1394 4771 omnes,
1411 4705 1461 4760 sed
1475 4705 1578 4778 singuli
1597 4708 1662 4764 hinc
1677 4715 1705 4764 et
1718 4711 1802 4781 inde,

167 4800 255 4856 buant
268 4817 311 4866 ca,
326 4799 434 4871 palmas
453 4794 558 4862 abbati,
581 4799 611 4850 et
628 4793 776 4867 prioribus,
793 4799 822 4849 et
833 4793 961 4865 personis
1001 4792 1075 4848 sicut
1084 4791 1220 4846 feretrum
1245 4792 1377 4848 transibit
1399 4799 1465 4849 ante
1479 4811 1535 4850 eos.
1559 4797 1726 4852 Percantata
1742 4799 1806 4857 hac

165 4888 382 4953 honestioribus,
406 4887 490 4940 flores
513 4891 543 4940 et
569 4883 681 4939 frondes
710 4882 826 4938 cateris.
843 4883 960 4938 Interim
1000 4881 1165 4952 antiphona,
1188 4886 1303 4936 cantent
1325 4887 1353 4936 et
1376 4881 1441 4950 alia,
1457 4882 1480 4938 si
1499 4884 1622 4956 spatium
1647 4885 1700 4942 loci
1713 4887 1807 4958 plura

165 4985 279 5036 cantore
301 4974 463 5048 incipiente,
483 4977 612 5028 cantatur
634 4971 786 5044 antiphona
808 4974 894 5026 Pueri
911 4973 961 5028 He·
1000 4970 1169 5041 poposcerit.
1185 4969 1257 5025 Cum
1280 4970 1408 5025 veneunt
1432 4971 1468 5026 ad
1490 4977 1587 5043 portas
1605 4973 1724 5030 civitatis
1738 4983 1806 5034 sta-

165 5071 312 5133 braorum,
324 5071 353 5120 et
366 5063 429 5131 alia,
437 5065 522 5118 Pueri
531 5063 716 5118 Hebraeorum.
728 5060 778 5115 His
791 5060 832 5115 ita
844 5061 960 5132 expletis
999 5058 1107 5113 tionem
1120 5057 1233 5126 faciant,
1259 5059 1397 5131 separatis
1410 5059 1446 5114 ad
1465 5060 1594 5128 invicem,
1613 5069 1697 5134 prout
1715 5064 1804 5123 locus

164 5157 359 5231 proficiscatur
376 5151 528 5225 processio,
543 5155 657 5205 cantore
671 5149 822 5221 incipiente
841 5165 904 5220 quae
923 5150 960 5204 ad
1000 5147 1132 5218 patietur,
1148 5147 1276 5219 utrisque
1290 5146 1434 5212 lateribus,
1449 5148 1584 5204 feretrum
1598 5155 1739 5206 vernante
1754 5152 1805 5208 in-

164 5249 238 5304 hanc
246 5243 453 5319 processionem
471 5241 579 5296 cantari
601 5244 720 5312 oportet.
746 5239 807 5303 Qua
825 5238 860 5293 dc
874 5239 959 5294 choro
999 5237 1117 5292 troilum
1130 5241 1276 5308 portarum
1289 5237 1330 5292 sic
1342 5243 1464 5308 ponatur
1476 5241 1803 5310 supermensampallio

164 5341 292 5402 exeunte,
307 5334 455 5406 pulsentur
467 5329 562 5384 omnia
575 5328 665 5399 signa.
685 5327 847 5383 Praecedant
860 5327 959 5382 famuli
999 5329 1159 5397 coopertam
1173 5330 1205 5380 ut
1217 5325 1344 5398 praedicti
1356 5326 1516 5397 portitores,
1533 5343 1566 5382 err
1575 5331 1695 5399 uhoquc
1705 5328 1805 5389 latere

164 5443 229 5482 curn
241 5423 357 5490 vexillis,
373 5423 507 5491 sequatur
524 5432 675 5473 conversus
699 5415 735 5489 [i.
759 5415 902 5487 novitius],
921 5415 960 5471 fe-
999 5419 1116 5482 stantes,
1132 5413 1256 5470 habeant
1270 5415 1307 5469 ad
1325 5415 1460 5472 feretrum
1473 5414 1504 5470 in
1522 5415 1615 5472 medio
1629 5432 1727 5472 eorum
1742 5435 1803 5490 po-

164 5531 231 5570 rens
241 5513 355 5569 situlam
365 5525 430 5564 cum
439 5523 513 5580 aqua
524 5505 678 5574 benedicta,
686 5504 735 5559 alii
749 5505 804 5560 duo
812 5509 959 5577 portantes
1000 5503 1087 5560 situm
1101 5519 1197 5560 versas
1210 5503 1297 5562 facies
1319 5520 1395 5576 suas.
1409 5503 1577 5562 lecusvero
1599 5521 1685 5577 super
1705 5506 1804 5565 intro-

201 5599 255 5677 (63)
269 5601 422 5670 arculam
436 5597 684 5660 concoenantem
697 5593 849 5668 appellant.
