3934 6174
226 251 279 311 sot
715 249 750 306 o.
765 237 977 310 ‘mdiorum
996 248 1176 310 corrono.
1196 250 1364 309 reomao.
1804 253 1857 311 too

226 381 330 434 ootorm
342 373 835 448 mbomtorss'e'aientesaotemquod
845 380 1080 451 nonjustiticatur
1091 378 1176 434 bomo
1186 375 1230 434 ib.
1243 395 1276 432 ex
1287 377 1419 450 operibus
1429 375 1509 448 legis,
1517 373 1569 430 nisi
1581 371 1726 448 per'bde'm
1734 371 1852 432 timum

222 463 418 532 taruennam
437 469 466 519 et
481 479 533 519 nos
546 463 696 519 inchristo
709 464 938 532 tesucredv'mns,
953 467 1181 539 utjustiticemur
1193 481 1226 521 ex
1238 467 1292 521 tide
1307 467 1419 529 Christi,
1439 471 1468 520 ει
1480 480 1548 520 non·
1561 481 1594 519 ex
1620 465 1751 538 operibns
1766 465 1854 537 legis3

216 551 419 624 propterquod
426 551 508 622 <quio
519 568 553 607 eo
565 553 617 621 Mo
631 553 735 608 Obsisti
749 555 873 624 tontum)
885 555 1059 626 exoperibus
1071 556 1142 627 legis
1156 571 1212 610 non
1223 553 1425 625 justificabitur
1439 553 1530 608 omnis
1540 569 1619 610 caro.
1644 555 1703 609 Hoc
1714 571 1797 624 osque
1811 557 1856 609 io-

222 639 371 710 impositio,
386 645 411 696 ει
422 642 504 696 verbo
521 642 645 710 Apostoli
654 643 693 696 cd
705 642 835 697 Potrom.
851 641 895 711 27,
912 642 956 701 28.
975 643 1055 709 Quod
1070 645 1093 700 si
1105 647 1261 717 querentes
1272 643 1423 715 iustificari
1440 643 1469 697 in
1484 641 1595 700 Christo
1608 647 1729 710 tontum,
1746 643 1854 699 inventi

219 742 320 786 somus
328 735 357 784 et
364 729 419 802 ipsi
430 734 600 803 peccatores,
608 729 655 793 ιθ,
666 731 795 803 nunquid
806 732 938 788 Christus
943 733 1048 804 peccati
1055 733 1184 789 minister
1197 732 1260 788 esti
1272 733 1434 802 ostroque,
1453 735 1479 786 ri
1491 735 1527 786 sit
1542 733 1621 786 ittod.
1633 731 1714 787 Absit
1728 739 1759 786 ut
1774 734 1854 790 Obri-

219 821 278 872 stos
292 821 424 874 minutor
434 821 600 890 sitpcccoti!
615 817 659 885 30,
672 817 716 876 31.
731 815 762 876 Si
776 819 852 876 enim
867 837 930 893 quoe
940 821 1074 889 destruxi,
1088 825 1121 877 in
1134 824 1190 891 teqe
1201 823 1503 890 ersejostittcctioncm,
1514 821 1617 876 iterum
1632 821 1691 876 bec
1704 821 1853 890 rsaedidcm

218 906 461 979 prevaricatorem
481 924 529 963 me
550 907 700 974 constituo,
717 923 774 964 non
786 911 897 964 medens
909 912 982 979 qood
994 911 1064 976 dico,
1076 911 1108 964 ot
1121 916 1168 976 ert,
1178 926 1230 979 per
1243 911 1500 979 teqomJ'ustisscor-e.
1515 911 1588 964 Unio
1597 911 1664 963 boc?
1681 911 1828 979 Respondet
1845 929 1853 964 :

217 1001 289 1050 cort
300 998 372 1064 quia
383 1012 444 1065 qua
451 997 587 1062 destruct,
605 999 749 1052 constitere.
762 995 805 1064 d‘i,
823 996 866 1064 33,
877 996 923 1055 ot.
932 999 990 1069 Ego
1004 997 1138 1069 enimper
1147 999 1237 1069 legem
1246 999 1432 1066 spiritualem,
1446 997 1499 1066 legi
1516 1003 1644 1051 mortuns
1662 1012 1738 1067 sum,
1750 1004 1783 1053 ut
1793 997 1850 1053 Deo

215 1081 321 1151 vivom
331 1083 374 1142 35.
385 1083 506 1150 Obristo,
517 1086 651 1153 sequendo
661 1088 720 1155 qur
734 1089 859 1154 oestiqio,
869 1088 1065 1144 condrussum
1081 1085 1166 1140 croci.
1179 1083 1225 1142 36.
1242 1085 1311 1140 Vivo
1326 1089 1432 1151 autem,
1447 1085 1507 1156 jam
1526 1097 1582 1140 non
1595 1100 1647 1156 ego
1660 1090 1690 1139 ot
1704 1089 1794 1153 prior,
1811 1090 1852 1142 oei

213 1173 266 1240 qui
278 1173 343 1239 soi:
355 1169 399 1239 tt,
417 1169 610 1230 38.riiitvero
623 1173 654 1228 in
666 1173 866 1242 memmimus,
879 1179 1013 1244 quoniam
1024 1179 1112 1231 uitam
1124 1175 1205 1229 iltius
1217 1175 1406 1228 immortalem
1421 1178 1521 1241 sperat.
1535 1173 1748 1242 tiopoott.Quod
1756 1179 1852 1229 autem

213 1274 290 1314 nnnc
303 1259 408 1315 vivoin
422 1275 516 1328 carne,
528 1260 558 1316 in
573 1261 696 1317 fldevivo
711 1261 774 1318 iiiii
784 1263 844 1329 Dei,
860 1264 909 1335 qui
922 1263 1019 1321 ditexit
1034 1279 1088 1330 me,
1097 1263 1291 1333 (commendat)
1304 1267 1333 1316 ot
1347 1259 1465 1317 tradidit
1479 1261 1659 1332 semetipsum
1671 1278 1722 1333 pro
1732 1263 1852 1320 malalee

213 1345 256 1413 to,
273 1345 317 1404 to.
331 1347 511 1419 Nomabjicio
522 1349 645 1420 gratiam
654 1350 716 1410 Dei.
731 1351 777 1420 m,
788 1349 834 1410 tt.
848 1351 877 1408 Si
892 1353 968 1408 enim
982 1368 1032 1425 per
1043 1353 1135 1424 legem
1143 1351 1266 1424 justitia,
1284 1367 1341 1407 oon
1349 1355 1523 1420 permortem
1535 1351 1647 1417 Christi,
1659 1367 1726 1422 ergo
1739 1349 1852 1422 iigm-

210 1434 248 1490 tis
261 1435 391 1494 cbristus
400 1439 530 1494 mortuus
541 1443 594 1494 est.

242 1627 339 1689 tom
349 1633 477 1704 oportbm
486 1634 562 1702 topic.
574 1631 837 1706 Exoperibnslegis,
847 1651 905 1691 non
916 1655 923 1704 ;
938 1652 1004 1692 nam
1012 1643 1038 1702 Α
1046 1636 1109 1708 lege
1115 1636 1297 1710 predicatum
1305 1635 1399 1692 inveni
1409 1633 1564 1705 Christum,
1575 1636 1621 1693 cui
1636 1635 1761 1704 credens,
1773 1652 1849 1691 mor-

200 1719 232 1776 ·e'i
244 1719 298 1776 boc
311 1725 395 1788 esset,
402 1735 458 1776 non
464 1721 494 1776 in
503 1719 616 1777 Christo
624 1727 735 1778 tantum
745 1728 820 1779 esset
829 1723 1005 1796 justificatio,
1047 1731 1113 1781 tuus
1123 1743 1186 1781 sum
1199 1725 1264 1796 legi.

203 1809 254 1864 sed
264 1809 294 1863 in
304 1807 417 1865 Christo
425 1813 538 1865 tantum
552 1814 603 1866 est.
612 1809 642 1866 Si
653 1810 683 1866 in
697 1810 810 1868 Christo
824 1817 933 1869 tantum
949 1831 1006 1870 non
1083 1813 1260 1872 sennensi.
1271 1813 1357 1884 (ibid.)
1365 1813 1653 1884 queoimpertoqem.
1663 1805 1736 1880 Quia
1748 1805 1847 1882 ’195

200 1903 246 1954 aet
261 1897 435 1969 justificatio,
449 1909 599 1972 peccamus
623 1901 682 1974 qui,
713 1902 874 1958 deserentes
902 1905 1002 1976 tegern,
1044 1899 1846 1974 tudaeusfuemt,etmnqusmpedagogumlegemrecepe·

202 1985 354 2060 querimus
366 1986 798 2060 tantominChristojustidceri3
813 1991 863 2047 sed
884 1991 1002 2048 hocnon
1045 1995 1099 2046 rot.
1117 1989 1176 2046 Hoc
1185 1995 1279 2045 autem
1295 1987 1391 2061 agitur
1413 2006 1464 2061 per
1486 1989 1680 2062 pedagogum,
1696 1995 1728 2045 ut
1742 1987 1846 2046 nonsit

202 2079 264 2144 ast3
278 2079 346 2130 nem
360 2075 385 2131 si
395 2075 448 2132 hoc
462 2080 545 2144 esset,
563 2077 638 2149 quod
651 2095 833 2151 peccaremus
846 2086 1004 2152 querentes
1044 2095 1114 2150 opus
1128 2078 1297 2150 pedagogo:
1312 2077 1384 2132 sicut
1397 2094 1447 2148 per
1460 2076 1548 2132 ubera
1561 2075 1687 2132 nutritur
1698 2075 1801 2144 iniens,
1810 2072 1845 2133 u't

198 2167 312 2220 tantum
321 2163 471 2236 justificari
484 2181 537 2238 per
549 2165 703 2234 Christum,
720 2168 849 2224 Christus
875 2169 1004 2225 minister
1041 2167 1101 2238 jam
1116 2166 1250 2222 uberibus
1265 2181 1321 2221 non
1331 2164 1466 2238 indigeat.

198 2252 403 2324 esaetpeccati3
420 2252 533 2309 sedhoc
547 2253 622 2310 absit
635 2261 669 2311 ut
683 2257 859 2313 Ohristussit
872 2257 1002 2313 minister
1077 2255 1237 2311 bibinen.
1256 2255 1309 2324 Epo
1338 2256 1411 2308 mim
1437 2270 1490 2324 per
1504 2255 1598 2322 teqerr.
1622 2251 1666 2308 Ad
1695 2253 1843 2325 superiora

195 2340 319 2413 peccati!
337 2355 404 2412 ergo
422 2356 478 2397 non
501 2357 650 2414 peccamus
664 2349 823 2416 querentes
837 2344 867 2400 in
887 2345 999 2401 Christo
1039 2343 1184 2414 probanda
1194 2341 1280 2400 redit,
1297 2341 1372 2398 Dixit
1382 2341 1592 2414 superiusquod
1605 2341 1842 2414 exoperibusnon

193 2431 305 2486 tantum
313 2429 473 2501 justificari.
491 2429 605 2496 Quodsi
621 2448 718 2489 verum
733 2438 785 2500 est,
808 2450 875 2506 ergo
887 2452 920 2490 ex
935 2447 998 2507 ope·
1036 2431 1304 2504 justittraturomnis
1315 2447 1396 2500 caro;
1414 2437 1442 2485 ει
1455 2431 1507 2485 hoc
1518 2429 1755 2502 probatdicensse
1765 2446 1843 2486 mor·

192 2515 351 2590 ribuslegis
366 2533 422 2573 non
434 2518 637 2589 justificabitur
645 2521 737 2578 omnis
752 2539 827 2589 caro;
841 2522 997 2578 namsihoc
1037 2526 1118 2576 tuum
1144 2519 1200 2592 legi
1232 2537 1291 2575 suae
1313 2536 1363 2591 per
1383 2518 1474 2590 legem
1489 2519 1604 2582 christi,
1630 2525 1663 2573 ut
1675 2519 1733 2574 Deo
1745 2519 1838 2588 vivat;

193 2605 299 2673 dixero,
310 2605 553 2680 prevaricatorem
562 2611 765 2678 meconstitoo,
787 2611 932 2684 quilegem
948 2612 995 2666 de·
1035 2609 1141 2665 frustra
1155 2607 1229 2665 enim
1241 2613 1403 2663 moreretur
1415 2607 1470 2678 legi
1488 2624 1545 2662 sum
1558 2613 1590 2661 ut
1603 2606 1661 2661 Deo
1684 2605 1797 2674 viveret,
1813 2607 1840 2662 si

193 2695 341 2764 seruerim,
358 2711 443 2768 qoam
453 2696 656 2768 justificantem
670 2699 802 2756 concedo.
1033 2714 1161 2770 peream
1176 2697 1326 2767 justificari
1346 2702 1450 2768 posset,
1474 2712 1538 2750 com
1555 2695 1626 2749 nihii
1641 2693 1678 2750 sit
1690 2695 1766 2750 aliod
1777 2693 1840 2751 Deo

225 2781 274 2858 27.
290 2785 414 2841 Anonos.
432 2785 509 2854 Quod
526 2788 552 2841 si
572 2794 731 2860 querentes.
746 2787 797 2844 Est
821 2787 992 2844 obscuritate
1032 2785 1123 2841 vivere
1138 2801 1223 2857 quam
1231 2784 1262 2840 in
1274 2791 1422 2856 conspeetu
1438 2783 1490 2839 Dei
1502 2785 1611 2856 justum
1626 2800 1696 2838 esse.

193 2873 336 2931 involutus
350 2873 520 2932 intellectus.
538 2875 606 2931 Vult
623 2882 719 2933 entem
746 2877 849 2944 dicere,
863 2878 937 2950 quod
947 2895 992 2934 se·
1070 2873 1114 2930 35.
1127 2875 1234 2931 Christo
1252 2877 1388 2942 confines,
1404 2873 1501 2938 idest,
1516 2890 1580 2929 cum
1598 2874 1710 2930 Christo
1725 2867 1839 2929 crucifi-

193 2961 317 3020 cnndum
344 2963 436 3034 legem
461 2979 518 3021 non
534 2965 740 3037 justificemur:
769 2966 937 3024 accessimus
955 2969 1085 3036 adssxus
1098 2978 1162 3017 sum
1176 2962 1248 3018 sicut
1261 2962 1309 3018 ille
1328 2977 1424 3030 carne,
1439 2961 1479 3018 ita
1489 2978 1541 3034 ego
1566 2961 1641 3016 vitiis
1661 2968 1690 3017 et
1703 2963 1839 3036 concupi-

193 3049 339 3108 tibristum
348 3051 429 3123 quasi
443 3067 495 3125 per
512 3069 577 3110 eum
590 3053 773 3126 justificandi.
790 3055 820 3111 Si
833 3063 927 3111 autem
941 3056 994 3110 hac
1035 3050 1162 3108 scentiis.

193 3155 243 3213 spe
258 3140 289 3196 in
299 3155 365 3196 eum
386 3141 531 3198 credentes
556 3142 718 3198 invenimur
737 3149 908 3216 peccatores,
928 3143 995 3215 quia
1071 3137 1115 3196 36.
1130 3141 1255 3196 Anonos.
1271 3139 1332 3194 Vioo
1346 3143 1449 3207 comm,
1460 3137 1563 3210 quiein
1577 3137 1746 3211 baptismate
1757 3155 1839 3193 mor-

192 3227 284 3301 legem
295 3245 352 3284 non
365 3229 552 3300 custodimus,
565 3230 676 3287 videtur
688 3231 811 3288 adventu
825 3249 876 3290 suo
887 3233 995 3306 peccati
1035 3227 1072 3282 tis
1083 3233 1112 3282 et
1124 3217 1338 3283 resurrectionis
1351 3225 1443 3282 torma
1461 3225 1604 3300 impletur.
1632 3226 1672 3282 Ea
1697 3244 1757 3300 quae
1772 3227 1840 3300 ipse

192 3317 336 3373 exstitisse
345 3317 482 3388 provisor.
1036 3332 1067 3372 re
1079 3316 1175 3372 sutura
1188 3322 1263 3386 sunt,
1279 3315 1353 3372 tecta
1375 3315 1436 3386 jam
1454 3315 1531 3385 dicit,
1553 3313 1620 3388 quia
1641 3333 1738 3372 eorum
1750 3315 1840 3372 habet

228 3404 273 3464 28,
286 3407 411 3461 Auoosr.
422 3405 529 3478 (orpes.
545 3409 578 3463 io
592 3407 679 3478 Epist.
694 3407 841 3465 uditate.
862 3409 904 3479 ιι.)
920 3410 997 3477 Oood
1037 3420 1127 3477 spem.

193 3495 220 3550 st
233 3499 392 3564 quarentes.
403 3493 448 3548 An
457 3492 529 3550 torte
543 3495 647 3568 quiain
659 3496 771 3552 Christo
785 3496 998 3568 volueruntjus·
1073 3489 1117 3549 37.
1138 3492 1207 3546 Vioit
1219 3507 1281 3546 oero
1298 3495 1329 3547 tn
1341 3508 1386 3546 me
1401 3491 1537 3561 ditrictae,
1551 3491 1686 3565 quoniam
1708 3486 1838 3548 iiiiosvi-

193 3579 305 3651 tificari,
320 3583 529 3654 peccaverunt?
556 3583 629 3652 Quia
652 3584 676 3638 si
700 3585 771 3657 justi
797 3587 995 3657 orantemque
1036 3586 1094 3637 tam
1108 3580 1256 3637 mortalem
1267 3598 1318 3654 spe
1332 3578 1409 3637 vivit.

192 3670 272 3727 atiud
287 3672 437 3744 quaerendo
461 3678 655 3744 peccaverunt.
674 3673 729 3729 Sed
756 3673 781 3729 si
805 3673 846 3730 ita
859 3679 911 3741 est,
928 3689 994 3746 ergo
1071 3667 1115 3728 38.
1125 3671 1251 3726 Aucusr.
1269 3671 1358 3741 (ibid.)
1381 3669 1448 3725 Vicit
1462 3684 1525 3724 cero
1538 3671 1569 3724 io
1584 3686 1627 3724 me
1642 3665 1840 3726 Christum-

194 3759 323 3817 commus
332 3759 512 3816 ministerest
524 3761 641 3835 peccati.
1035 3759 1076 3815 vit
1089 3775 1152 3814 vero
1173 3759 1203 3814 in
1217 3775 1262 3813 me
1281 3758 1420 3826 Christus,
1436 3757 1504 3830 quid
1527 3757 1611 3830 ergo?
1631 3759 1712 3830 Nego
1726 3757 1838 3822 te,n01i

229 3845 274 3907 29.
296 3849 402 3905 Laura.
423 3850 561 3920 Numquid
574 3851 712 3908 Christus.
728 3849 767 3906 Ex
781 3864 902 3922 persone
914 3849 995 3904 infir·
1034 3851 1067 3902 tu
1082 3847 1140 3918 ipse
1154 3846 1246 3901 vivere
1259 3846 1288 3900 in
1299 3851 1337 3901 te.
1354 3845 1428 3911 Quid
1442 3853 1486 3902 est
1499 3844 1557 3901 noli
1580 3850 1613 3901 tu
1634 3844 1726 3901 vivere
1749 3845 1779 3901 in
1793 3851 1836 3916 te,

194 3953 306 3993 morum
319 3937 374 3993 hoc
388 3936 442 3993 sibi
456 3936 535 3996 dicit.
559 3937 635 3994 Dixit
658 3935 769 3993 Judaeos
791 3937 921 4010 superius
939 3952 996 3992 non
1036 3931 1090 3986 nisi
1104 3930 1195 3986 iacere
1209 3931 1383 3986 voluntatem
1398 3935 1489 3998 tuom,
1504 3930 1554 3986 sed
1571 3929 1648 3988 iliius
1663 3931 1711 4004 qui
1721 3929 1838 3986 habitat

193 4041 254 4083 esse
269 4031 452 4099 peccatorem
477 4032 506 4082 et
527 4033 626 4100 postas
650 4024 800 4083 subintulit
817 4025 891 4098 quod
910 4026 996 4082 etiam
1035 4019 1065 4076 io
1080 4019 1127 4074 tet

192 4113 246 4188 ipsi
262 4114 497 4187 justificanturex
510 4115 641 4172 ddetesu
654 4114 826 4182 christi;sed
837 4114 929 4170 omnis
948 4113 998 4188 qui
1070 4105 1116 4164 39.
1133 4107 1223 4176 (ibid.)
1239 4109 1302 4163 Non
1315 4109 1425 4178 objicio.
1442 4105 1472 4163 Si
1484 4123 1551 4180 ergo
1568 4124 1613 4163 me
1627 4105 1836 4165 Christusdile-

190 4203 372 4276 justificatur,
387 4204 417 4259 in
445 4209 559 4277 peccato
584 4203 647 4260 tuit.
662 4203 818 4258 Videbatur
836 4220 903 4275 ergo
922 4203 996 4258 male
1036 4201 1084 4268 xit,
1101 4205 1131 4256 et
1142 4200 1260 4256 tradidit
1271 4200 1453 4274 semetipsum
1467 4217 1519 4274 pro
1529 4218 1584 4270 me,
1598 4217 1655 4258 non
1668 4201 1778 4258 irritam
1787 4201 1836 4257 ia-

192 4291 362 4364 intclligenti
376 4291 419 4365 [[.,
435 4291 577 4364 intelligil,
593 4297 625 4347 ut
638 4291 767 4347 Christus
791 4297 905 4365 peccata
918 4289 1076 4365 priuchio
1090 4290 1211 4362 gratiam
1223 4289 1283 4358 Dei,
1299 4295 1333 4345 ut
1346 4289 1437 4345 dicem
1448 4306 1500 4363 per
1508 4290 1599 4362 legem
1608 4307 1669 4346 esse
1679 4291 1835 4363 justitiam.

192 4379 379 4450 ministraret,
394 4384 427 4436 ut
439 4397 491 4454 per
504 4380 590 4437 fldem
617 4385 646 4436 et
666 4380 789 4452 matium
801 4397 884 4436 suem
897 4385 994 4454 postea
1070 4379 1115 4436 to.
1129 4379 1234 4436 Leuat.
1251 4379 1430 4449 oonaojtmo.
1450 4379 1703 4452 Quemvia‚inquit,
1719 4379 1840 4437 iudaeus

192 4467 354 4525 vivificaret.
1035 4467 1098 4538 sim,
1114 4475 1143 4524 ει
1150 4467 1326 4524 observantia
1336 4467 1407 4540 legis
1423 4467 1520 4524 videar
1532 4469 1705 4540 esseiustus,
1721 4485 1777 4524 non
1792 4473 1841 4525 ta·

228 4555 274 4613 30.
293 4557 412 4614 Simim
435 4571 494 4627 qua
515 4555 650 4614 destruct.
667 4556 754 4622 Quasi
780 4557 995 4614 diceret2Henc
1035 4575 1100 4614 men
1111 4557 1210 4629 abjicio
1220 4556 1342 4630 gratiam
1356 4555 1417 4626 Dei,
1432 4557 1462 4614 id
1471 4557 1725 4626 est,remisaionem
1736 4573 1841 4631 paeco-

194 4645 377 4719 qnestionem
386 4661 460 4718 sape
471 4645 541 4702 mibi
554 4644 712 4718 oppositam
721 4645 862 4716 destruxi;
873 4647 995 4719 quamsi
1033 4653 1127 4705 torum
1141 4663 1193 4720 per
1210 4645 1294 4702 fidem
1304 4645 1418 4702 Christi.

192 4733 298 4790 iterum
311 4733 426 4803 aedifico,
443 4734 609 4791 mendacem
631 4739 661 4790 et
685 4735 927 4808 prevaricatorem
949 4753 994 4793 me
1070 4735 1119 4794 u.
1134 4735 1167 4793 Si
1177 4738 1253 4790 enim
1260 4737 1414 4806 perteqem.
1426 4733 1470 4790 Ad
1477 4733 1624 4808 superiora
1634 4733 1704 4791 item
1712 4731 1838 4810 proban·

134 4861 139 4870 ·
192 4823 344 4881 constituo.
1034 4822 1837 4895 daredit,qoioecoporibostoqisnomjostiqtmtoromnis

229 4911 495 4983 31.Auoosr.(ibid.)
505 4913 621 4971 Sicorim
634 4929 693 4983 qua
702 4915 835 4968 dostrooi.
851 4911 996 4969 Destruxit
1034 4931 1110 4980 coro,
1119 4919 1172 4969 eto.
1187 4913 1364 4970 contrariam
1372 4912 1524 4987 partemod
1534 4913 1731 4968 inconveniens
1744 4912 1836 4974 ducit.

192 5007 287 5060 autem
299 5000 460 5075 superbiam
468 5001 638 5074 gloriantem
646 5003 681 5057 de
704 5000 835 5074 operibus
848 5001 918 5073 legis
932 5019 994 5074 quae
1070 5001 1115 5060 u.
1129 5001 1161 5058 Si
1173 5005 1248 5060 euim
1260 5019 1310 5073 per
1323 5007 1407 5073 trpem
1417 5004 1540 5073 justitio.
1557 5008 1610 5058 etc.
1625 5002 1839 5076 Adbucprobat

190 5089 298 5148 destrui
313 5095 341 5146 et
355 5091 470 5147 deberet
480 5095 508 5147 et
520 5095 624 5164 posset,
641 5107 677 5146 ne
700 5091 794 5162 gratia
805 5090 871 5146 fidei
885 5091 994 5146 videre-
1035 5108 1086 5165 per
1100 5091 1190 5164 legem
1204 5107 1261 5148 non
1278 5108 1340 5148 esse
1360 5091 1519 5164 justitiam
1545 5107 1611 5147 nam
1635 5093 1661 5147 si
1679 5092 1732 5148 boc
1746 5098 1834 5160 esset,

188 5187 304 5238 turnon
319 5179 489 5249 recesserim
501 5185 531 5236 et
542 5178 604 5235 ideo
615 5179 811 5253 prevaricator
822 5185 875 5244 est,
890 5180 914 5234 si
928 5197 993 5234 rur·
1033 5197 1090 5237 non
1102 5187 1177 5236 esset
1204 5198 1254 5254 per
1269 5180 1427 5248 Christum3
1452 5180 1505 5234 etsi
1531 5197 1587 5236 noo
1601 5187 1677 5236 esset
1688 5197 1740 5253 per
1750 5181 1837 5236 cbri-

189 5287 238 5326 sus
253 5270 304 5325 illa
313 5269 443 5337 aedificat,
458 5269 553 5324 dicens
569 5269 645 5340 quod
655 5284 742 5341 opera
756 5269 840 5324 etiam
851 5268 921 5340 legis
933 5268 993 5324 sine
1034 5277 1119 5338 stum,
1136 5286 1212 5326 mors
1226 5269 1330 5325 Christi
1343 5270 1432 5340 gratis
1454 5267 1517 5340 tuit,
1532 5269 1560 5323 id
1584 5275 1636 5336 est,
1656 5285 1744 5340 cessa,
1766 5286 1835 5326 cum

187 5357 281 5432 gratio
288 5357 456 5430 justificant,
471 5363 504 5414 ot
514 5357 641 5415 Christus
655 5357 762 5432 peccati
775 5357 906 5414 minister
919 5357 995 5414 inve·
1033 5359 1143 5414 nullum
1157 5360 1279 5416 fructum
1294 5357 1431 5414 attulerit.
1442 5357 1521 5414 Inter
1533 5357 1729 5414 diffinitionem
1740 5363 1768 5414 et
1780 5357 1837 5416 dit'·

187 5447 294 5504 niatur.
1031 5445 1154 5504 finitum.

223 5534 268 5594 32.
282 5536 407 5593 drosos.
422 5535 477 5605 Epo
490 5536 567 5592 mim
588 5550 640 5606 per
662 5535 808 5606 teqom.1n
834 5535 897 5610 ipse
911 5535 988 5593 enim
1064 5535 1109 5595 ii.
1127 5537 1253 5594 obrutos
1266 5538 1355 5607 protis
1374 5541 1500 5592 mortuus
1519 5540 1566 5592 ert.
1579 5533 1622 5590 nd
1636 5536 1689 5592 hoc
1701 5530 1835 5593 Christos
