3856 6176
208 283 261 342 407
704 279 737 336 Β.
758 279 965 335 LANFRANCI
984 276 1164 334 CANTUAR.
1184 274 1355 331 anchise.
1770 285 1815 343 408

209 406 582 475 sterilitatem,scaturientis
592 403 658 458 inde
667 403 739 458 sacri
749 404 768 458 li
790 403 866 458 uocis
876 403 1004 468 humore,
1016 402 1050 455 ad
1058 401 1179 456 fructum
1191 399 1250 454 lieo
1258 398 1373 468 dignum
1384 396 1759 476 proferendum,renores.qui
1778 425 1808 465 uc

212 481 343 554 superbia
353 481 502 535 stultorum
516 477 689 548 dogmataad
701 420 864 544 anguiarem
875 475 953 528 illum
967 473 1089 544 lapidem
1099 471 1226 541 diligenti
1235 467 1363 524 examine
1375 466 1749 550 contutanscliminssbuid,
1759 425 1819 536 duni

212 554 271 608 haee
285 552 396 623 cogito?
409 552 482 604 Num
498 548 572 612 felix,
589 562 605 600 o
620 545 888 615 Rothomagensium
903 544 1009 607 civitas,
1027 559 1089 614 quas
1102 547 1213 596 tantum
1236 555 1299 595 cum
1317 539 1525 611 archiepiscopo
1540 545 1673 597 rectorem
1687 549 1821 604 meruisti?

212 625 318 680 Grasat
329 621 454 676 animum
464 619 556 674 cordis
571 617 720 672 excessus?
734 615 841 672 Accede
856 632 918 670 cum
933 614 1045 680 fiducia,
1062 623 1091 671 et
1104 613 1185 668 dulce
1199 611 1380 682 pharmacon,
1394 617 1427 664 ut
1440 610 1577 676 ratus,ita
1588 613 1821 683 pmdensmedieus

213 695 318 750 niteret.
333 694 372 748 Ea
387 697 430 746 est
443 690 517 746 enim
533 689 608 759 apud
618 693 656 751 te,
673 694 882 757 autnusquam,
899 685 1096 756 recuperandae
1110 683 1208 739 salutis
1227 682 1310 745 ratio,
1328 681 1353 737 si
1373 686 1500 763 mentem
1524 681 1677 754 simplicem
1696 690 1821 750 attuleris.

212 765 290 822 Felix
302 779 413 819 rursum
421 762 490 816 mihi
499 757 712 832 appellandam,
729 757 893 828 quae,hujus
903 757 953 811 viri
962 756 1055 827 dignis
1065 750 1484 825 ornatisquedeclamatroutbus
1493 752 1824 826 eruditaplanetihristia·

212 851 278 890 nam
297 851 447 905 veramque
457 830 622 886 innocentiae
634 829 785 900 puritatem
797 828 971 883 retinesllla
981 827 1055 881 enim
1064 825 1095 882 tsi
1104 825 1220 896 quafuit
1228 823 1255 879 in
1267 823 1352 878 tetris
1362 821 1462 877 orandi
1470 823 1822 898 concionandiquelacultas,

212 905 267 962 nisi
282 907 316 960 ad
328 921 376 960 eas
384 902 595 960 exercitationes
605 917 660 954 non
671 906 728 955 tam
746 900 926 969 regiolavore
935 914 1018 981 quam
1029 897 1087 952 suis
1100 897 1127 950 id
1142 893 1349 968 postulantibus
1367 893 1475 948 meritis
1486 894 1630 966 delegatus
1642 896 1744 966 luisset,
1758 904 1825 958 saluo

214 978 350 1048 eujxxsque
359 978 425 1047 Jure
440 975 548 1046 loquar.
565 988 636 1044 pene
650 971 815 1026 exeruisset.
833 970 912 1035 Quod
927 987 950 1024 sx
969 969 1044 1024 enim
1068 968 1174 1023 retines
1188 982 1313 1037 corpore,
1332 964 1434 1019 dillbsa
1448 979 1499 1036 per
1510 965 1607 1021 orbem
1621 967 1738 1028 Ecclesia
1750 975 1827 1029 sentit

215 1054 384 1121 presentem
396 1046 519 1102 absentis
534 1043 662 1125 discipuli
679 1041 773 1098 fidem.
790 1041 946 1096 doctrinam
966 1040 1098 1107 miratur,
1112 1037 1218 1110 gaudet
1231 1055 1261 1092 se
1272 1035 1534 1092 fortissimumineo
1547 1042 1778 1109 propugnaculum
1790 1061 1827 1100 re·

214 1120 332 1192 perisse,
347 1119 421 1184 ltaec,
438 1124 470 1172 ut
482 1117 517 1170 ad
532 1121 571 1180 te,
592 1130 635 1167 ur
649 1113 836 1176 ornatissime,
854 1119 989 1177 reverter,
1009 1127 1119 1164 mecum
1135 1108 1287 1170 revolvens,
1302 1107 1387 1162 ardeo
1404 1107 1558 1178 cupiditate
1569 1108 1733 1177 incredibili,
1746 1130 1780 1170 ne
1798 1132 1828 1170 ue

216 1191 339 1246 arbitror
350 1186 590 1261 reprehendenda.
607 1191 639 1239 ut
648 1184 901 1254 hocqualecunque
912 1199 982 1252 opus
993 1181 1130 1251 suscipias
1141 1199 1147 1248 ;
1163 1196 1227 1234 nam
1239 1177 1411 1250 ipsissimum
1420 1183 1449 1232 te
1456 1178 1578 1246 judicavi
1586 1179 1644 1235 fore
1652 1131 1828 1252 cujussahibri

215 1262 341 1326 consilio,
353 1261 433 1332 graui
447 1257 624 1318 auctoritate,
640 1253 752 1308 adducti
767 1255 859 1308 caeteri
872 1269 957 1307 sacrae
973 1253 1119 1320 theologie
1129 1251 1300 1322 professores
1311 1265 1379 1302 mete
1388 1249 1587 1319 exspectationi
1598 1251 1794 1320 facerentsatis,
1805 1263 1829 1311 et

215 1333 289 1388 idern
305 1329 552 1404 opusculumtppis
561 1326 788 1381 commendatum
799 1325 843 1386 iri,
855 1323 897 1379 vel
908 1323 1029 1378 libenter
1037 1322 1228 1377 admitterent.
1238 1321 1462 1375 Eritreveranon
1472 1320 1594 1376 alienum
1609 1337 1627 1376 a
1639 1329 1688 1378 tua
1696 1325 1829 1396 dignitate,

237 1403 291 1458 uod
304 1404 372 1474 ipsis
386 1402 471 1456 etiarn
482 1398 594 1470 regibus
609 1403 652 1451 est
663 1396 904 1461 honestissimum,
919 1395 943 1448 si
957 1394 1009 1448 hoc
1020 1393 1111 1464 ipsum
1124 1398 1223 1447 contra
1242 1391 1411 1447 domesticos
1426 1391 1592 1448 Christiane
1612 1395 1733 1450 ueritatis
1747 1397 1830 1453 hostes
1902 1435 1906 1450 .

217 1421 364 1528 deleamus
377 1472 529 1535 studueris,
545 1469 615 1522 mihi
629 1483 740 1538 quoque
757 1467 836 1526 tcitra
846 1467 950 1521 fastum
962 1465 1087 1532 dixerim)
1106 1463 1260 1534 gloriosum
1272 1461 1296 1516 si
1312 1462 1383 1516 meis
1403 1461 1517 1532 ineptiis
1531 1465 1676 1528 motus,ad
1691 1467 1831 1522 multorum

217 1545 369 1600 utilitatem
384 1541 581 1612 divulgandam
597 1537 870 1608 susceper·is.Verum
881 1536 1038 1598 meander
1052 1535 1253 1604 egregiumque
1265 1533 1373 1587 lacinus
1387 1533 1598 1602 aggredientem
1613 1541 1653 1599 tut
1666 1538 1711 1608 qui
1722 1543 1748 1592 te
1764 1539 1833 1592 Chri·

216 1616 316 1670 stianoe
325 1613 465 1686 puritatis,
475 1629 507 1666 ac
515 1611 601 1665 totius
612 1609 778 1663 litteraturae
787 1608 899 1662 unicum
909 1607 1059 1678 specimen,
1068 1606 1174 1660 eisdem
1185 1603 1298 1675 ineptiis
1304 1602 1426 1658 conabar
1433 1603 1553 1672 alliceret
1558 1605 1649 1674 pudor
1659 1607 1767 1678 qnidam
1777 1607 1832 1663 sub·

216 1687 339 1741 rusticus
354 1687 489 1740 haetenus
503 1679 651 1736 deterruit.
676 1679 730 1734 Sed
750 1679 860 1749 gaudeo
869 1679 952 1750 plane
967 1678 995 1732 id
1010 1678 1151 1732 fortunam
1166 1675 1295 1730 attulisse
1309 1674 1383 1745 quod
1397 1690 1500 1730 novum
1511 1675 1586 1730 hune
1600 1683 1777 1749 temporeque
1789 1697 1835 1734 na·

112 1771 116 1781 ⁴
216 1764 277 1812 tum
293 1757 460 1812 Christianae
473 1753 599 1809 recitatis
613 1751 799 1810 defensorem.
814 1767 903 1805 novus
917 1749 1064 1806 salutator.
1078 1765 1094 1802 a
1116 1747 1153 1802 ud
1168 1752 1278 1802 tantum
1297 1747 1387 1800 virum
1401 1745 1454 1814 (rel
1470 1746 1522 1800 hae
1536 1748 1754 1821 prefatiuncula)
1768 1767 1835 1805 com·

216 1829 389 1883 mendarem.
405 1828 515 1881 Notum
529 1823 596 1888 dixi,
608 1829 725 1893 propter
739 1837 786 1875 eos
802 1821 850 1892 qui
865 1820 907 1873 vel
933 1819 1069 1874 Desiderii
1094 1765 1212 1882 irasmi,
1230 1817 1273 1871 vel
1287 1817 1381 1871 nescio
1397 1816 1478 1886 cujus
1500 1833 1585 1888 opera
1604 1820 1658 1874 hoc
1665 1821 1724 1891 jem
1740 1822 1835 1876 editum

217 1916 279 1954 esse
294 1899 478 1954 mentiuntur.
487 1900 562 1949 certe
575 1910 632 1948 non
647 1897 747 1946 exstat.
760 1891 812 1946 Sed
827 1907 862 1945 ne
878 1889 974 1944 multis
983 1905 1116 1944 nauseam
1133 1904 1289 1959 provocem,
1300 1887 1424 1942 auctoris
1439 1887 1525 1942 vitam
1540 1889 1631 1944 sciens
1642 1898 1837 1963 pretereopem

218 1976 246 2024 at
261 1970 318 2025 Deo
328 1975 357 2024 et
369 1966 529 2023 hominibus
544 1964 736 2034 gratissimam
749 1963 874 2017 facturus
890 1963 913 2016 si
929 1967 979 2016 tua
999 1960 1178 2026 auctoritate,
1196 1975 1291 2031 opera,
1312 1959 1438 2021 consilio,
1454 1959 1542 2013 etiam
1557 1961 1660 2030 gratia,
1675 1962 1793 2018 libellum
1808 1963 1838 2017 ob

219 2041 385 2096 Christiana
399 2039 525 2093 veniatis
537 2034 738 2096 defensionem,
753 2034 841 2088 semel
855 2033 885 2086 in
904 2033 995 2088 lucem
1012 2032 1164 2086 emiserim.
1181 2031 1276 2102 quue
1298 2029 1464 2104 flagrantius
1488 2038 1571 2102 urget
1591 2032 1676 2103 hujus
1688 2034 1728 2089 rei
1740 2034 1839 2088 deside·

217 2113 292 2166 rium
308 2127 362 2183 quo
376 2115 405 2165 et
415 2110 470 2163 vim
485 2105 659 2180 patientibus
670 2109 767 2159 contra
779 2104 917 2158 haereseos
931 2102 1094 2157 inveteratae
1107 2101 1411 2171 falsadogmata,lidem
1427 2099 1510 2156 faciut
1519 2102 1756 2162 testisBarbatus.
1770 2111 1797 2160 et
1810 2105 1841 2159 ad

216 2198 313 2239 eorum
330 2181 378 2252 qui
392 2181 529 2234 hactenus
544 2181 715 2249 pugnarunt,
732 2174 887 2229 subsidium
903 2175 1084 2228 inconcussus
1096 2173 1187 2238 miles,
1204 2173 1327 2227 hostium
1340 2172 1396 2226 tela
1418 2171 1447 2225 in
1460 2188 1525 2227 suos
1539 2180 1671 2230 auctores
1684 2176 1796 2246 rejiciat.
1811 2177 1842 2230 Et

216 2253 344 2326 quamvis
359 2253 411 2306 hoc
426 2251 517 2322 ipsum
528 2249 586 2303 zelo
602 2247 666 2300 tidei
682 2251 774 2301 motus
792 2261 954 2318 prosequar,
970 2251 1132 2299 nontamen
1147 2243 1243 2298 issum
1279 2243 1306 2298 ui
1319 2242 1442 2297 nesciam
1456 2242 1593 2312 quosdam
1606 2244 1667 2300 fore
1682 2247 1730 2318 qui
1745 2254 1841 2301 memet

218 2324 402 2378 temerarium
417 2321 604 2376 clamitabunt
614 2317 698 2388 quod,
712 2317 790 2372 rudis
811 2317 1004 2386 bonarumque
1018 2316 1122 2370 artium
1145 2331 1253 2384 expers,
1293 2330 1325 2369 00
1339 2312 1518 2396 opusculum·
1536 2316 1611 2397 apud
1625 2323 1737 2372 lanium
1751 2318 1842 2384 limma

217 2393 470 2450 columendendum
484 2389 665 2460 susceperim,
685 2389 764 2471 cujus
785 2388 871 2442 etiam
890 2388 952 2458 ipsa
970 2387 1129 2442 litterarum
1145 2385 1285 2440 elementa
1298 2385 1368 2440 mihx
1386 2385 1530 2439 adoranda
1543 2393 1609 2440 smt.
1626 2389 1731 2444 Verum
1746 2390 1844 2444 falcone

218 2482 256 2522 an
269 2465 414 2520 merito-id
429 2466 488 2530 fiet,
503 2471 584 2519 tuum
599 2459 653 2514 erit
665 2459 814 2531 judicium.
830 2459 888 2530 Ego
902 2474 967 2512 vero
981 2464 1082 2512 cuncta
1096 2457 1176 2512 laetus
1195 2456 1390 2528 susquedeque
1406 2455 1506 2520 feram,
1526 2457 1550 2512 si
1568 2457 1697 2514 laborem
1717 2459 1845 2531 probave-

216 2538 266 2592 ris.
284 2537 332 2591 Sin
347 2536 480 2607 indignus
492 2539 520 2589 te
534 2531 683 2598 ridebitur,
699 2529 734 2585 ab
749 2531 855 2602 optimo
870 2535 946 2584 certe
958 2545 991 2583 ac
1004 2528 1178 2582 deditissimo
1193 2527 1242 2582 tibi
1255 2527 1348 2582 animo
1363 2534 1391 2582 et
1405 2525 1546 2583 sinceroet
1553 2529 1680 2600 jucunde
1693 2537 1845 2604 susceptum

235 2613 306 2663 utes.
322 2607 401 2661 Vale.

215 2625 234 2681 p
252 2681 292 2735 Ex
301 2677 407 2734 edibus
421 2677 525 2733 nostris
541 2673 732 2741 beccensibus,
748 2687 822 2728 anno
832 2672 866 2727 D.
884 2669 962 2736 15l0,
978 2671 1070 2743 pridie
1086 2669 1208 2728 Kalend.
1230 2668 1311 2726 Febr.

572 2931 853 3058 scm
892 2931 1435 3056 LANFRANOE

736 3135 1024 3194 CANTUARIENSIS
1039 3135 1330 3193 AROHlEPlSGOPI.

269 3308 378 3438 DE
428 3307 816 3446 CORPORE
862 3311 960 3442 ET
1013 3310 1435 3448 SANGUINE
1482 3303 1795 3456 DOMINI

633 3545 841 3610 ADVERSUS
863 3546 1155 3611 BERENGARlUll
1177 3545 1444 3612 TURONENSEM

918 3697 1137 3808 LIBER.

413 3877 502 3939 281
522 3871 642 3928 CAPUT
657 3872 811 3929 PRIMUM.
978 3945 988 3954 .
1026 3876 1191 3937 Aredirent-
1207 3876 1261 3933 Sed
1273 3875 1341 3948 quis
1355 3875 1465 3949 elegisti
1479 3875 1663 3948 pravitatem,
1681 3891 1769 3950 quam
1779 3869 1863 3928 semol

255 3959 444 4028 Lsxnmncus,
458 3960 652 4015 misericordia
668 3960 718 4015 Dei
732 3959 895 4030 catholicus,
911 3962 1018 4020 Belisa-
1053 3945 1387 4032 'imbibisticlandestinis
1401 3966 1643 4039 disputationibus
1657 3965 1737 4040 apud
1750 3959 1863 4036 imperi·

220 4063 302 4105 exaro
315 4048 458 4105 catholica
472 4049 601 4104 Ecclesiae
615 4049 789 4134 adversario.
1058 4055 1102 4106 tos
1114 4054 1197 4122 tueri,
1212 4055 1304 4132 palam
1327 4063 1432 4122 autem,
1455 4060 1540 4130 atque
1561 4056 1591 4111 in
1606 4056 1764 4114 audientia
1776 4048 1863 4108 sancti

254 4138 283 4194 Si
298 4138 393 4193 divina
410 4139 501 4211 pietas
521 4139 599 4194 cordi
622 4143 671 4194 tuo
691 4136 830 4212 inspirare
853 4139 1017 4210 dignaretur
1057 4143 1166 4196 concilii
1180 4144 1363 4199 orthodoxam
1378 4147 1462 4200 fidem
1478 4161 1535 4202 non
1549 4161 1651 4201 amore
1667 4143 1807 4210 venans,
1819 4137 1865 4196 sed

218 4235 357 4299 quatenus
375 4235 503 4301 respectu
522 4230 583 4300 ejus
611 4236 695 4302 atque
709 4229 810 4284 enimse
828 4233 884 4284 tuae
905 4246 1015 4284 mecum
1056 4228 1158 4287 timore
1173 4233 1273 4288 mortis
1288 4234 1424 4302 confiteri,
1437 4239 1587 4308 propterea
1601 4235 1718 4307 refugis
1727 4229 1866 4304 meretu-

217 4317 294 4389 loqui
308 4318 403 4384 selice,
417 4318 565 4390 locumque
580 4322 770 4390 opportunum
784 4319 814 4374 in
828 4335 883 4390 quo
897 4318 925 4372 id
939 4335 1015 4374 com·
1055 4319 1100 4388 gis
1110 4320 1255 4391 religiosas
1269 4338 1414 4394 personas,
1430 4339 1493 4394 quae
1510 4323 1545 4378 de
1558 4321 1656 4379 serbis
1667 4331 1670 4338 “
1680 4322 1741 4379 tuis
1754 4337 1788 4376 ae
1799 4317 1866 4374 meis

218 4411 348 4477 patenter
361 4413 456 4478 posset
469 4409 531 4463 lieri
545 4407 651 4464 salubri
671 4408 872 4465 deliberatione
887 4409 1013 4480 eligeres,
1056 4409 1165 4479 possint
1188 4411 1262 4466 ferro
1283 4410 1461 4466 sententiam.
1476 4409 1510 4466 In
1525 4428 1653 4484 quarum
1667 4410 1823 4486 praesentia
1835 4407 1869 4463 de

219 4495 341 4550 multum
354 4495 472 4552 fortasse
482 4495 832 4568 tibi,proculdubioautem
844 4497 878 4552 iis
887 4499 1016 4554 consule·
1058 4497 1136 4553 nulla
1148 4515 1178 4554 re
1197 4505 1226 4555 te
1241 4499 1339 4554 audire
1349 4506 1500 4573 tecumque
1511 4505 1643 4556 conterre
1658 4501 1801 4558 libentius
1812 4497 1869 4552 vel·

219 4599 265 4666 res
275 4600 345 4654 quos
358 4584 473 4657 decipis,
488 4585 619 4657 deceptos
633 4603 698 4641 vero
712 4603 745 4642 ae
756 4593 847 4642 morte
862 4593 1018 4660 pxmventos
1056 4587 1113 4640 lem
1124 4603 1208 4659 quam
1219 4589 1294 4660 quod
1308 4589 1462 4644 sententias
1469 4589 1527 4645 tuis
1534 4591 1695 4648 sententiis
1707 4587 1871 4646 commodas

220 4673 249 4728 in
263 4689 361 4745 poenes
380 4680 500 4731 aeternas
522 4673 701 4732 transmittis.
719 4677 830 4732 Etenim
849 4683 1017 4749 cooperante
1058 4674 1206 4747 plectenda
1221 4676 1380 4734 temeritate
1398 4675 1545 4750 contingis,
1568 4694 1680 4751 easque
1703 4696 1757 4734 ssu
1780 4675 1872 4734 studio

222 4761 337 4836 Spiritu,
353 4764 402 4835 qui
415 4764 531 4820 ubivult
546 4765 645 4837 spirat,
658 4766 795 4822 eveniree
810 4766 919 4822 duobus
935 4767 1017 4823 alter·
1057 4765 1185 4833 nocendi,
1204 4782 1255 4821 seu
1277 4765 1439 4837 ignorantia
1457 4767 1526 4834 veri,
1544 4767 1637 4822 sacris
1648 4767 1821 4825 doctoribus
1834 4770 1874 4820 at·

221 4857 317 4908 utrum
331 4853 459 4909 videlicet
480 4858 512 4909 ut
532 4861 582 4910 sut
594 4859 626 4910 tu
644 4855 713 4927 ipse,
729 4855 857 4928 deposito
880 4857 1017 4928 superbies
1057 4852 1159 4909 tcibuis
1173 4853 1270 4910 dicens
1285 4873 1292 4909 ε
1308 4853 1369 4910 Hoc
1383 4854 1425 4910 vel
1439 4855 1493 4911 hoc
1510 4855 1540 4910 in
1561 4855 1625 4922 illo,
1643 4873 1700 4912 seu
1715 4858 1769 4913 illo
1790 4869 1873 4927 opere

218 4940 294 4996 festu
318 4959 373 5013 quo
394 4942 494 5015 plenus
516 4948 614 4998 contra
637 4943 733 5000 orbem
750 4951 889 5003 terrarum
911 4945 1017 5000 sentire
1056 4947 1178 4998 testatur
1199 4943 1384 5014 Augustinus,
1407 4943 1570 5016 Gregorius,
1591 4945 1809 5020 Hieronymus,
1831 4943 1875 4998 rel

218 5031 336 5102 coepisti,
353 5032 514 5088 auctoritati
522 5034 609 5089 totius
620 5041 724 5090 sanctae
734 5033 863 5090 Ecclesia
878 5033 1017 5106 rectisque
1058 5030 1176 5102 quilibet
1199 5047 1297 5087 eorum
1318 5049 1388 5104 quos
1417 5032 1447 5088 in
1469 5049 1534 5088 arce
1552 5035 1745 5090 auctoritatis
1768 5035 1876 5107 positos

218 5124 381 5177 sanctarum
396 5121 605 5195 Scripturarum
621 5122 842 5195 expositionibus
856 5123 1017 5196 acquiesce·
1058 5120 1180 5176 Ecclesia
1193 5119 1296 5176 Christi
1307 5121 1456 5192 insigniter
1469 5127 1634 5178 veneratur.
1653 5121 1702 5179 lbi
1718 5125 1799 5180 enim
1812 5139 1877 5178 ceu·

217 5227 273 5278 res,
288 5211 368 5266 etsie
385 5216 414 5268 te
428 5228 461 5267 ae
473 5227 607 5285 sequaces
627 5219 692 5269 tuos
711 5213 747 5268 ds
767 5213 892 5270 tenebris
911 5209 1215 5296 erroriquuiesceret
1235 5209 1325 5264 omnis
1349 5216 1460 5266 uersuta
1482 5210 1700 5282 tergiversatio,
1718 5229 1788 5269 cum
1802 5213 1875 5268 sacri

215 5314 248 5354 sc
259 5299 398 5372 profundo
412 5300 570 5373 iniquitatis
580 5317 704 5369 erueres,
716 5308 776 5369 aut,
789 5307 817 5356 te
830 5302 861 5356 in
870 5307 921 5356 tua
932 5300 1018 5372 perti·
1057 5297 1167 5353 codices
1176 5302 1205 5353 te
1218 5298 1349 5354 audiente
1359 5299 1531 5371 legerentur,
1542 5299 1652 5355 esttibi
1664 5301 1705 5356 ad
1720 5301 1877 5373 legendum

214 5388 297 5443 nacla
311 5389 488 5462 persistente
504 5391 558 5463 ipsi
576 5391 682 5446 auditis
692 5389 848 5445 rationibus
863 5389 1016 5446 miserante
1056 5385 1085 5444 in
1097 5404 1198 5443 manus
1211 5387 1403 5458 traderentur,
1413 5388 1575 5460 coelestique
1587 5387 1735 5460 lampade
1750 5391 1877 5463 splendi-

212 5477 272 5532 Deo
286 5479 494 5551 resipiscerent,
506 5485 536 5536 et
548 5480 584 5535 ad
597 5496 692 5534 veram
706 5479 801 5548 fldem,
817 5495 901 5551 quam
916 5483 1015 5534 saneta
1056 5478 1119 5534 dius
1133 5477 1252 5534 eniteret
1266 5477 1404 5550 quaedam,
1418 5494 1481 5550 quae
1493 5479 1528 5534 de
1543 5477 1709 5549 Scripturis
1723 5479 1834 5534 sanetis
1848 5485 1877 5535 te

213 5566 339 5628 Ecclesia
357 5568 509 5644 predicare
545 5585 602 5628 uon
629 5573 732 5638 cessat,
751 5568 867 5624 consilio
898 5567 1015 5630 meliore
1055 5582 1167 5622 sumere
1182 5566 1484 5638 nonnunquamdicis3
1503 5573 1553 5623 aut
1573 5566 1699 5638 penitus
1712 5583 1780 5625 esse
1793 5569 1874 5635 falsa,
