3986 6184
167 222 211 279 m
508 222 547 277 m
566 221 599 276 n.
620 219 728 277 rnen
749 217 861 276 srrsr.
881 215 1067 276 comum.
1089 243 1122 260 -
1142 215 1254 275 aaran
1273 216 1322 274 au
1342 215 1423 274 coa.
1731 175 1789 278 ιιι

164 345 186 402 3.
197 345 222 402 i.
235 343 462 417 Contemptibiles
477 344 603 416 quisunt
618 344 646 398 in
660 343 791 410 Ecclesia,
808 343 871 400 illos
884 342 1047 399 constituite
1061 343 1097 398 ad
1109 341 1304 414 judicandum.
1314 341 1341 397 5.
1357 337 1411 405 Ad,
1425 337 1455 393 id
1469 342 1516 404 est,
1528 343 1639 408 propter
1650 354 1785 397 remeun-

163 434 228 488 diam
240 440 367 498 restrarm
380 451 437 489 non
451 438 642 500 ostentantia,
655 435 700 488 scd
711 433 906 488 stomachando
921 435 953 486 in
967 447 1012 486 uos
1026 430 1087 486 dico
1110 431 1156 486 Sic
1171 448 1227 486 non
1240 436 1283 486 est
1296 431 1427 486 intervos
1440 426 1553 498 sepiens
1565 427 1724 500 quisquam,
1736 417 1785 501 qui

161 525 238 596 possit
247 525 375 594 judicare
384 524 458 578 inter
471 523 586 578 tratrem
597 540 680 578 suum
689 523 701 576 i
711 523 765 577 Sed
778 522 865 576 irater
874 538 938 577 cum
947 521 1033 576 fratre
1043 520 1150 591 judicic
1165 520 1319 586 contendit,
1334 519 1425 574 ethoc
1435 517 1510 590 apud
1519 517 1666 572 infideles?
1680 521 1785 574 scilieet

160 609 362 680 misenatem
373 612 486 684 quidem
501 612 616 666 omnino
626 611 760 666 delictum
773 618 816 666 est
828 611 855 665 in
869 609 1159 682 vobis,·quedjudicia
1169 609 1279 664 habetis
1287 616 1350 676 55
1360 609 1433 664 inter
1443 624 1499 662 vos.
1511 605 1604 672 Quare
1615 623 1671 664 noa
1680 608 1783 678 magis,

159 701 348 770 paamjadr'eto
368 701 546 766 contendatis,
562 699 696 771 injuriam
711 699 860 770 accipitis?
874 699 967 765 Quare
982 715 1039 754 non
1054 698 1144 769 magis
1166 698 1293 754 fraudem
1308 697 1460 770 patimini?
1475 699 1501 752 i.
1518 696 1572 752 Sed
1586 713 1634 752 vos
1648 695 1782 768 injuriam

158 788 248 855 iarius,
256 794 285 844 et
296 788 443 846 fraudatis,
458 789 588 856 fraudem
598 789 720 856 insertis
731 794 760 844 et
769 789 822 844 hcc
832 788 980 855 fratribus,
995 789 1098 854 sociiis.
1109 788 1201 843 Nolite
1209 789 1341 856 [caumas
1349 788 1449 855 facere,
1464 788 1532 856 quia
1542 787 1676 854 sisacitis,
1689 787 1784 856 inique

157 880 228 940 setim
238 879 283 932 sed
298 880 393 947 iniqui
407 893 525 946 repham
536 880 585 932 Dei
599 895 656 933 non
665 881 850 948 possidebant·
869 879 942 948 quod
953 877 1051 946 prohat
1060 879 1161 944 aperte.
1172 877 1217 930 An
1228 874 1341 932 nescitis
1351 875 1419 946 quia
1429 874 1518 945 iniqui
1532 889 1653 944 regnam
1662 873 1714 930 Dei
1724 889 1782 930 non

157 965 345 1037 possidebunt?
359 965 452 1022 Nolite
466 982 563 1022 errare
579 983 586 1019 τ
600 983 657 1022 non
671 969 807 1023 credentes
823 968 969 1037 pacatico
987 983 993 1019 ι
1014 978 1106 1032 neque
1120 963 1273 1030 fornicarii,
1295 979 1387 1035 neque
1407 962 1489 1018 idelis
1510 961 1674 1030 servientes,
1690 978 1784 1034 neque

157 1055 276 1121 edulteri,
301 1072 392 1127 neque
406 1056 514 1118 molles,
528 1060 560 1111 in
579 1059 683 1126 seipsis,
701 1073 793 1129 neque
816 1055 1009 1112 masculorum
1031 1049 1236 1119 concubitores,
1262 1068 1354 1124 neque
1370 1051 1456 1118 fures,
1479 1067 1571 1123 neque
1586 1051 1674 1120 aran,
1694 1066 1787 1124 neque

158 1143 261 1210 ebriosi,
270 1160 363 1216 nequa
372 1143 511 1208 maledici,
525 1160 617 1215 neque
629 1147 753 1216 rapaces,
767 1159 886 1215 regnum
894 1143 945 1199 Dei
957 1139 1148 1214 possidebunt.
1163 1141 1265 1196 Ethaec
1274 1144 1342 1198 oiim
1351 1141 1466 1214 quidam
1476 1139 1579 1198 sumtis.
1590 1156 1638 1196 nec
1651 1141 1710 1196 ideo
1726 1141 1787 1196 dico

158 1239 266 1288 einans
282 1236 349 1288 tates
362 1235 423 1288 sitis
436 1251 443 1300 ;
459 1233 509 1288 sed
521 1231 611 1288 abluti
621 1233 699 1298 estis,
715 1233 765 1288 sed
779 1232 946 1288 sanctificati
959 1231 1036 1299 estis,
1046 1230 1252 1301 sedjustiticati
1267 1230 1345 1298 estis,
1356 1232 1386 1290 8.
1400 1230 1430 1285 in
1446 1229 1560 1286 nomine
1570 1228 1682 1284 Domini
1697 1227 1788 1286 nostri

157 1323 215 1377 lesu
230 1321 346 1386 Christi,
362 1325 394 1377 in
409 1322 553 1390 baptismo,
566 1327 595 1376 ct
610 1322 639 1376 in
651 1321 752 1394 spiritu
775 1320 826 1376 Dei
838 1320 938 1376 nostri.
961 1319 1073 1386 Omnia,
1090 1335 1147 1374 non
1161 1323 1245 1389 hepati
1258 1321 1396 1386 doctrina,
1411 1321 1457 1373 sed
1478 1320 1566 1373 iihcra
1580 1321 1707 1386 potestate
1718 1315 1791 1372 mihi

155 1412 241 1476 heaut,
255 1409 378 1465 sednon
392 1409 488 1464 omnia
502 1409 653 1480 expediunt
668 1407 694 1464 9.
711 1410 813 1465 Omnia
827 1408 897 1464 mihi
908 1408 1002 1473 licent,
1016 1407 1066 1462 sed
1080 1424 1132 1479 ago
1146 1408 1198 1464 sub
1214 1409 1319 1466 nullius
1332 1410 1396 1464 citii
1407 1406 1520 1478 redigar
1533 1410 1673 1478 potestate
1688 1425 1695 1474 ;
1710 1407 1792 1476 quasi

91 1489 97 1498 ⁸
156 1497 1790 1568 dicere;noninparandisescisetsaturanitsocntrihussuperstitumstudiumhaheredebetis,quiautiquetransitoria

156 1595 222 1642 suot.
235 1589 309 1644 Esca
318 1587 420 1648 centri,
439 1589 541 1640 sciticet
548 1593 681 1656 paratur,
694 1595 723 1642 et
735 1593 835 1643 venter
842 1590 1015 1642 sustentatur
1027 1585 1097 1641 sacis
1115 1603 1121 1640 ε
1143 1586 1184 1645 10.
1200 1589 1275 1644 Deus
1289 1594 1384 1643 autem
1398 1591 1427 1642 et
1438 1586 1522 1652 hunc,
1538 1592 1568 1641 et
1580 1587 1632 1642 has
1644 1586 1791 1654 destruet3

156 1694 249 1748 corpus
263 1682 362 1731 autem
375 1691 431 1730 non
445 1677 558 1730 debetur
572 1675 760 1743 fornicationi,
778 1676 827 1731 sed
843 1679 925 1732 subdi
943 1677 1017 1732 dehet
1042 1677 1172 1744 Domino,
1188 1683 1217 1732 et
1235 1677 1380 1744 Dominus,
1396 1679 1498 1732 scilicet
1516 1676 1788 1730 martaronensem

156 1763 270 1836 corpori.
287 1765 364 1818 Deus
378 1780 443 1818 vero
457 1769 506 1834 [cet
521 1768 708 1820 ressuscitabit
726 1769 818 1835 ipsum
830 1787 837 1828 ς
851 1767 940 1834 potuit
954 1767 1029 1819 enirn
1045 1769 1223 1822 ressuscitare
1242 1767 1393 1834 Christum)
1409 1771 1438 1820 et
1453 1764 1604 1820 Dominum
1624 1763 1788 1820 suscitarit:

156 1859 181 1907 et
190 1869 238 1906 nos
252 1850 405 1906 suscitabit
419 1869 469 1924 per
483 1852 615 1908 virtutem
625 1870 716 1908 suam.
725 1854 846 1909 Nescitis
864 1853 998 1924 quoniam
1010 1869 1128 1924 corpora
1142 1860 1235 1910 vestra
1249 1833 1376 1910 membra
1390 1853 1585 1910 suutChristit
1595 1852 1706 1909 Tollere
1720 1867 1791 1922 ergo

155 1939 277 1996 membra
292 1941 521 2006 cerasiacum
538 1942 664 1998 membra
675 1941 854 1999 meretricis?
866 1945 897 1997 sd
914 1948 961 2009 est,
977 1959 1039 2011 erpa
1054 1960 1169 2014 corpora
1180 1949 1275 2000 nostra
1295 1961 1351 2000 nan
1365 1946 1510 2000 Mhuntur
1523 1944 1717 2012 fornicationi,
1728 1957 1794 1997 cum

155 2035 207 2085 sint
221 2030 349 2084 nsemhra
364 2029 477 2084 Christi.
489 2030 569 2085 Absit
581 2029 587 2084 i
601 2031 627 2084 lt
636 2071 642 2084 .
651 2033 695 2086 An
709 2031 824 2087 nescitis
838 2030 972 2103 quoniam
983 2029 1032 2102 qui
1045 2029 1087 2094 li,
1098 2031 1139 2090 i3.
1152 2032 1533 2099 adheretmeretricimnum
1543 2047 1644 2103 corpus
1653 2028 1797 2086 allicitur?

157 2117 340 2183 Erunteairn,
356 2117 459 2189 inquit,
476 2118 532 2173 duo
545 2120 574 2174 in
590 2136 674 2176 earne
688 2137 754 2176 una.
767 2122 788 2175 t
803 2123 906 2178 simiti.
925 2120 979 2185 Qui
995 2127 1090 2175 autem
1104 2121 1369 2186 adhaeretliomino,
1386 2138 1459 2177 unus
1475 2121 1592 2193 spiritus
1605 2126 1656 2176 est.
1672 2119 1746 2188 Erpa
1761 2133 1796 2174 ne

154 2209 213 2260 sitis
223 2222 317 2260 unum
330 2223 395 2260 cum
410 2211 563 2262 meretrice.
579 2208 679 2279 Fugite
689 2209 914 2266 fornicationem.
926 2210 1016 2265 Omne
1026 2215 1182 2282 peccatum,
1195 2211 1490 2283 quodcunquelecerit
1501 2213 1594 2279 homo,
1606 2215 1685 2266 extra
1693 2223 1796 2282 eorpus

154 2297 397 2364 est‚idest,satam
405 2299 534 2353 animam
544 2301 738 2354 commaculat.
751 2299 792 2366 14,
803 2298 844 2357 15.
855 2299 903 2373 qui
913 2305 1009 2356 summ
1017 2297 1181 2369 terminatur,
1191 2300 1741 2373 incorpussuummontromhonorem
1751 2299 1800 2354 tui

826 2441 1121 2499 COMMENTARIUS.

186 2585 213 2640 3.
227 2586 359 2644 ueros.
387 2584 617 2652 Contemptitites.
634 2583 740 2638 Tamen
754 2583 954 2651 intractabiles,
965 2587 990 2646 A
1000 2583 1066 2639 iecit
1079 2588 1108 2639 at
1122 2583 1157 2639 de
1170 2583 1219 2640 illo
1231 2582 1280 2656 qui
1293 2583 1432 2639 incestum
1446 2582 1581 2639 amiserat
1589 2583 1634 2655 it,
1652 2583 1801 2640 commise-

155 2681 181 2728 οι
189 2674 417 2730 inconsideratos
428 2688 489 2728 esse
498 2671 673 2742 significavit,
685 2677 717 2728 ut
727 2671 873 2745 imperitos
883 2675 956 2734 torta
998 2672 1197 2745 rat].Denique
1211 2673 1309 2729 statim
1320 2673 1358 2729 ad
1370 2673 1544 2744 superiorem
1557 2687 1683 2741 sensum,
1699 2689 1730 2729 re
1739 2671 1802 2729 bre·

156 2782 187 2820 ex
200 2764 341 2820 matribus
352 2765 463 2836 judices
477 2761 622 2833 eligerent.
1000 2762 1072 2818 viter
1090 2761 1204 2817 interim
1225 2761 1431 2830 commendata,
1448 2761 1532 2817 redit.

187 2854 213 2912 i.
231 2855 345 2912 Leaen.
369 2853 596 2921 contemptibiles.
623 2851 686 2907 Non
713 2851 888 2924 imperando,
909 2856 958 2911 sed
1036 2850 1078 2909 itt.
1096 2853 1202 2911 Laura.
1228 2853 1299 2908 acas
1317 2857 1411 2908 autem
1431 2856 1456 2906 et
1471 2853 1555 2907 hunc.
1571 2851 1657 2915 Quasi
1670 2850 1801 2909 dicaret:

154 2943 352 3016 exprobrando
372 2940 506 3014 supponit
529 2956 642 2995 causam
665 2956 715 2996 cur
735 2941 832 2998 fideles
846 2951 961 3016 propter
1002 2957 1059 2996 aaa
1075 2940 1104 2996 in
1125 2940 1258 3013 parandis
1272 2940 1342 2996 escis
1356 2946 1384 2996 et
1407 2940 1568 2996 scrutandis
1582 2939 1727 2998 ventribus
1740 2944 1803 2998 stu·

154 3031 361 3088 discussionem
386 3045 536 3086 cansarum
563 3045 679 3084 suarum
702 3029 738 3084 ad
766 3029 893 3088 infideles
919 3033 960 3089 ire
1001 3030 1068 3085 ders
1081 3027 1198 3092 debetis,
1216 3029 1283 3101 quia
1296 3035 1417 3102 utraque
1430 3029 1680 3086 transitoriasunt.

155 3125 307 3192 cogantur,
320 3119 523 3191 videlicetquie
532 3134 666 3190 personas
675 3125 850 3176 terrenarum
867 3121 960 3194 legum
1036 3119 1161 3176 Anonos.
1174 3119 1207 3174 lit
1220 3120 1355 3174 Dominus
1364 3121 1483 3188 corpori.
1493 3116 1677 3187 subauditur,
1688 3119 1804 3178 immor·

153 3212 281 3284 mussas,
300 3212 334 3266 ad
359 3210 515 3266 audiendas
536 3209 660 3264 lldelium
675 3225 782 3276 causas,
808 3213 960 3270 consutae·
1001 3208 1140 3263 talitatem
1149 3208 1330 3264 ressuscitato
1346 3207 1499 3279 praestabit.

154 3298 231 3356 bant.
242 3302 280 3357 Et
290 3300 444 3355 itedictum
454 3303 498 3353 est
510 3297 640 3354 similiter
649 3298 678 3353 in
689 3298 839 3368 Evangelio
850 3303 958 3366 (ltattls.
1039 3296 1080 3354 il.
1096 3297 1201 3352 Laura.
1217 3296 1263 3353 An
1277 3299 1386 3352 rtescitis
1396 3299 1473 3366 quia,
1487 3301 1541 3354 etc.
1555 3298 1619 3354 Nou
1628 3297 1737 3356 debetis
1750 3298 1805 3356 lor·

153 3404 215 3455 nv,
231 3390 282 3458 as:
301 3391 338 3444 lte
350 3390 442 3458 potius
456 3387 742 3454 nocentissimam
756 3373 958 3461 VirgilibOEpt.
1001 3385 1088 3442 niceri
1103 3402 1167 3442 cum
1183 3385 1387 3451 meretricibus,
1404 3387 1471 3458 quia
1488 3386 1586 3443 meotis
1600 3404 1689 3446 unum
1703 3403 1805 3462 corpus

154 3486 176 3553 l,
198 3479 247 3546 7⁴)
267 3497 274 3532 :
293 3479 382 3532 Insere
396 3492 483 3541 nserm,
498 3481 550 3530 etc.
1002 3491 1066 3531 cum
1081 3475 1237 3531 meretrice.
1254 3475 1307 3541 Qui
1321 3474 1448 3530 adheret
1461 3477 1612 3545 meretrici,
1638 3494 1727 3534 unum
1745 3493 1805 3534 cor·

188 3571 216 3628 5.
234 3568 281 3624 dd
296 3567 491 3620 verecundiam
505 3568 633 3618 vestram.
649 3564 734 3630 Quasi
749 3566 875 3621 diceret:
899 3567 962 3624 Non
1003 3581 1056 3635 pus
1075 3580 1140 3619 cunr
1164 3581 1199 3620 ea
1212 3563 1343 3619 efficitur.
1362 3565 1500 3636 Numqui
1523 3565 1649 3622 adheret
1671 3566 1804 3639 legitima

153 3663 277 3732 impero,
297 3654 346 3710 sed
360 3654 809 3720 commemore,utverecundiam
824 3654 962 3723 habeatis,
1004 3653 1093 3720 ason,
1107 3654 1140 3708 nt
1153 3669 1252 3719 unum,
1266 3652 1334 3708 dicit
1348 3653 1425 3708 enim
1445 3653 1585 3710 Genesis:
1604 3655 1708 3723 lirant,
1727 3655 1803 3713 scili·

153 3749 222 3822 quia
236 3743 344 3802 tacitis.
1003 3747 1048 3797 cet
1062 3741 1105 3796 vir
1114 3747 1143 3796 et
1154 3757 1234 3808 uxor,
1244 3742 1299 3797 duo
1312 3745 1437 3798 incarne
1448 3758 1517 3798 una.

187 3837 216 3892 6.
234 3836 368 3890 Auausr.
386 3829 539 3892 ilinchirid.
551 3832 588 3885 ad
596 3831 693 3897 haur,
710 3848 735 3886 c.
753 3829 795 3899 18,
811 3838 880 3889 tom.
897 3833 960 3899 ΙΙΙ).
1038 3830 1083 3885 te.
1102 3831 1225 3887 Anonos.
1241 3831 1296 3900 Qui
1309 3831 1438 3886 adheret.
1455 3831 1515 3887 Hoc
1533 3832 1620 3892 dicit:
1638 3835 1687 3907 qui
1704 3839 1803 3892 conm-

151 3928 217 3980 lom
230 3923 347 3995 quidem
367 3921 499 3975 delictum
512 3924 558 3974 ost.
576 3919 608 3976 st
622 3923 684 3989 pais
698 3925 817 3976 uetuerit
836 3927 963 3979 tunicam
1005 3919 1151 3974 minutioni
1165 3919 1346 3987 admiscetur,
1355 3935 1443 3976 unum
1453 3922 1486 3976 tit
1500 3936 1564 3977 cum
1574 3939 1608 3979 eo
1618 3925 1667 3996 qui
1676 3940 1707 3979 sa
1717 3923 1806 3980 adsm-

153 4021 234 4069 taam
243 4016 352 4076 toliere,
364 4009 499 4078 otiositate
510 4013 598 4062 tecum
612 4011 783 4077 contendere,
798 4012 907 4067 dimitte
917 4017 961 4069 itte
972 3993 1074 4067 Βιιιι.
1093 4008 1252 4064 Fornicatio
1267 4009 1343 4064 enim
1365 4009 1462 4065 ambos
1476 4025 1564 4066 unum
1579 4011 1655 4079 facit,
1678 4016 1711 4068 ut
1733 4029 1805 4085 quo·

153 4109 177 4156 et
187 4099 464 4173 pattiumtltatthm,
477 4095 532 4166 tt).
545 4096 579 4151 Et
588 4097 642 4152 alic
653 4098 730 4154 loco:
743 4101 777 4156 at
787 4105 837 4170 qui
846 4104 964 4158 aestate·
1004 4098 1127 4154 modain
1139 4105 1251 4166 natura,
1271 4098 1312 4154 sic
1325 4097 1396 4154 etin
1411 4099 1531 4167 macula,
1546 4115 1636 4155 unum
1646 4101 1713 4156 sint.

154 4197 201 4255 rit,
217 4189 329 4263 inquit,
340 4193 399 4255 tua,
410 4188 470 4242 noti
484 4189 734 4258 comissationes,
748 4186 963 4260 seimonaus
1042 4185 1083 4244 13.
1095 4189 1216 4244 Arausa.
1233 4189 1289 4258 (tib.
1307 4201 1352 4241 ιιι
1364 4189 1398 4242 lte
1418 4189 1533 4254 trinit,
1544 4205 1571 4246 c.
1588 4187 1631 4256 ti,
1651 4195 1720 4244 tom.
1735 4188 1802 4260 III).

152 4282 251 4353 itaque
268 4295 338 4335 sues
352 4277 386 4332 de
404 4274 585 4332 saecularibus
598 4274 682 4332 rebus
700 4293 764 4352 cum
778 4279 841 4336 aliis
859 4279 962 4337 habere
1003 4277 1057 4345 Qut
1067 4278 1195 4332 adheret.
1211 4275 1368 4332 Accedente
1388 4275 1502 4347 quidam
1524 4276 1578 4332 isto
1600 4278 1637 4334 ad
1651 4277 1803 4352 participa·

149 4370 307 4441 iudicium.
339 4367 380 4422 Ex
408 4382 465 4438 qua
491 4365 628 4433 doctriua,
648 4367 798 4438 Apostolus
815 4367 882 4424 dicit
901 4386 961 4426 esse
1002 4365 1107 4421 donem
1122 4371 1231 4420 naturae
1245 4365 1370 4421 veritatis
1384 4370 1414 4420 et
1433 4363 1615 4423 beatitudinis
1634 4368 1709 4424 illius
1723 4387 1730 4438 3
1745 4385 1803 4426 non

152 4459 309 4524 delictum3
324 4460 419 4510 minen
440 4470 504 4510 cum
522 4453 591 4508 sinit
604 4454 680 4510 liniri
703 4455 733 4510 in
756 4457 880 4513 Ecclesia
894 4459 963 4514 talia
1002 4458 1097 4511 tamen
1108 4459 1249 4511 crescente
1263 4455 1312 4510 illo
1325 4454 1355 4511 in
1367 4459 1479 4523 natum.
1501 4455 1619 4514 veritate
1637 4463 1667 4514 tt
1684 4457 1804 4517 beatitu-

147 4547 262 4620 judicia
283 4546 360 4601 inter
377 4544 489 4610 fratres,
510 4542 645 4600 iratribus
666 4544 868 4616 judicantibus,
884 4553 963 4604 estre
1003 4545 1071 4601 diae
1084 4561 1149 4604 sua.

151 4635 315 4692 materiam
347 4648 413 4688 sero
434 4630 598 4688 terribiliter
619 4637 705 4700 vetat,
721 4633 902 4692 manifestum
920 4641 964 4692 est
1037 4635 1145 4703 thom
1158 4636 1429 4703 autemsarnicatur.
1440 4633 1513 4701 Quia
1524 4652 1664 4710 nusquam
1677 4639 1803 4697 sictotus

151 4725 222 4797 quid
238 4720 400 4779 secundam
415 4720 526 4775 veniam
535 4721 705 4777 concedatur
718 4722 848 4780 infirmis.
1004 4725 1089 4780 homo
1103 4723 1228 4796 corporis
1244 4723 1331 4796 ipsius
1351 4723 1487 4796 voluptati
1501 4724 1649 4795 addicitur,
1665 4732 1695 4784 et
1707 4730 1804 4786 inelle-

186 4813 217 4868 i.
234 4813 348 4869 hasa.
357 4811 411 4867 Sed
423 4825 467 4864 eos
477 4812 617 4879 injuriam
626 4812 729 4879 facitu.
742 4812 827 4877 Quasi
837 4813 961 4870 'dicerem
1003 4811 1107 4880 bilitrr,
1119 4813 1160 4868 sel
1171 4812 1367 4870 inevitabiliter
1375 4813 1507 4880 allicitur,
1514 4820 1547 4870 ut
1555 4816 1584 4872 in
1593 4820 1819 4891 comparatione.
1848 4858 1852 4868 -

150 4919 201 4959 sos
215 4917 282 4958 non
297 4899 365 4955 estis
374 4897 456 4959 tales,
465 4903 497 4953 ut
511 4897 617 4956 illatam
630 4900 764 4971 injuriam
774 4902 865 4959 velitis
880 4903 961 4972 terre,
1002 4903 1089 4974 hujus
1103 4901 1176 4958 tanti
1190 4902 1267 4966 mali,
1280 4906 1382 4958 caetera
1402 4909 1518 4975 peccata
1533 4912 1612 4961 extra
1626 4923 1728 4980 corpus
1741 4925 1803 4966 esse

150 4993 201 5046 sed
218 4987 322 5063 potius
334 4985 419 5043 vultis
432 4987 545 5042 inferre.
1003 4991 1165 5060 rideantur3
1181 4991 1292 5048 etiamsi
1303 5007 1354 5064 per
1369 5008 1470 5064 corpus
1485 5001 1676 5052 exerceantur.

185 5079 217 5138 8.
236 5080 276 5134 ln
291 5081 405 5133 nornine
424 5077 545 5132 Ooms'ni.
557 5077 589 5133 In
597 5076 739 5151 baptismo
753 5080 821 5136 dicit
835 5099 842 5148 ς
856 5080 903 5138 ubi
924 5081 964 5138 di·
1041 5079 1083 5138 ii.
1099 5084 1222 5139 Ausees.
1239 5081 1292 5149 Oui
1303 5089 1396 5136 auaro
1409 5083 1579 5150 fornicatur.
1590 5085 1691 5141 Totum
1701 5103 1802 5160 corpas

148 5171 264 5226 stincte
274 5175 521 5233 commemoratur,
533 5172 563 5222 et
575 5165 797 5240 subintelligitur
810 5169 839 5225 in
850 5170 964 5226 nomine
1004 5171 1047 5226 vir
1055 5177 1099 5226 est
1110 5176 1139 5227 et
1152 5171 1262 5236 mulier,
1278 5169 1342 5242 quia
1355 5171 1446 5242 portic
1462 5171 1512 5226 viri
1531 5172 1633 5228 mulier
1651 5180 1702 5236 ast,
1718 5181 1748 5230 et
1761 5177 1803 5232 vir

149 5255 266 5315 Patris.
971 5280 993 5341 c
1005 5277 1055 5333 per
1067 5261 1094 5316 id
1110 5260 1184 5331 quod
1200 5260 1229 5314 in
1244 5260 1401 5332 portionem
1412 5277 1492 5316 suum
1501 5261 1649 5333 delinquit,
1660 5263 1690 5318 in
1700 5281 1801 5338 corpus

187 5347 218 5404 9.
235 5347 370 5418 Asseros.¹
381 5343 482 5398 Omnia
496 5343 568 5399 mihi
582 5347 674 5400 licent.
691 5346 793 5402 Omnia
812 5346 866 5403 sibi
879 5347 962 5404 licere
1003 5367 1086 5406 suum
1103 5354 1207 5423 peceat.
1223 5349 1275 5405 Vel
1289 5350 1354 5421 quia
1368 5349 1500 5406 tornicari
1510 5351 1654 5422 corporale
1668 5353 1802 5413 delictum

149 5435 237 5492 dicit.
256 5447 292 5487 ea
306 5431 481 5504 scilicetquae
494 5434 662 5505 coapostolis
675 5435 736 5506 ejus
748 5436 962 5494 licuerunt.Hoc
1003 5445 1063 5508 est;
1083 5455 1139 5495 non
1155 5440 1230 5496 enim
1242 5439 1275 5494 lit
1287 5439 1348 5494 sine
1362 5437 1502 5495 desiderio
1520 5439 1621 5498 carnis.
1638 5442 1710 5499 Caro
1725 5444 1801 5506 enim

148 5525 235 5582 enim
252 5521 393 5596 praemisit
406 5526 504 5594 postea
517 5521 590 5578 hane
607 5539 721 5580 causam
737 5531 861 5598 acturus,
889 5527 963 5586 sicut
1002 5529 1041 5585 ibi
1055 5528 1140 5586 trabat
1150 5534 1258 5586 motum
1270 5529 1426 5603 proprium,
