3872 6162
240 275 304 336 103¹
759 284 788 340 S.
808 283 1008 340 GUlLLELMI
1029 277 1185 341 sunaus
1203 283 1374 344 HlRShUG.
1774 299 1826 360 rust
1900 231 1901 306 j

237 405 371 460 tiadatur
385 403 490 477 absque
506 407 623 462 scutella
636 423 723 464 unum
740 410 819 465 erudi
830 411 903 465 casei
914 411 1032 466 fratrum
1043 412 1101 472 Asi
1118 416 1161 468 εει
1177 417 1289 485 tempus
1302 413 1408 469 aestatis
1420 429 1472 485 per
1484 417 1572 468 totam
1586 414 1825 480 illambebdomadam
1900 423 1901 430 ’

236 495 281 548 vel
295 499 416 567 quatuor
427 495 568 552 ova.'l'unc
581 498 795 569 caseusquidern
802 500 842 554 ita
850 500 1036 565 ministratur,
1079 506 1143 571 post
1156 517 1260 556 nonam
1276 501 1303 556 in
1323 501 1470 557 refectorio
1490 502 1635 574 propinant
1651 513 1766 578 aquam·
1785 513 1826 567 Sed

236 590 269 640 ut
283 585 319 639 ad
336 585 443 640 scillam
458 585 565 640 sedenti
578 586 607 641 in
619 588 734 641 scutella
747 594 915 659 apponatur,
929 588 1037 644 caeteris
1079 589 1138 644 huc
1162 591 1322 663 propinatio
1336 591 1408 646 sicut
1431 596 1458 646 et
1480 592 1630 648 meridiana
1655 599 1787 666 repausatio
1803 601 1826 656 in

235 691 302 730 uero
314 691 365 746 per
378 673 504 746 singulas
517 691 628 729 mensas
643 677 758 747 singulae
775 679 955 749 porrigantur
969 696 1034 734 acu·
1078 677 1183 733 Palmis
1195 679 1325 734 initiatur
1340 685 1369 734 et
1380 696 1469 750 usque
1480 681 1514 734 ad
1528 681 1660 736 Kalendas
1669 683 1775 739 Octobris
1782 705 1829 758 pre
1900 699 1901 740 ι

234 763 308 819 tellau
319 763 393 818 casei
404 763 501 818 trustis
517 764 614 834 plenae,
630 770 662 819 ιιι
678 765 751 836 quod
766 766 819 821 sibi
842 767 943 838 placet,
959 767 1036 838 quis·
1077 767 1212 822 tenditur.
1228 767 1378 822 Sciendum
1392 785 1456 823 vero
1480 775 1533 837 est,
1554 770 1626 840 quod
1650 771 1676 825 in
1698 789 1830 846 quacunque
1900 757 1901 796 ι

234 870 289 925 que
305 852 441 924 accipiat:
458 852 541 906 siova
558 859 620 908 octo
647 854 757 908 duobus
783 855 866 911 simul
893 856 921 909 in
945 855 1037 928 prima
1077 854 1764 929 dieQuadragesimaefratreaunavicecomednut,
1781 870 1828 934 post

233 942 349 998 scutella
359 946 557 1013 apponuntur:
575 946 708 997 caeterum
724 943 869 1014 pietantia,
888 961 949 1017 quae
968 943 1036 998 duo·
1076 946 1225 1016 prandium
1246 947 1307 1001 lieri
1322 947 1405 1002 debet
1419 947 1562 1019 praemissa
1576 947 1692 1004 lavatorii
1703 951 1831 1006 emundatio
1900 978 1901 992 ι

235 1031 286 1086 bus
295 1031 380 1086 simul
394 1031 478 1084 datur
493 1030 529 1084 ad
538 1031 643 1086 scillam
657 1032 766 1086 sedenti
780 1033 821 1088 vel
837 1033 924 1105 priori
936 1033 963 1088 in
974 1033 1034 1088 loco
1077 1049 1138 1106 quae
1148 1040 1255 1100 tamem
1271 1053 1334 1090 eum
1350 1036 1392 1091 bis
1408 1037 1575 1104 comeditur,
1589 1053 1672 1109 usque
1684 1047 1739 1110 post
1750 1056 1830 1094 nonani

232 1137 283 1176 suo
296 1119 592 1175 nondimidiatur.Pro
602 1120 729 1190 generali
740 1137 791 1175 ova
802 1121 1036 1193 quinquedantur
1076 1122 1222 1192 differtur3
1239 1126 1287 1180 sed
1303 1125 1331 1179 in
1346 1125 1569 1196 Quadragesima
1581 1127 1670 1182 statim
1684 1135 1739 1200 post
1749 1139 1832 1184 seium

233 1209 396 1281 unicuique,
419 1213 447 1262 et
473 1224 571 1262 caseus
596 1224 741 1280 uunquam
768 1210 821 1264 nisi
850 1215 953 1265 coctus.
980 1209 1034 1265 Sed
1075 1213 1229 1282 peragitur,
1243 1232 1355 1287 semper
1366 1215 1478 1286 quidem
1493 1216 1604 1271 ruuudis
1613 1215 1832 1288 scopisabeleeno·

231 1299 364 1372 quidquid
380 1303 421 1353 est
432 1298 564 1369 generale
580 1298 763 1353 anovissiino
783 1300 918 1371 incipitur
945 1298 1035 1353 admi·
1074 1302 1187 1372 syrtaria
1197 1303 1270 1357 datis
1284 1303 1319 1357 nd
1330 1304 1482 1358 hocsolum
1495 1321 1565 1376 opus
1582 1305 1695 1360 utendis.
1714 1306 1833 1361 Sciendum

233 1391 395 1458 nistrari,et
409 1389 443 1444 ad
458 1391 511 1443 hoc
526 1388 603 1443 scilla
619 1387 691 1443 sicut
707 1395 734 1442 et
748 1389 783 1444 ad
798 1390 884 1456 olera,
899 1393 1031 1444 sonatur:
1075 1394 1118 1442 est
1132 1391 1227 1456 etiam,
1242 1393 1316 1462 quud
1329 1392 1436 1463 praesnti
1448 1393 1605 1449 ministriin
1617 1394 1834 1465 Quadragesimaet
1900 1455 1901 1462 ,

229 1480 368 1552 pietantia
382 1495 447 1533 vero
457 1495 473 1532 a
485 1477 577 1548 priore
588 1483 616 1532 et
630 1478 664 1532 de
677 1479 729 1532 hac
755 1478 967 1534 hebdomadarii
990 1494 1034 1533 co·
1076 1478 1131 1532 alio
1146 1485 1273 1552 tempore
1287 1481 1417 1552 quotiens
1429 1486 1494 1553 pust
1509 1499 1614 1537 caenam
1629 1483 1741 1537 officium
1761 1483 1836 1536 delun·

231 1569 322 1642 quinae
335 1567 403 1622 nihil
420 1567 534 1622 omniuo
557 1582 589 1620 ex
604 1565 698 1622 debito
714 1584 743 1622 se
756 1567 960 1636 intromittunt,
977 1567 1031 1621 nisi
1075 1571 1185 1623 storum
1198 1575 1242 1624 εει
1260 1570 1411 1641 agendum,
1427 1587 1443 1624 a
1458 1577 1594 1628 conuentu
1605 1571 1836 1644 exspectantur,nisi

230 1660 305 1733 quod
315 1659 346 1714 in
358 1660 414 1712 sine
428 1656 539 1730 prandii
552 1655 711 1727 fragmenta
731 1658 792 1726 ejus
815 1657 965 1728 colligunt;
982 1655 1030 1710 sed
1073 1671 1136 1711 cuin
1148 1659 1270 1714 maximo
1281 1659 1338 1714 ritu
1348 1665 1459 1731 agatur,
1470 1660 1515 1714 rel
1525 1659 1615 1714 breris
1625 1659 1837 1731 alicujusdeiuncti

229 1748 401 1816 cellerarius,
416 1747 517 1818 quibus
532 1746 567 1800 ad
580 1745 846 1813 hocinnuerit,cum
857 1747 968 1802 hiscam
981 1728 1061 1798 ιιι-Β
1076 1746 1217 1808 adveniat.
1234 1765 1284 1820 pro
1300 1764 1355 1820 quo
1367 1749 1452 1804 simul
1466 1748 1835 1821 omniasignapulsentur,ral,

227 1838 379 1896 ministrat.
396 1835 538 1907 Quidquid
564 1840 608 1889 εει
631 1834 773 1906 generale,
800 1835 852 1890 hoc
875 1846 1029 1908 apponunt,
1073 1835 1094 1888 si
1118 1837 1347 1904 nimisseroest,
1362 1838 1467 1892 eisdem
1482 1839 1619 1894 ministris
1635 1839 1698 1894 licet
1713 1837 1838 1892 bisrcltcr

227 1927 282 1985 nisi
295 1927 386 2001 pisces
398 1925 464 1990 sint,
481 1941 550 1996 quus
565 1923 733 1979 Cellernrius
757 1923 818 1995 ipse
843 1925 961 1996 singulis
990 1929 1031 1984 eis
1072 1922 1101 1978 in
1116 1923 1292 1981 hebdomada
1307 1926 1376 1981 alios
1391 1928 1492 1982 fratres
1511 1944 1621 2000 rogare,
1645 1933 1677 1983 ut
1696 1943 1742 1999 pro
1755 1942 1780 1982 se
1792 1941 1836 1980 ιιι·-

226 2015 443 2090 suggerentibus
459 2013 585 2086 apponit,
600 2013 729 2084 adjutore
739 2029 789 2067 suo
801 2029 833 2066 ex
847 2014 937 2069 altera
949 2023 1029 2088 parte
1071 2013 1157 2068 vient.
1380 2001 1381 2004 ¹

225 2107 356 2164 similiter
383 2104 512 2160 iaciente.
552 2100 659 2167 Quibus
696 2101 832 2174 appositis
865 2105 1028 2162 cellerarius
1337 2104 1455 2160 CAPUT
1469 2105 1595 2162 xuvm.

225 2197 286 2270 ipse
299 2195 406 2251 scillam
422 2191 559 2266 pulsabit.
580 2191 609 2246 Si
624 2195 719 2245 autem
734 2195 777 2244 εει
792 2191 864 2246 ειιιιε
876 2196 1026 2265 generalis,
1282 2193 1509 2249 centensimus
1523 2198 1655 2265 coqacina.

225 2288 260 2342 ad
275 2288 328 2342 hoc
347 2285 423 2358 prior
441 2297 538 2338 eorum
552 2280 660 2335 scillam
675 2281 777 2351 pulsnt.
794 2283 805 2306 ·
819 2282 898 2346 Quod
910 2284 933 2339 si
946 2284 1028 2341 solito
1107 2280 1172 2346 lun.)
1185 2281 1250 2336 Haec
1263 2287 1357 2336 autem
1369 2287 1436 2338 sunt
1445 2283 1589 2349 utensilia,
1599 2299 1660 2355 qua
1670 2297 1797 2353 nunquam
1806 2281 1841 2335 de·

227 2377 337 2433 tardius
352 2372 576 2436 administratur,
593 2369 781 2441 priorscillarn
797 2375 864 2425 unte
874 2389 905 2426 se
915 2373 1028 2443 pulsare
1069 2385 1130 2424 esse
1141 2369 1282 2425 debentia
1293 2373 1424 2443 coquina.
1435 2371 1562 2428 Primum
1575 2371 1760 2438 triacaldaria,
1771 2385 1840 2425 unuu

225 2483 281 2524 nou
297 2467 433 2520 moratur.
450 2461 538 2516 Pania
549 2475 615 2514 vero
627 2459 714 2513 cruda
725 2459 767 2514 vel
784 2459 876 2516 herbae
894 2461 930 2516 ad
945 2479 1028 2533 pran-
1069 2457 1104 2512 ad
1119 2457 1207 2524 sabas,
1222 2459 1343 2514 alterum
1355 2459 1390 2514 ad
1405 2461 1491 2529 olera,
1503 2461 1621 2516 tertium
1638 2460 1717 2516 simul
1730 2475 1789 2530 cum
1802 2457 1842 2512 tri·

224 2556 313 2620 dium,
328 2554 351 2608 si
367 2551 408 2607 bis
420 2549 559 2615 reficiunt,
577 2564 720 2619 nunquam
729 2548 811 2604 alicui
821 2549 926 2605 dantur
939 2551 969 2605 in
980 2568 1027 2607 re-
1068 2547 1139 2617 pode
1152 2547 1245 2603 terrea
1255 2554 1287 2603 ut
1301 2549 1324 2603 si
1340 2549 1403 2620 quis
1416 2566 1525 2622 pannos
1539 2567 1606 2606 suos
1623 2549 1712 2604 lavare
1735 2547 1841 2611 voluerit,

223 2643 350 2700 lectorio.
362 2643 427 2710 luo.)
440 2637 577 2694 scutellas
590 2636 780 2707 colligunteas
790 2624 874 2703 solas,
884 2638 912 2693 in
925 2638 1026 2711 quihus
1067 2635 1191 2691 lixivium
1204 2638 1294 2692 tacere
1306 2639 1404 2710 possit.
1418 2640 1521 2712 Cuppae
1532 2645 1665 2712 quatuor,
1677 2655 1730 2694 una
1739 2637 1769 2691 ad
1783 2636 1845 2690 tahas

222 2734 293 2790 fabae
317 2732 449 2801 oleraque
482 2726 680 2782 administrata
709 2731 784 2792 suut,
813 2732 928 2798 propter
954 2745 1024 2801 quas
1066 2727 1259 2793 reservandas,
1276 2727 1387 2798 quando
1402 2726 1507 2783 fuerint
1531 2728 1572 2784 ita
1588 2725 1842 2793 semicoctae;sltam
1900 2745 1901 2754 ¹

223 2823 307 2878 etiam
325 2836 399 2876 unus
411 2816 520 2889 jugiter
534 2820 661 2869 remanet
674 2813 702 2868 in
718 2815 848 2886 coquina,
865 2817 912 2888 qui
923 2817 964 2872 ita
979 2835 1024 2873 re·
1064 2815 1094 2870 in
1105 2833 1188 2888 quam
1204 2817 1279 2872 cadit
1292 2818 1483 2888 aqueductus,
1499 2823 1527 2872 ει
1540 2821 1572 2873 in
1588 2834 1645 2890 qua
1655 2818 1728 2872 olera
1740 2814 1845 2888 priusla-

222 2928 288 2969 cens
303 2908 371 2982 utu
388 2907 481 2965 ollitas
495 2905 601 2968 abluat,
616 2904 771 2975 eademque
785 2921 867 2976 aqua,
883 2922 938 2976 qua
952 2907 1024 2963 dilu·
1066 2912 1177 2973 vantur,
1194 2921 1278 2977 quam
1294 2906 1323 2959 in
1337 2905 1493 2961 caldarium
1508 2906 1662 2961 mittantur
1675 2905 1755 2960 tertia
1766 2903 1790 2956 in
1800 2915 1843 2972 qua

221 3002 283 3058 culo
299 3003 366 3054 sunt
379 2996 490 3060 ablutae,
512 3010 548 3048 ne
562 2993 586 3048 si
600 2997 788 3048 corirestorum
801 2992 924 3066 reliquiae
939 2995 1024 3052 indu·
1064 2994 1197 3061 scutellae,
1213 2999 1315 3066 quarta
1329 2994 1364 3049 ad
1379 2995 1431 3049 hoc
1457 2995 1558 3063 solum,
1586 3001 1620 3050 ut
1633 2995 1706 3067 aqua
1724 2991 1803 3048 calida
1821 2990 1845 3042 in

221 3091 342 3154 ruerint,
357 3087 446 3158 major
470 3086 521 3139 hat
534 3081 666 3138 abluendi
685 3083 846 3138 difficultas.
864 3085 968 3140 Eadem
982 3092 1025 3142 est
1065 3099 1127 3138 eam
1142 3084 1272 3138 mittatur
1282 3085 1317 3138 ad
1332 3083 1497 3139 mandatum
1508 3089 1536 3138 ει
1548 3101 1691 3149 rasuram,
1703 3079 1845 3155 quibuslis-

220 3178 368 3251 diligentia
381 3177 416 3231 de
428 3172 567 3238 caldariis,
579 3177 612 3229 ut
626 3176 654 3226 et
666 3171 728 3243 ipsa
743 3173 834 3228 lavata
848 3173 914 3239 sint,
931 3173 955 3230 si
967 3191 1024 3231 nou
1066 3175 1124 3226 tres
1140 3173 1216 3226 inter
1239 3171 1395 3228 rudendum
1410 3177 1547 3241 nidulum
1565 3190 1653 3246 quum
1669 3177 1697 3227 et
1716 3169 1848 3226 ωιθίιιθιθ

220 3275 296 3335 anta,
313 3267 392 3340 peius
406 3269 500 3320 tamen
513 3277 597 3334 quain
612 3260 778 3316 servitorum
803 3262 916 3317 reiectio
944 3264 1024 3320 finia—
1066 3259 1177 3328 debent,
1194 3261 1242 3334 qui
1263 3261 1292 3315 in
1308 3261 1394 3332 priori
1415 3262 1576 3334 septimana
1602 3261 1766 3317 servierunt.
1790 3259 1847 3313 ltem

219 3365 276 3414 tur.
288 3357 377 3412 Focus
387 3353 473 3410 etiam
483 3356 564 3406 caute
577 3349 746 3421 cooperitur,
759 3355 792 3404 ut
816 3350 844 3405 in
868 3352 1023 3410 crastinum
1065 3355 1187 3422 quatuor
1213 3350 1378 3417 cochlearia,
1403 3366 1490 3406 unum
1518 3351 1554 3406 ad
1576 3351 1668 3418 labus,
1692 3351 1803 3406 alierum
1821 3343 1848 3399 ld

220 3447 300 3516 uivus
313 3443 481 3516 reperiatur.
498 3439 567 3494 Post
587 3455 716 3510 vesperos
743 3438 846 3494 iterum
872 3440 943 3496 sabis
963 3443 1022 3514 Jam
1063 3438 1149 3506 olera,
1160 3438 1277 3493 tertium
1288 3455 1346 3493 non
1356 3439 1425 3494 adeo
1435 3439 1552 3511 grande,
1565 3441 1618 3496 sed
1630 3439 1766 3496 mediocre
1775 3436 1805 3490 ad
1815 3449 1850 3488 sa·

220 3534 320 3590 lavatis
334 3549 385 3604 pro
398 3531 554 3602 gratiarum
566 3527 676 3582 actione
687 3527 783 3582 dicunt
797 3529 944 3599 praefatum
959 3548 1022 3586 rer·
1061 3527 1157 3598 ginam
1173 3527 1401 3599 exprimendam;
1426 3534 1559 3600 quartum
1576 3535 1621 3584 est
1635 3523 1846 3594 formamenta

219 3634 293 3690 sum,
307 3623 464 3677 Benedictus
477 3617 652 3680 audentiae,
669 3617 719 3684 qui
732 3618 867 3685 crljuuisli
892 3635 950 3686 uim
978 3636 1023 3675 eo·
1063 3632 1126 3669 cunr
1143 3617 1285 3672 cineribus
1300 3617 1527 3690 cooperiendum,
1543 3619 1581 3673 ad
1598 3635 1684 3690 quem
1699 3628 1850 3686 componen-

218 3712 284 3767 dem
300 3709 392 3776 modo,
408 3723 463 3780 quo
478 3706 598 3760 alterum
613 3703 744 3758 dixerunt
758 3705 786 3759 in
800 3706 949 3762 matutino.
967 3707 1021 3764 Sed
1063 3703 1129 3758 dum
1150 3706 1193 3759 vel
1207 3705 1419 3761 distrahendum
1440 3711 1484 3762 est
1498 3707 1587 3761 ctiam
1613 3707 1740 3778 eiusdem
1756 3699 1849 3775 generis

131 3827 137 3838 ·
219 3801 243 3856 si
266 3798 414 3862 voluerint,
440 3796 510 3850 duos
537 3792 598 3848 dies
622 3792 752 3864 expedire
781 3800 900 3866 possunt
925 3796 959 3851 dc
984 3797 1022 3851 la·
1063 3792 1180 3866 forceps.
1198 3791 1851 3866 itemquatuorpariamaniearum,nemaniue

217 3889 329 3944 vatione
359 3884 551 3950 scutellarum,
579 3881 608 3936 id
636 3886 680 3935 est
701 3881 731 3935 in
754 3884 878 3938 secunda
899 3883 968 3939 seria
993 3890 1022 3940 et
1063 3883 1266 3938 stamineorum
1279 3883 1399 3938 fratrum
1416 3884 1450 3938 de
1466 3884 1618 3956 nigredine
1636 3884 1761 3956 coquina
1783 3878 1850 3934 iami-

218 3982 329 4052 quarta,
344 3976 373 4031 in
390 3973 491 4047 quibus
505 3988 555 4044 pro
570 3969 771 4026 consuetudine
786 3971 948 4028 cellerarius
962 3983 1019 4030 non
1064 3972 1129 4027 liari
1139 3973 1329 4028 sordidentur.

218 4072 311 4141 potest
323 4062 525 4129 contradicere,
540 4065 573 4115 ut
589 4076 636 4114 eas
662 4059 691 4113 in
722 4060 868 4114 cellarium
897 4061 1019 4118 diluculo
1097 4062 1169 4116 Sunt
1185 4063 1264 4117 ειιιιι
1279 4063 1334 4118 duo
1349 4063 1428 4136 paria
1443 4057 1850 4136 palmariarum(ll7l,quaita

217 4162 344 4230 portatas
355 4141 414 4210 'non
429 4149 607 4208 commendet
623 4147 736 4203 tumulis
750 4149 809 4204 suis
832 4151 1019 4222 propensione
1060 4151 1212 4207 Romanius
1223 4154 1410 4225 appellantur,
1428 4170 1528 4209 manus
1545 4171 1613 4226 quae
1625 4153 1803 4214 defenduuta
1814 4163 1853 4202 ca·

216 4248 309 4304 studio
325 4243 468 4300 lavandas.
495 4240 565 4309 (uo.)
589 4237 726 4292 Veniente
742 4237 859 4294 sabbato
882 4247 944 4312 post
967 4257 1019 4296 no·
1060 4240 1254 4309 lorecaldarii,
1276 4243 1387 4314 quando
1402 4259 1499 4298 recens
1514 4243 1646 4298 ablatum
1663 4243 1700 4298 ab
1714 4225 1777 4312 igne
1796 4252 1852 4308 quo-

216 4355 282 4394 nam
296 4337 340 4392 εει
354 4339 418 4408 post
427 4345 557 4403 vesperos
568 4331 686 4398 scopant
708 4326 867 4398 coquinam,
885 4333 1016 4401 totasque
1025 4372 1049 4431 D
1058 4345 1144 4401 quarn
1158 4334 1201 4385 est
1214 4331 1383 4386 movendum
1399 4333 1441 4387 vel
1453 4332 1663 4388 inclinandum.
1679 4331 1746 4387 Tria
1768 4341 1849 4384 manu·

216 4427 329 4494 sordes;
346 4441 407 4496 quae
421 4421 526 4476 fiebant
553 4431 603 4490 per
624 4416 797 4471 occasionem
819 4415 955 4488 cinerum,
974 4419 1017 4474 rel
1057 4419 1187 4490 tergiola,
1203 4437 1265 4492 quae
1280 4420 1309 4474 in
1325 4422 1402 4476 omni
1417 4421 1517 4493 quinta
1531 4421 1774 4485 seriarnutantur,
1784 4414 1853 4470 mini·

215 4517 356 4587 lignorum
371 4511 439 4566 toris
450 4508 553 4565 ostium
568 4504 756 4568 accumulant,
773 4510 806 4559 ut
819 4505 883 4560 inde
900 4524 951 4578 per
973 4509 1016 4564 su·
1057 4523 1158 4580 meque
1170 4525 1271 4564 manus
1278 4509 1312 4564 ad
1328 4510 1411 4565 solita
1422 4508 1855 4582 terguntmanutergiairatmm,

214 4604 306 4660 mulos
320 4599 457 4656 cellerarii
469 4597 632 4652 atterantur.
659 4593 832 4648 Calefaciuut
852 4611 955 4666 aquam
980 4596 1015 4651 ad
1057 4613 1119 4668 quae
1133 4597 1257 4670 pendent
1270 4599 1300 4654 in
1313 4600 1445 4656 claustro.
1461 4599 1539 4655 Unus
1553 4597 1812 4655 culteradlardum
1821 4593 1857 4646 in-

214 4692 415 4748 mandatumst
423 4703 455 4742 eo
466 4683 652 4741 dieditlerunt
661 4698 773 4736 versum
786 4699 791 4736 :
806 4685 964 4740 Benedictus
976 4703 1012 4752 es,
1056 4685 1217 4756 cidendum,
1232 4693 1262 4742 et
1274 4687 1359 4743 simul
1375 4703 1422 4744 cos
1438 4688 1473 4743 ad
1488 4689 1665 4744 acuendum.
1683 4687 1746 4744 Uria
1759 4682 1857 4758 patulla

212 4783 336 4847 Domine,
350 4774 516 4848 usquedum
531 4770 695 4826 mandatum
710 4770 748 4825 sit
769 4776 922 4842 peractum,
942 4779 970 4828 ει
983 4773 1013 4830 in
1054 4774 1089 4829 ad
1109 4791 1223 4847 aquam,
1238 4777 1262 4830 si
1275 4793 1346 4849 opus
1358 4777 1452 4844 tuerit,
1469 4777 1697 4832 calefaciendam
1712 4781 1742 4831 et
1755 4775 1788 4829 ad
1803 4771 1856 4826 adi-

213 4868 360 4928 relectorio
375 4865 459 4920 etiam
470 4861 551 4918 lectio
565 4859 721 4916 collationis
732 4859 1013 4930 jamtiniaturdnse·
1053 4880 1117 4936 pern
1133 4863 1319 4920 tundendum.
1334 4865 1441 4935 Altera,
1459 4883 1520 4938 quae
1536 4866 1709 4938 permodica
1732 4865 1763 4919 in
1778 4860 1857 4916 tundo

213 4959 310 5035 quenti
329 4961 424 5012 autem
437 4951 563 5018 sabbato,
580 4965 643 5005 cum
657 4954 752 5004 noster
777 4950 967 5021 aqueductus
977 4953 1013 5008 li·
1053 4952 1203 5010 minuatim
1214 4954 1365 5026 perdurata,
1377 4959 1408 5010 ιιι
1422 4955 1482 5028 ipse
1497 4956 1587 5028 adeps
1604 4973 1659 5028 per
1669 4971 1733 5010 eam
1748 4952 1856 5008 coletur.

212 5066 321 5108 mosam
330 5045 433 5102 habeat
442 5057 554 5114 aquam,
567 5038 761 5112 qualecunque
776 5038 814 5093 sit
827 5039 940 5107 testum,
950 5059 1012 5097 sco·
1053 5040 1115 5096 Una
1126 5041 1197 5114 pixis
1209 5043 1239 5097 in
1258 5059 1315 5117 qua
1327 5044 1369 5098 sal
1382 5044 1560 5112 recondatur,
1569 5048 1601 5099 et
1611 5061 1707 5100 unum
1719 5040 1856 5102 scrinium,

211 5144 282 5214 pant
296 5143 447 5207 utrumque
460 5128 638 5196 lavatorium,
653 5131 712 5182 tam
727 5126 800 5198 quod
814 5133 857 5182 εει
873 5128 909 5183 ad
922 5132 1010 5186 eccle·
1054 5129 1084 5184 in
1096 5146 1150 5201 quo
1165 5131 1275 5186 minora
1288 5149 1406 5204 quaeque
1417 5134 1621 5190 recondantur.
1633 5135 1700 5190 Una
1715 5147 1797 5194 urna,
1809 5143 1859 5200 qua

210 5231 258 5287 siae
270 5244 338 5286 usus
353 5240 436 5298 quam
450 5219 524 5294 quod
539 5219 575 5273 ad
591 5233 700 5271 manus.
1053 5234 1129 5290 aqua
1141 5220 1299 5289 hauriatur,
1326 5238 1472 5294 scopaeque
1499 5223 1573 5291 duae,
1605 5221 1715 5294 quibus
1742 5217 1859 5275 caldaria

245 5319 318 5374 item
329 5318 447 5387 scopant
460 5307 632 5366 necessarias
662 5304 775 5377 fenique
799 5305 932 5380 reliquias
960 5326 1011 5382 per
1053 5313 1116 5379 post
1129 5309 1284 5366 coctionem
1299 5317 1456 5383 scopentur.
1471 5311 1538 5366 uua
1560 5311 1636 5367 retis
1664 5308 1857 5372 abscissiones,

209 5413 297 5466 totam
303 5402 509 5462 hebdomadam
518 5394 631 5470 expensi
641 5399 798 5465 congerunt
807 5394 843 5450 ad
856 5405 1010 5467 murum,et
1052 5396 1155 5469 quibus
1173 5404 1292 5455 utantur
1304 5397 1339 5454 ab
1353 5400 1526 5456 ablutionem
1542 5401 1749 5464 scutellarum,
1765 5403 1793 5452 et
1806 5395 1859 5451 cal-

249 5549 318 5628 utut
332 5547 366 5605 Id
380 5551 432 5614 etl,
448 5547 505 5601 010⁰
518 5543 616 5600 illidat·
1088 5541 1160 5612 (llll
1173 5543 1270 5600 Genus
1284 5543 1519 5611 chirothecarum,
1530 5544 1607 5616 quod
1617 5560 1740 5599 manum
1755 5541 1859 5614 palmas

1051 5614 1132 5688 tegit,
1147 5620 1180 5672 ut
1191 5614 1222 5671 in
1235 5614 1295 5672 oni.
1313 5615 1490 5672 cluniacensi
1501 5617 1561 5688 jam
1576 5616 1760 5672 uctadmus.
