3934 6174
136 281 174 341 iti
436 280 475 336 IN
494 281 527 335 D.
548 278 655 336 PAULI
677 277 791 335 EPIST.
813 277 998 335 conmuni.
1020 309 1052 320 -
1073 278 1184 334 EPlST.
1205 276 1253 332 AD
1273 274 1401 332 aduno.
1687 271 1739 331 ist

132 422 212 462 rursus
220 404 290 460 omui
298 403 450 470 hominib.
459 403 671 460 circumcidenti
681 420 721 472 se,
732 402 867 476 quoniam
876 399 986 458 debitor
997 405 1040 458 est
1053 401 1190 457 universa
1199 399 1269 472 legis
1285 398 1428 453 iacienda.
1438 397 1470 454 Si
1478 399 1553 452 dedet
1563 400 1738 464 circumcidi,

28 501 29 526 ¹
132 497 241 550 sinriiiter
253 494 430 546 estobnocius
442 494 578 545 uniuersis
587 495 731 560 uectibus.
743 492 876 547 Evacuati
891 491 961 547 estis
975 509 992 546 a
1004 490 1126 556 Christo,
1142 491 1317 546 sincdbristo
1330 490 1402 552 ostis,
1420 486 1467 559 qui
1483 487 1512 540 in
1526 486 1588 558 lege
1599 487 1739 559 justitita-

28 569 29 586 ’
132 582 194 645 mini,
204 583 350 648 iustificam
362 581 490 640 creditis:
507 580 530 634 si
540 585 634 634 autent
643 585 703 635 siue
720 581 836 644 Christo,
852 580 974 651 agraria
989 579 1139 634 excidistis.
1159 589 1217 648 iper
1237 579 1433 642 contrarium.)
1456 577 1514 630 Nos
1536 577 1611 632 enim
1629 583 1737 632 tontum

131 671 220 742 spiritu,
231 676 346 738 sumpto,
356 685 391 724 ex
402 668 467 734 fide,
479 685 557 740 spem
569 668 695 739 justitias,
707 672 793 723 vitum
803 675 944 736 aternum,
961 686 1045 739 quum
1055 669 1241 735 trabentiusti,
1254 670 1449 736 exspectamus
1464 665 1523 736 (per
1538 668 1737 735 contrarium.)

130 759 149 812 l.
162 759 221 812 Nam
231 759 259 812 in
272 757 384 812 Christo
397 758 474 819 lesu,
489 773 581 828 neque
591 758 765 813 circumcisio
773 758 879 829 aliquid
890 759 972 824 valet,
982 756 1246 830 nequepraeputium
1258 775 1263 822 ;
1277 755 1326 809 sed
1340 755 1365 810 5.
1385 755 1465 817 fides,
1477 771 1538 825 quae
1556 771 1606 826 per
1616 753 1738 810 cloarita·

129 853 181 906 tem.
190 862 240 900 non
248 849 280 902 in
287 847 436 915 hypocrisi,
447 846 754 918 operatur,0urrebatis
765 846 923 910 bene.Quis
934 863 981 900 vos
990 845 1135 916 impedivit
1146 844 1257 898 veritati
1266 859 1322 896 non
1332 841 1465 896 obediret
1474 843 1686 898 Persuasiohaec
1696 859 1738 898 ro-

129 937 158 988 bis
169 937 234 1003 scoto
246 951 303 988 nou
317 941 360 990 est
373 951 407 988 ex
420 951 462 999 eo¹
473 937 535 1003 lieo,
550 937 598 1004 qui
613 940 692 990 vocat
704 952 763 1003 vos,
780 953 797 990 u
812 951 895 990 causo
905 940 929 988 et
943 937 1068 988 asimiii.
1085 934 1110 998 6,
1127 933 1153 987 7.
1171 933 1309 988 Modicum
1325 931 1493 985 fermentum
1509 937 1598 985 totam
1613 948 1736 988 massam

128 1023 267 1094 corrumpit.
284 1024 341 1094 Ego
356 1027 448 1079 tumen
458 1025 567 1080 conlido
577 1025 757 1096 (consolatur)
772 1025 812 1090 in,
827 1025 868 1090 de,
885 1023 963 1078 vobis
977 1024 1007 1079 in
1021 1023 1149 1090 Domino,
1171 1021 1244 1094 quod
1259 1020 1329 1076 nihil
1345 1020 1433 1084 aliud,
1450 1036 1534 1088 quum
1549 1021 1629 1087 decet,
1645 1021 1738 1092 sapie·

126 1113 167 1178 tis;
180 1111 222 1182 qui
236 1117 331 1166 autem
344 1114 484 1167 suadendo
497 1115 734 1168 circumcisionem
750 1110 899 1168 conturbat
912 1111 1106 1182 comportabit
1116 1111 1264 1182 judicium,
1280 1107 1438 1181 quicunque
1449 1110 1492 1162 est
1501 1107 1559 1174 ille,
1575 1111 1629 1162 sios
1644 1114 1736 1178 potens

126 1198 147 1254 d.
158 1197 179 1258 9.
192 1200 243 1270 Ego
258 1207 364 1267 autem,
383 1201 495 1265 iratres,
512 1202 536 1257 si
549 1201 790 1257 circumcisionem
807 1201 887 1271 (quod
901 1199 1057 1270 dicebatur)
1075 1201 1166 1255 adhuc
1182 1199 1310 1271 praedico,
1327 1198 1392 1270 quid
1411 1197 1502 1252 adhuc
1515 1197 1737 1268 persecutionem

125 1285 264 1358 potiorllb.
283 1289 368 1360 Ergo,
386 1293 412 1343 si
424 1294 662 1346 circumcisionem
668 1291 959 1360 praelioqutdo'citur,
970 1295 1134 1344 evacuatum
1149 1293 1201 1356 est,
1218 1305 1273 1343 esse
1287 1289 1371 1354 dohet,
1390 1285 1434 1344 ll.
1454 1284 1616 1340 scandalum
1634 1285 1736 1351 crucis,

122 1383 216 1446 propter
223 1393 332 1438 crucem
343 1383 435 1445 185
445 1381 568 1434 illatum.
577 1379 621 1437 12.
637 1378 751 1435 Utinam
766 1384 826 1435 eta
842 1383 928 1433 oestro
940 1381 1076 1433 consortio
1091 1377 1131 1434 13.
1141 1374 1397 1446 abscindanturqui
1409 1391 1426 1429 a
1438 1376 1563 1429 libertate
1579 1377 1610 1426 in
1619 1377 1738 1427 circum-

124 1467 232 1520 cisionem
246 1482 295 1520 ros
310 1465 498 1522 conturbant!
517 1467 556 1524 14.
569 1468 626 1523 Vos
641 1468 716 1522 enirn
730 1467 858 1538 [ostendit
879 1483 897 1521 a
920 1482 973 1535 quo
995 1469 1137 1521 deliniens
1151 1463 1327 1537 conturbare]
1341 1464 1370 1518 in
1381 1463 1540 1517 libertatem
1553 1461 1644 1515 nociati
1659 1461 1735 1526 estis,

123 1553 214 1620 iratres,
228 1559 340 1609 tantum
348 1556 419 1626 (nisi
424 1561 526 1625 putetis
537 1575 598 1612 eum
609 1560 764 1612 libertatem
777 1573 795 1612 α
806 1561 861 1626 ispe
871 1556 977 1624 babere)
992 1554 1034 1611 ti.
1049 1553 1251 1608 nelibertatenr
1260 1553 1289 1608 in
1301 1551 1475 1626 occasionem
1486 1550 1558 1606 detis
1567 1550 1669 1614 carnis,
1679 1566 1739 1604 cur-

123 1645 182 1696 notis
192 1645 377 1709 obseruantia,
390 1642 553 1718 satrapes
564 1647 732 1701 charitatem
746 1645 862 1717 spiritus
878 1643 980 1699 servite
997 1643 1125 1710 invicem,
1138 1645 1210 1712 quod
1225 1644 1304 1697 decet.
1321 1642 1365 1696 17.
1382 1641 1481 1696 Omnis
1497 1641 1570 1695 enirn
1582 1640 1625 1694 lex
1637 1638 1666 1695 in
1681 1637 1738 1695 uno

123 1730 244 1785 iteritatis
251 1749 383 1788 sermone
396 1733 538 1805 impletur,
548 1739 599 1790 isto
609 1737 712 1790 scilicet
721 1754 728 1788 :
738 1734 844 1806 Diliges
855 1733 1011 1804 proximum
1027 1737 1109 1787 tuum
1118 1732 1330 1803 sicutteipsum.
1343 1730 1423 1795 Quod
1433 1730 1454 1784 si
1463 1729 1581 1784 invicem
1592 1728 1736 1794 mordetis,

122 1820 276 1886 detrudendo,
287 1826 315 1875 et
327 1822 482 1890 comeditis,
502 1826 586 1879 nolito
599 1826 723 1878 mordere
738 1825 920 1888 altcrrctrum,
932 1825 999 1890 quic
1013 1823 1039 1874 si
1053 1822 1102 1876 boo
1115 1823 1219 1889 sociiis,
1231 1821 1431 1874 destruemini:
1442 1819 1513 1887 quod
1523 1835 1556 1872 ne
1569 1820 1628 1885 tlot,
1644 1817 1735 1872 videte

121 1923 149 1961 ne
159 1905 189 1960 ab
202 1907 320 1964 invicem
335 1911 550 1980 consumamini,
561 1913 760 1967 destruamini.
775 1911 842 1966 Dico
862 1915 957 1964 autern
973 1913 1003 1964 in
1022 1911 1144 1967 Christo:
1163 1909 1321 1983 18.Spiritu
1331 1910 1483 1970 ambulate,
1490 1915 1519 1962 et
1528 1906 1669 1962 desideria
1678 1923 1736 1962 car·

122 1995 430 2069 mnonperficietisde.
440 1999 484 2057 20.
498 2001 570 2056 Caro
582 1999 834 2073 enimconcupiscit
843 1999 977 2053 adversus
986 1999 1135 2072 spiritum3
1152 2001 1267 2072 spiritus
1282 2005 1377 2056 autem
1391 1999 1524 2053 adversus
1537 2013 1661 2052 carnem.
1671 1999 1737 2053 Haeo

776 2095 1069 2154 COMMENTARIUS.

147 2181 168 2239 3.
190 2186 234 2254 (ln
255 2203 318 2256 cop.
335 2204 350 2240 r
368 2189 406 2241 ad
427 2186 502 2257 Gai.)
531 2189 748 2244 Circocmcidenti
776 2203 812 2250 se,
838 2186 1050 2254 eterlctionis,
1071 2189 1172 2259 adjecit
1181 2188 1413 2245 benedictionem.
1432 2187 1494 2242 Non
1505 2183 1734 2255 tantum,inquit,

118 2271 181 2334 Quod
192 2273 253 2329 ideo
268 2275 346 2340 dicit,
363 2281 396 2330 ut
404 2277 446 2330 vel
454 2282 562 2332 terrore
576 2283 634 2332 tam
650 2274 897 2332 innumerabilium
940 2276 1185 2344 circumcidantur,
1202 2279 1251 2332 sed
1271 2276 1486 2342 abscindentem
1502 2275 1542 2330 sic
1566 2275 1641 2330 enim
1665 2273 1738 2328 liunt

118 2359 324 2418 observationum
341 2364 516 2421 abstinerent
529 2383 559 2422 se
571 2366 606 2420 ab
621 2365 664 2421 his
676 2364 777 2436 quibus
791 2381 839 2419 eos
851 2348 897 2418 isti
940 2365 1077 2436 spadones
1087 2373 1202 2438 propter
1217 2383 1336 2438 regnum
1351 2367 1494 2430 coelorum,
1511 2368 1540 2419 et
1554 2362 1679 2418 carnalia
1695 2377 1737 2416 se-

117 2449 247 2522 subjugare
258 2452 420 2524 cupiebant.
939 2453 1048 2508 minare
1062 2454 1219 2511 cessabunt.

143 2537 168 2596 i.
185 2541 288 2596 Lmen.
304 2543 415 2596 Nomio
426 2543 603 2598 Obristoiesu
615 2559 702 2613 noque
712 2545 895 2599 circumcisio.
975 2543 1018 2596 13.
1031 2542 1132 2598 Lnnrn.
1149 2545 1366 2610 discinduntur,
1381 2542 1410 2598 id
1425 2548 1477 2608 cst,
1489 2541 1738 2598 eunuchizentura

116 2625 147 2680 tx
159 2628 208 2682 nde
221 2634 335 2684 tanturn
340 2631 520 2700 justificatur,
533 2633 662 2703 quianon
674 2649 725 2704 per
737 2632 897 2696 aliud;nam
938 2631 1020 2685 malis
1030 2632 1209 2692 moribusne
1215 2633 1337 2704 amplius
1346 2637 1484 2705 generent
1492 2631 1521 2685 in
1537 2632 1642 2686 malum
1655 2650 1661 2699 ;
1679 2646 1736 2686 non

115 2729 190 2785 oeque
204 2733 252 2788 per
278 2718 529 2783 circumcisionem,
546 2737 637 2792 neque
652 2737 702 2792 per
717 2719 895 2793 praeputium.
938 2720 1013 2774 enim
1030 2725 1128 2774 vocant
1142 2738 1191 2775 ros
1206 2720 1243 2776 ad
1256 2721 1284 2777 id
1305 2721 1340 2776 ad
1360 2721 1433 2794 quod
1448 2719 1538 2774 vocati
1549 2719 1626 2786 estis,
1638 2719 1666 2774 id
1681 2724 1736 2788 est,

141 2802 163 2859 5.
173 2806 245 2860 Fides
255 2823 317 2874 quar
335 2823 385 2876 per
409 2809 592 2863 ditectionem.
608 2809 644 2864 Et
653 2809 698 2863 hic
709 2809 778 2864 illud
792 2807 895 2878 tetigit,
937 2808 972 2862 ad
987 2809 1156 2877 libertatem,
1173 2811 1266 2865 sedad
1285 2810 1459 2865 servitutem.

114 2892 216 2964 quius,
233 2891 317 2968 quia]
328 2896 380 2950 sub
395 2895 458 2968 lege
471 2897 613 2952 servitutis
628 2899 696 2969 [ul.,
706 2898 836 2968 servitus]
848 2913 898 2969 per
976 2895 1020 2953 ll.
1046 2899 1091 2952 Vos
1105 2902 1178 2953 enirn
1196 2901 1360 2965 libertatern,
1386 2898 1451 2969 quia
1473 2912 1524 2953 nec
1548 2896 1733 2963 circumcisio,

115 2979 228 3037 timorem
245 2990 394 3054 operatur.
937 3003 988 3042 nec
1001 2987 1063 3042 aliie
1078 2988 1183 3058 legales
1201 2987 1409 3044 observationes
1421 2991 1564 3042 curantur.

140 3067 162 3125 6.
174 3073 313 3127 lindicum
321 3075 556 3141 [ermentumetc.
568 3077 611 3131 Ne
619 3075 760 3131 dicerent:
774 3075 897 3131 Circum·
974 3074 1016 3133 45.
1030 3075 1159 3131 nucum.
1169 3078 1259 3145 (ibid.)
1272 3077 1309 3132 Ne
1321 3079 1484 3137 libertatem.
1495 3074 1585 3139 idest,
1597 3073 1735 3129 neaudito

113 3157 156 3211 cidi
168 3164 278 3216 mutum
291 3178 440 3232 possumus
455 3179 514 3217 nos.
532 3164 583 3218 Vel
597 3163 711 3236 quidam
723 3163 838 3219 illorum
848 3180 896 3218 vo·
937 3165 1050 3220 nomine
1061 3165 1198 3220 libertatis
1214 3165 1291 3220 vobis
1300 3165 1416 3237 impune
1427 3163 1599 3235 peccandum
1611 3178 1672 3217 esse
1687 3178 1734 3217 ar·

111 3243 191 3301 lenens
200 3247 374 3316 circumcidi,
389 3251 483 3318 idest,
501 3253 652 3307 modicum.
937 3253 1089 3310 bitremini.

139 3333 896 3410 inscusr.(iridnoiodreumsermenmm.Eosautem
974 3346 1017 3397 io.
1038 3343 1144 3400 Lsnrn.
1174 3345 1222 3398 Per
1235 3343 1408 3398 charitatem.
1426 3341 1512 3407 Quasi
1532 3339 1638 3396 diceret
1654 3359 1660 3394 ·.
1676 3340 1736 3395 sola

111 3437 208 3491 paucos,
227 3426 279 3497 qui
290 3427 326 3481 ed
337 3427 400 3482 illos
412 3427 571 3496 veniebant,
586 3435 615 3484 et
626 3429 673 3485 isti
699 3431 761 3502 [ci.,
780 3435 811 3486 ut
831 3430 894 3501 istu]
938 3432 1059 3488 charitas
1074 3438 1166 3504 potest
1176 3448 1227 3487 nos
1241 3432 1358 3499 salvare,
1380 3435 1473 3503 spreta
1488 3429 1594 3486 carnali
1609 3429 1737 3485 observa-

111 3509 256 3580 dederent,
275 3515 343 3586 quia
360 3517 556 3588 cooperatione
571 3519 631 3589 [αι.
647 3519 676 3573 in
687 3497 1037 3591 comparationeBtione;
1059 3529 1087 3576 et
1101 3522 1194 3578 reddit
1216 3539 1329 3577 causam
1360 3521 1455 3576 dicens
1471 3538 1476 3574 :
1494 3519 1561 3592 quio
1579 3518 1669 3574 omnis
1692 3519 1737 3573 lex

110 3601 299 3676 multitudinis]
330 3605 493 3660 Galatarum
516 3607 691 3663 credentium
715 3609 808 3680 exigui
830 3606 895 3681 [oi.,
938 3611 1087 3666 dilectione
1100 3611 1248 3683 impletur;
1264 3617 1294 3666 et
1307 3611 1359 3666 hac
1373 3610 1519 3665 occasione
1528 3609 1737 3679 breviterexpo·

111 3691 205 3762 exiguo]
221 3709 343 3748 numero
362 3699 453 3756 erant,
464 3693 634 3750 termentum
648 3697 780 3767 appellat.
938 3699 982 3755 nit
995 3717 1056 3771 quse
1071 3701 1160 3755 vitare
1181 3706 1210 3755 et
1233 3716 1294 3772 quae
1313 3715 1424 3754 servare
1440 3698 1562 3754 debeant
1582 3697 1736 3759 Christiani

137 3775 159 3836 8.
189 3783 280 3850 (ibid.)
309 3782 366 3850 Epo
391 3787 493 3838 cutem.
523 3783 740 3856 Intelligendum
755 3785 897 3841 estmisse
937 3789 1137 3861 preservande
1151 3789 1298 3843 charitate.
1321 3787 1428 3854 Quibus
1453 3786 1578 3859 expletis,
1595 3787 1631 3840 ad
1652 3801 1736 3856 supe·

112 3867 231 3935 quosdam
247 3869 298 3942 qui
312 3871 440 3926 dicerent
449 3873 534 3927 etiam
550 3873 641 3945 ipsum
655 3873 774 3929 Paulum
789 3875 817 3929 id
831 3891 896 3931 sen·
936 3879 1041 3933 riorem
1054 3877 1271 3932 circumcisionis
1280 3879 1353 3932 redit
1363 3881 1525 3932 tractatum.

110 3954 162 4011 fite·
971 3967 1014 4022 17.
1027 3966 1147 4022 Aucusr.
1161 3969 1232 4034 (idid
1245 3965 1358 4036 loconis
1367 3970 1419 4021 tec.
1430 3965 1549 4021 Omnem
1559 3965 1651 4036 legem
1661 3980 1736 4020 nunc

135 4043 159 4098 9.
169 4047 273 4103 Lucra.
290 4049 344 4117 Epo
359 4055 465 4107 cutem.
484 4049 636 4106 Dicebatur
651 4051 758 4108 Galatis
780 4069 797 4106 a
817 4053 895 4108 falsis
937 4055 1007 4110 dicit
1021 4073 1053 4110 er
1067 4056 1111 4110 lois
1126 4055 1327 4127 operibusque
1340 4054 1572 4109 adbonosrnores
1582 4053 1734 4126 pertinent.

110 4135 336 4204 predicatoribus,
364 4139 439 4209 quod
459 4139 563 4194 Paulus
575 4140 660 4194 etiam
679 4141 830 4212 Apostolus
844 4141 896 4195 cir·
975 4143 1016 4200 18.
1028 4145 1121 4199 Laura
1141 4145 1251 4214 Spiritu
1261 4145 1412 4198 ambulate.
1430 4143 1464 4197 Et
1474 4142 1541 4214 quia
1557 4157 1614 4196 non
1631 4141 1736 4197 suflicit

108 4225 295 4280 comcisionem
306 4227 479 4297 predicaret,
497 4233 526 4282 et
542 4229 614 4283 hauc
631 4229 817 4300 suspicionem
833 4247 850 4284 a
865 4247 895 4284 sc
937 4232 1079 4288 abstinere
1093 4249 1110 4288 a
1126 4233 1210 4297 malo,
1227 4231 1280 4286 nisi
1296 4233 1345 4286 ssat
1359 4231 1474 4296 bonum,
1488 4230 1617 4301 sequitur
1628 4233 1734 4298 spiritu

109 4321 230 4380 remoret;
251 4315 317 4369 ideo
331 4315 405 4370 enim
419 4333 436 4371 a
449 4317 553 4371 ludaeis
573 4317 794 4389 persecutionem
809 4319 894 4374 susti·
936 4323 1085 4387 ambulate,
1102 4327 1131 4375 et
1141 4319 1279 4376 habebitis
1287 4319 1589 4392 hocprofiouum,quod
1596 4317 1736 4374 desideria
1762 4371 1765 4378 .

108 4400 185 4462 nebat.
198 4403 269 4474 quia
276 4405 705 4477 circumcisionemimprobabat,
718 4411 802 4478 etper
812 4409 894 4463 fidem
936 4410 1028 4465 carnis
1043 4427 1099 4464 non
1118 4409 1277 4482 perficietis.
1300 4409 1334 4464 Et
1348 4407 1443 4463 subdit
1454 4426 1505 4465 cur
1518 4397 1733 4464 contraria'non

107 4491 183 4544 curis
191 4493 344 4562 justificari
355 4493 496 4548 bominem
507 4494 659 4550 asserebat.
679 4496 759 4550 Unde
768 4500 798 4551 et
806 4497 894 4552 iudai
936 4505 1012 4566 sunt,
1028 4504 1057 4554 et
1065 4499 1146 4570 pouit
1156 4497 1379 4569 designationem
1389 4497 1418 4552 in
1430 4497 1503 4553 libro
1516 4517 1522 4556 ·.
1534 4497 1670 4552 rhocenim
1681 4497 1734 4552 sibi

106 4577 225 4636 adsersus
245 4598 312 4636 euru
335 4582 615 4652 scandalizabantur3
640 4585 713 4656 quod
731 4585 893 4641 scandalum
935 4587 1072 4643 invicem:
1090 4594 1118 4642 et
1133 4586 1241 4658 probat,
1266 4586 1331 4658 quia
1358 4586 1559 4658 concupiscunt
1585 4587 1734 4642 adversum

106 4675 261 4724 evacuatum
280 4675 364 4736 esset,
381 4671 405 4726 si
419 4671 580 4728 circumcidi
595 4672 698 4728 debere
711 4673 807 4730 fideles
821 4691 894 4747 prae·
935 4693 974 4744 se,
987 4693 1002 4731 a
1015 4676 1107 4749 specie

104 4752 207 4812 diffitet-
972 4763 1014 4823 19.
1028 4765 1352 4837 Aususr.(DeGencsiod
1362 4767 1497 4829 litteram,
1510 4781 1574 4836 cap.
1594 4762 1647 4833 lt.)
1663 4763 1732 4820 Uaro

136 4845 175 4901 ill.
188 4848 315 4904 Auuuar.
333 4851 428 4920 (ibid.)
452 4852 524 4922 liceo
546 4857 710 4907 evacuatum
734 4859 781 4920 est,
797 4853 894 4919 idest,
906 4847 1112 4925 Gconcupiseit.
1124 4854 1244 4909 Carnem
1258 4855 1353 4925 itaque
1370 4853 1612 4925 concupiscentem
1636 4852 1732 4908 sdver-

103 4929 153 4987 siue
166 4949 254 4991 causa
268 4935 421 5006 Christum,
438 4956 502 4995 cum
524 4939 580 4994 istu
597 4945 799 5008 contemneret,
810 4957 892 4997 sran-
933 4961 982 5000 sus
996 4943 1126 5015 spiritum
1144 4943 1213 4997 dicit
1223 4944 1391 5014 Apostolus;
1412 4945 1554 4999 carnalem
1569 4943 1667 5016 procul
1682 4944 1733 4999 du-

103 5018 201 5078 datisati
216 5024 310 5080 iudaei
324 5027 523 5083 crucifixerunt
538 5030 561 5084 si
576 5030 668 5084 adhuc
695 5030 744 5098 eis,
765 5047 815 5103 pro
828 5031 891 5104 qui·
933 5033 979 5088 bio
988 5033 1212 5097 delectationem,
1222 5047 1305 5103 quam
1316 5033 1350 5087 de
1360 5048 1444 5088 carne
1452 5037 1550 5088 etcum
1561 5031 1734 5104 camespiri-

103 5104 145 5163 bus
155 5113 305 5170 crucifixus
315 5121 367 5181 est,
380 5116 448 5171 talia
462 5118 625 5177 suadentur.
932 5128 978 5178 tus
989 5121 1075 5176 habet
1083 5120 1447 5198 adversusdelectationem.
1458 5139 1541 5193 quam
1549 5119 1731 5187 solushabet3

129 5197 168 5254 li.
189 5201 295 5258 Laura
311 5204 483 5261 Scaudoium
501 5209 600 5264 crucis.
619 5208 699 5273 Quod
718 5216 833 5282 propter
843 5227 890 5266 vos
931 5210 1007 5266 solus
1021 5211 1124 5282 quippe
1133 5210 1238 5274 habet·
1245 5209 1274 5264 ni
1288 5209 1380 5277 fallor,
1404 5210 1473 5264 illud
1489 5208 1660 5264 desiderium
1674 5223 1732 5262 non

101 5289 206 5354 pordit
220 5290 361 5362 Christus,
373 5291 443 5348 nihil
455 5296 570 5367 prodest
584 5296 670 5365 vobis,
689 5297 713 5354 si
728 5299 890 5356 circumcidi
930 5317 993 5356 curu
1008 5299 1102 5355 carnis
1121 5299 1273 5371 voluptate,
1289 5300 1332 5353 vel
1348 5297 1503 5354 carnalium
1517 5312 1612 5351 rerum
1627 5295 1734 5367 cupidi·

101 5375 189 5434 '‘fiiis-
929 5395 988 5446 tate
1001 5387 1178 5456 commistum
1190 5406 1197 5456 3
1217 5387 1292 5460 quod
1305 5387 1446 5443 desiderat
1459 5385 1562 5451 anima,
1583 5390 1612 5441 st
1626 5383 1734 5441 deside·

129 5465 171 5525 12.
186 5469 311 5526 Auuusr.
328 5473 421 5542 (ibid.)
432 5477 544 5530 utinum
556 5481 581 5531 et
595 5478 806 5534 abscindantur.
823 5479 889 5535 Ele·
928 5485 974 5535 rat
986 5479 1017 5534 in
1030 5478 1104 5535 atria
1117 5477 1240 5535 Domini.

98 5555 259 5620 mubsdma
271 5558 462 5630 ambiguitate,
490 5563 570 5634 quasi
597 5565 650 5620 sub
664 5565 756 5639 specie
774 5567 889 5624 maledi·
962 5567 1011 5627 to.
1029 5569 1133 5627 Lmen.
1144 5569 1213 5624 Ocro
1226 5567 1402 5634 concupiscit.
1414 5563 1644 5630 Quasidiceost:
1664 5564 1730 5622 Ideo
