3970 6172
217 271 285 328 stur
745 278 927 350 a'ruuaum
947 282 1134 350 faustam.
1154 283 1317 342 aaaron,
1780 287 1854 356 ltus

216 402 333 454 nitatem
343 409 474 465 vestram,
490 410 521 468 ut
537 405 697 484 postpositis
721 406 885 480 quibusdum
908 423 1006 478 super·
1018 408 1042 468 Α
1054 409 1143 480 pionis
1163 410 1339 479 collationem
1355 411 1390 465 de
1414 418 1475 466 octo
1496 410 1568 470 uitiis
1583 410 1781 482 principalibus
1797 412 1854 470 ela·

217 489 376 544 stitionilrus
392 497 419 544 et
431 492 562 548 humanis
586 494 734 560 institutis,
751 512 811 565 quae
830 496 864 548 acl
886 483 1012 549 reor'non
1053 497 1134 566 gulos
1149 498 1280 570 scriptam
1298 499 1401 556 habore
1416 506 1443 554 et
1459 500 1562 566 imitari
1577 501 1697 570 cogebat

217 579 400 651 pertinent,et
412 584 646 654 arerareligione
662 583 940 656 ablror·rent,ltrgulae
951 602 1013 638 san·
1093 583 1133 640 ll.
1152 587 1225 654 llruo
1236 591 1389 656 corrlr'tcntcs
1405 594 1434 641 ut
1449 606 1475 648 se
1488 593 1570 656 perit.
1587 594 1643 660 (luo
1655 589 1796 658 rrmrloipsc
1806 589 1854 650 tle-

217 667 254 722 cti
275 669 363 738 patris
386 671 475 732 nostri
497 671 639 726 Benedicti
663 673 774 735 stodiis,
797 673 825 731 in
842 690 897 743 qua
922 673 1013 727 omnis
1058 676 1329 748 lictasuaeaplaret.
1352 677 1503 734 Goalitenti
1527 677 1640 752 aliquali
1655 677 1855 742 larinustaulo

218 758 376 826 evangelice
388 760 1015 832 etapostolieaperfectioconstat,anirnumad
1056 765 1158 824 ellectu
1174 769 1202 818 et
1216 781 1273 832 pon
1290 765 1350 834 siue
1365 765 1431 822 lletu
1446 764 1695 834 condescendebat,
1708 765 1777 834 aopi
1794 765 1855 836 ipsa

217 861 319 916 purum
335 845 497 902 intendatis.
513 849 611 920 Neque
626 850 701 905 enirn
717 866 767 920 ego
779 867 796 902 a
807 849 933 902 Romano
946 867 1016 931 pon·
1057 853 1182 922 ejusdem
1194 853 1321 920 criminis
1336 855 1474 932 particeps
1483 861 1559 924 esset
1572 873 1579 915 ς
1594 854 1639 924 eui
1649 855 1856 926 ptaiimprope·

218 933 496 1004 tiliceconsecratore
508 955 569 996 oreo
581 937 655 994 aliud
666 938 721 994 nisi
730 939 855 992 eamdem
868 938 1014 1008 Regulam,
1058 957 1163 1010 ruolium
1177 943 1344 1008 auctoritate
1354 944 1525 1016 poenitentiae
1539 944 1631 1014 legem
1644 943 1855 1012 ipdieebal.Nec

220 1038 304 1095 quam
331 1025 510 1096 praedicarem
530 1027 638 1100 suscepi
653 1027 681 1080 in
701 1026 853 1095 manibus;
879 1045 930 1082 nec
949 1027 1016 1080 milri
1059 1031 1148 1093 multa
1161 1032 1259 1102 post,si
1271 1041 1479 1104 compunctum
1498 1031 1855 1102 sibumilereetquietum,

218 1119 387 1184 praeceptum
404 1115 528 1180 memini,
544 1122 576 1170 ut
590 1115 714 1169 diversos
733 1115 861 1170 docerem
883 1123 911 1170 et
925 1126 1015 1169 sorta·
1059 1123 1088 1174 et
1103 1118 1217 1178 verbera
1231 1120 1343 1186 Domini
1361 1125 1527 1188 trementem
1544 1120 1714 1194 explorando
1729 1120 1856 1188 epimed-

220 1217 267 1255 rer
281 1203 515 1258 monasteriorum
527 1221 603 1261 usus.
627 1207 658 1258 ln
674 1205 771 1258 eadem
789 1221 899 1276 quoque
921 1204 1019 1274 regula
1058 1213 1188 1272 verteret,
1208 1214 1366 1282 temperata
1389 1215 1418 1262 at
1438 1208 1550 1278 indulta
1570 1225 1690 1275 censura
1703 1224 1854 1276 monum,

218 1290 260 1355 (S.
273 1293 527 1360 lteri-crtr'rtr'r·r>qula,
540 1307 567 1348 e.
593 1291 636 1362 lili
652 1293 735 1350 audio
749 1293 816 1346 mihi
827 1293 957 1352 eunrdem
969 1295 1019 1346 Pa·
1059 1295 1145 1348 sacris
1162 1295 1298 1354 altaribus
1312 1295 1520 1364 reconciliabat,
1537 1296 1578 1356 ile
1594 1303 1689 1364 terruen
1705 1303 1738 1350 ut
1750 1312 1859 1363 mernor

220 1383 291 1432 trem
309 1386 338 1433 ct
352 1380 451 1434 clucom
467 1381 653 1446 intonantem,
666 1387 694 1436 et
708 1383 915 1453 quodammodo
928 1381 1017 1436 incul-
1039 1383 1102 1462 ⁸sui
1114 1383 1208 1438 delicti
1223 1401 1367 1458 nunquam
1379 1386 1537 1458 plangendo
1546 1387 1613 1449 llere
1622 1385 1859 1453 desslstefflldlitli·

221 1473 341 1530 cantem,
369 1475 397 1523 et
424 1472 563 1542 praecipue
589 1477 619 1525 ut
642 1477 806 1541 presentem
831 1471 966 1543 Regulam
988 1470 1017 1529 in
1060 1474 1252 1538 musiratrem
1274 1475 1456 1546 lr·agilem,et
1477 1480 1592 1552 peracta
1612 1473 1859 1548 prenitentialabi·

223 1557 352 1612 omnibus
365 1575 536 1613 conservem,
554 1560 588 1614 Et
597 1559 663 1613 alibi
682 1563 743 1626 (ld,
760 1579 783 1614 c.
799 1559 826 1630 3)
848 1560 927 1634 quasi
942 1576 1019 1614 corn·
1059 1561 1114 1614 lem
1133 1568 1163 1616 et
1174 1578 1293 1632 pronum
1309 1564 1336 1632 iu
1354 1563 1480 1629 erimine,
1497 1579 1580 1639 quem
1595 1569 1627 1620 ut
1639 1561 1765 1632 opitulata
1779 1578 1861 1628 suam

221 1647 355 1701 minando
373 1648 458 1712 interl
479 1668 485 1702 :
502 1649 534 1704 ln
554 1649 683 1703 omnibus
697 1649 784 1720 igitur
798 1649 960 1720 magistram
977 1665 1021 1716 se·
1060 1668 1175 1722 pruove
1190 1657 1316 1728 poneret,
1333 1652 1361 1708 in
1375 1652 1520 1722 ecelesiam
1536 1652 1614 1720 Beati
1629 1649 1786 1720 Benedicti,
1799 1667 1860 1722 quae

222 1743 346 1804 quantur
360 1735 506 1805 Regulam,
523 1751 613 1808 neque
624 1737 658 1790 ab
669 1754 702 1790 ea
714 1746 820 1791 temere
835 1737 991 1791 declinetur
1003 1725 1051 1788 all
1061 1731 1195 1803 secretior
1217 1747 1270 1802 est,
1292 1758 1388 1800 secum
1404 1740 1492 1807 duxit,
1508 1740 1606 1816 ibique
1628 1740 1738 1812 aliqum
1761 1738 1860 1804 diebus

222 1839 377 1904 quoquam.
393 1825 464 1886 Nam
482 1825 505 1878 si
522 1825 589 1898 quid
606 1826 717 1880 videtur
737 1825 765 1880 in
788 1827 896 1898 Regula
911 1827 1017 1894 deesse,
1060 1845 1123 1886 curn
1139 1845 1171 1883 eo
1191 1830 1298 1899 pariter
1311 1835 1460 1898 contentus
1476 1845 1547 1899 pene
1565 1834 1595 1892 et
1608 1845 1683 1900 equa
1694 1827 1860 1900 ieiunando,

221 1917 272 1982 aut
286 1912 379 1966 minus
394 1913 511 1980 dictum,
522 1915 674 1990 unicuique
689 1915 782 1976 abbati
790 1916 1020 1990 jubeturtempe-
1062 1918 1228 1982 Psulterium
1242 1919 1341 1978 devote
1354 1935 1411 1975 non
1422 1919 1483 1978 sine
1498 1917 1620 1980 lletibus,
1637 1921 1665 1972 et
1675 1915 1861 1988 persingulas

222 2001 311 2071 rapdo
330 2003 527 2082 complendum
546 2009 630 2076 atque
641 2003 839 2072 ordinandum,
856 2022 919 2059 cum
936 2003 971 2058 ab
986 2021 1020 2072 co
1061 2023 1158 2064 versus
1170 2007 1289 2066 invicem
1314 2007 1410 2080 flagris
1436 2007 1552 2072 allectus
1564 2005 1723 2076 complevit,
1741 2003 1861 2070 obmuoe

222 2087 396 2160 (liciturum,
411 2108 434 2145 c.
452 2087 513 2160 65):
531 2109 581 2147 nos
596 2100 690 2148 autern
704 2094 891 2170 providemus,
906 2098 1021 2178 propter
1061 2112 1182 2177 nemque
1205 2113 1254 2168 pro
1274 2096 1396 2170 peccatis
1418 2095 1492 2163 illius
1513 2095 1628 2160 demum
1644 2092 1757 2158 abllllil.
1776 2098 1809 2160 el
1824 2092 1862 2156 Sit

222 2179 299 2249 pacis
313 2180 514 2251 charitatisque
531 2181 696 2246 custodiam,
717 2182 746 2236 in
767 2181 875 2236 abbatis
898 2179 1020 2254 pendere
1061 2201 1112 2258 per
1124 2183 1173 2240 Dei
1187 2185 1309 2260 gratiam
1324 2184 1407 2240 tratri
1422 2199 1478 2252 non
1498 2183 1589 2238 solum
1613 2183 1709 2252 delicii
1725 2180 1861 2254 preteriti

224 2265 341 2322 arbitrio
355 2267 560 2331 ordinationem
584 2271 746 2332 monasterii
766 2271 826 2338 sui;
846 2271 1021 2342 quodetiam
1062 2271 1266 2344 indulgentiam
1287 2272 1417 2340 obtinuit,
1439 2272 1488 2331 sed
1506 2271 1594 2342 (quoti
1617 2271 1707 2338 satius
1723 2271 1776 2338 eall
1793 2270 1861 2334 alle·

224 2355 303 2410 lacile
319 2361 362 2410 est
385 2357 414 2413 in
443 2357 584 2432 plerisque
605 2359 730 2434 ejusdem
754 2360 867 2432 Regulae
892 2358 1021 2432 capitulis
1062 2367 1138 2427 ctum
1159 2359 1862 2434 etroluntatempeccaqdiademit-Excessusipse

223 2445 456 2516 animadvertere.
474 2447 537 2501 Non
553 2456 596 2504 est
610 2466 676 2519 ergo
696 2465 809 2504 necesse
822 2449 851 2502 in
868 2447 1022 2516 scribendis
1063 2466 1128 2516 suos
1143 2447 1275 2518 iratribus
1287 2449 1489 2522 spiritualibus,
1506 2455 1556 2518 aut
1567 2447 1638 2518 bepe
1650 2449 1724 2510 notis
1738 2448 1793 2509 eibi
1809 2448 1864 2520 eplv

224 2534 378 2604 multomm
394 2537 628 2593 monasteriorum
643 2537 901 2602 consuetudinibus,
914 2537 1022 2607 Regale
1063 2537 1153 2608 scopis
1166 2554 1198 2590 nc
1212 2536 1404 2606 sacerdotibus
1415 2537 1864 2614 Romampergeqtibualreqaea-

225 2639 309 2695 quam
323 2623 441 2695 quisque
456 2627 595 2696 professus
610 2633 652 2680 est
667 2626 932 2698 neglecta‚multum
947 2624 1023 2678 insu·
1063 2625 1172 2680 tissime
1187 2625 1265 2690 humi
1281 2633 1439 2696 prostratus
1450 2625 1637 2684 confitebatur
1648 2643 1655 2692 ;
1667 2631 1696 2694 et
1709 2641 1809 2689 eorum
1822 2625 1864 2696 ius

224 2712 301 2767 dare.
319 2713 358 2767 De
374 2699 424 2767 hae
436 2715 538 2788 quippe
553 2716 688 2790 scriptum
699 2721 791 2796 potest
805 2714 925 2782 intelligi
940 2713 1023 2766 :aee
1064 2712 1137 2777 dicio
1158 2713 1399 2786 eleemosynarum
1421 2713 1617 2792 largitionibus
1637 2712 1773 2770 diluebat.
1800 2729 1864 2773 cum

223 2801 277 2870 via,
295 2803 438 2866 ambulate
461 2804 490 2864 in
509 2821 551 2870 ea.
573 2805 635 2860 Non
658 2803 804 2858 declinetis
825 2801 860 2856 ab
873 2820 915 2867 ea,
933 2817 1023 2876 neque
1064 2801 1124 2872 ipse
1137 2802 1250 2874 proprio
1265 2804 1430 2878 corpusculo
1445 2801 1614 2872 creberrime
1637 2801 1716 2864 duris
1739 2797 1809 2870 loris
1833 2816 1866 2866 aa

225 2889 261 2956 ad
273 2891 426 2962 dexteram,
444 2910 534 2977 neque
549 2893 585 2957 ad
596 2893 738 2947 sinistram
755 2894 843 2962 illest.
857 2910 894 2962 a,
907 2891 960 2962 32).
1063 2891 1177 2948 nodosis
1191 2907 1280 2962 usque
1295 2881 1329 2960 ali
1345 2892 1512 2962 sanguinem
1522 2906 1578 2944 noa
1593 2894 1730 2960 parceret,

1101 2977 1143 3034 lt.
1157 2981 1292 3044 Eucrcr'lr'o
1306 2983 1373 3062 epus.
1386 2979 1486 3048 Tribus
1499 2994 1663 3052 perusinum
1681 2977 1865 3054 quadragesi·

258 3066 302 3126 10.
319 3071 500 3126 adversantes
515 3074 698 3140 inprimatur
712 3071 829 3140 autopat.
850 3071 937 3134 llouos
952 3072 1022 3122 tirus
1032 3037 1054 3098 C
1064 3065 1351 3150 mis[ros.quadripis]
1363 3074 1453 3136 totum
1463 3083 1659 3136 corpususqua
1669 3064 1704 3136 ad
1714 3064 1864 3141 podest-ili·

226 3173 272 3212 nes
286 3164 318 3212 ut
333 3161 478 3226 informat.
491 3160 574 3226 Dixit,
592 3166 647 3214 eta
661 3159 829 3230 quibusdam
845 3159 897 3232 ipsi
909 3158 1022 3230 Regula
1064 3155 1106 3213 cio
1117 3151 1252 3218 ambibat,
1257 3155 1373 3235 jeiuniis
1387 3154 1546 3224 edomabat.
1563 3153 1687 3220 Vestitus
1702 3152 1782 3208 omni
1793 3158 1864 3212 tea·

225 3247 343 3331 adjectis
372 3255 400 3303 et
423 3250 501 3324 quasi
516 3250 677 3321 snperlluis,
698 3249 726 3303 in
747 3249 821 3302 victu
845 3249 973 3306 videlicet
996 3254 1024 3301 et
1065 3244 1253 3315 perecuculta
1265 3251 1294 3298 et
1307 3244 1402 3300 tunica
1414 3249 1443 3301 et
1463 3243 1533 3307 duro
1548 3242 1659 3314 cingulo
1673 3241 1862 3318 supereiucla,

225 3335 337 3404 restite,
354 3353 386 3390 ac
401 3337 489 3401 lectis,
502 3337 698 3393 abstinendum
716 3344 745 3391 et
759 3337 869 3408 parcius
885 3335 1024 3408 agendum
1065 3332 1141 3385 velut
1152 3331 1181 3400 ln
1193 3332 1252 3386 acle
1268 3332 1385 3406 positus,
1396 3339 1477 3394 nocte
1492 3329 1658 3400 dormiebfll·
1674 3330 1812 3400 Corporis
1826 3330 1864 3398 ill·

226 3425 377 3482 mandarit.
388 3426 697 3498 Quaecumquibusdam
708 3427 779 3481 dura
794 3431 822 3489 et
836 3425 1026 3496 importabilia
1067 3421 1248 3492 firmitatibus
1262 3421 1350 3492 magis
1366 3421 1525 3490 orationum
1551 3435 1584 3488 pe
1604 3417 1781 3492 ieiuniorum
1795 3416 1865 3474 anti·

226 3513 398 3576 viderentur,
409 3516 525 3588 eoquod
536 3515 564 3569 in
574 3521 667 3570 mente
682 3515 768 3570 reteri
776 3521 1026 3586 cogerenturnore
1067 3512 1142 3578 doto,
1164 3526 1250 3582 quam
1268 3509 1390 3578 carpatis
1414 3508 1558 3565 mediciuae
1578 3507 1672 3576 aliquo
1699 3504 1865 3568 medebatur

227 3603 367 3668 meditari,
386 3610 547 3657 nontamen
563 3621 610 3662 eos
626 3603 786 3666 omnimodo
797 3609 1024 3690 aspernatusest,
1067 3599 1228 3668 electuario,
1240 3597 1498 3668 ducensindignum
1513 3595 1679 3679 cuiusquam
1695 3591 1866 3664 corpusGal·

228 3691 278 3745 sed
291 3681 503 3773 paucisquibus
518 3693 573 3762 ista
587 3691 759 3748 observanda
774 3691 921 3766 placebant
931 3708 1026 3745 seeum
1066 3688 1135 3742 licui
1158 3687 1304 3744 observare
1323 3685 1499 3756 catarnaum,
1522 3684 1595 3758 quod
1623 3687 1865 3744 sacramentorum

227 3780 356 3850 retentis,
373 3780 496 3850 reliquos
510 3780 539 3839 in
557 3779 634 3835 cellis
656 3797 716 3836 csse
731 3780 871 3852 praecepit.
890 3779 1027 3851 Opinatus
1068 3776 1319 3848 potiusdeeelesse
1333 3775 1486 3834 vasculum·
1504 3771 1646 3846 Sanguine
1661 3787 1727 3840 repa
1743 3770 1866 3834 minutos

228 3883 330 3938 nempe
344 3873 386 3922 est
398 3884 446 3922 eos
460 3869 611 3944 aliquando
627 3869 791 3946 resipiscere
806 3871 835 3922 et
858 3867 1027 3922 salutaribus
1068 3858 1186 3934 lectione
1205 3864 1318 3920 assidua
1340 3879 1435 3918 carere
1454 3877 1510 3928 nou
1530 3867 1648 3934 poterat„
1675 3857 1866 3925 recusamus

227 3956 366 4024 institutis
393 3955 578 4028 diuturnitate
597 3957 705 4014 consilii
721 3957 878 4016 assuefieri.
898 3956 968 4029 Ipsis
980 3973 1028 4010 au·
1069 3954 1243 4026 orationibus
1258 3953 1298 4012 ila
1311 3967 1424 4023 operam
1438 3950 1533 4027 dabat,
1550 3955 1792 4033 utrarounqupm
1807 3951 1867 4017 post

227 4053 284 4102 tem
295 4045 323 4100 ln
335 4046 416 4100 noxio
425 4050 553 4118 tempore
563 4045 816 4126 perseverantibus,
829 4046 937 4120 etquod
950 4045 1028 4118 prius
1070 4042 1235 4114 matutinos,
1249 4042 1291 4097 rel
1307 4042 1391 4110 etiam
1407 4041 1435 4105 iu
1451 4045 1557 4097 aesate.
1571 4037 1683 4110 quando
1699 4036 1795 4099 ocellis
1803 4050 1866 4106 gre·

227 4141 338 4190 tantum
354 4135 511 4206 didicerant
529 4143 737 4190 sacrosanctum
750 4134 951 4214 iudicantibus,
960 4135 1027 4206 dum
1069 4137 1115 4186 tus
1126 4147 1209 4210 sopor
1219 4127 1521 4216 soletirrepere,quieti
1534 4126 1703 4202 indulgeret}
1715 4125 1765 4178 sed
1775 4121 1867 4182 omnia
1973 4161 1974 4170 ,

228 4241 289 4280 sese
304 4225 414 4280 invitati
438 4225 472 4279 ad
496 4241 605 4279 emnam
622 4224 796 4278 Dominieam
821 4223 1028 4296 quodammodo
1070 4219 1185 4290 oratorii
1200 4219 1340 4277 circuiens
1354 4217 1463 4290 altaria,
1483 4215 1631 4288 quaesitum
1643 4212 1790 4282 nocturpis
1805 4207 1867 4280 rigi·

228 4321 366 4386 conantur
375 4332 518 4382 excusare,
530 4315 776 4398 statuitquoslibet
785 4303 884 4369 divites
899 4331 948 4369 seu
961 4331 1028 4384 pau·
1037 4313 1062 4373 D
1071 4310 1115 4364 liis
1131 4309 1233 4362 mentis
1247 4307 1370 4378 vigorem
1381 4323 1413 4360 ec
1425 4305 1576 4392 puritatem
1588 4301 1720 4372 studebat
1729 4300 1868 4362 custodire

229 4421 310 4476 peres
326 4405 468 4476 colligere.
486 4405 663 4476 maximeque
678 4422 780 4476 pueros
801 4403 935 4474 nobilium
957 4403 1028 4458 lilios
1069 4403 1223 4470 clangere,
1242 4395 1343 4468 spiritu
1356 4411 1459 4453 ceneris
1483 4393 1511 4447 in
1526 4391 1666 4458 matutino
1680 4379 1868 4450 interficiebat
1973 4459 1974 4464 ἵ

230 4494 411 4561 enutrirent
427 4495 564 4570 iacturam
589 4493 707 4566 legionis
723 4491 928 4564 quodammodo
943 4490 1027 4556 dimi.
1069 4502 1166 4540 omnes
1176 4491 1336 4570 peccatores
1345 4490 1436 4554 terra.
1447 4481 1514 4538 Post
1523 4479 1739 4558 completorium
1749 4493 1815 4543 roro
1823 4475 1869 4528 diu
1973 4513 1974 4538 2

229 4587 315 4646 nuta,
332 4599 382 4636 ceu
398 4581 487 4644 bonus
510 4581 575 4644 dux,
597 4565 668 4635 novo
690 4581 779 4634 milite
803 4580 984 4652 instauraret,
1001 4583 1029 4650 et
1070 4573 1178 4634 solebat
1192 4591 1272 4629 orare
1287 4580 1315 4628 et
1330 4573 1422 4648 legere
1436 4570 1569 4632 diceudo:
1585 4569 1617 4626 Si
1630 4569 1727 4627 acuero
1740 4581 1869 4621 soranum·

231 4669 340 4740 novello
373 4671 534 4742 recentique
568 4672 702 4752 ¹iuvenum
728 4671 860 4728 eramiae·
885 4669 1028 4723 inventum
1071 4667 1234 4718 ocultsmcis
1254 4665 1278 4716 ct
1295 4661 1426 4748 palpetur
1450 4662 1516 4714 naris
1538 4656 1870 4722 dorrnr'tqtioaerrr,doncr
1973 4657 1974 4710 i

231 4758 480 4813 oviumnumerum
491 4776 547 4817 non
558 4759 640 4812 modo
648 4757 803 4838 supplendo
814 4757 1030 4828 redintegraret,
1073 4755 1215 4812 inueniam
1231 4755 1319 4806 locum
1335 4751 1451 4820 dornirro
1468 4749 1550 4812 (Psal.
1572 4759 1664 4820 cassi,
1682 4743 1720 4812 l).
1737 4744 1808 4798 Cura
1825 4740 1869 4796 ad·
1973 4751 1974 4808 1

232 4861 328 4900 verum
345 4847 429 4900 etiarn
446 4847 572 4918 augendo
585 4846 793 4920 multiplicaret.
810 4847 903 4916 lisque
913 4845 1033 4920 denique
1075 4841 1129 4896 huc
1153 4857 1243 4910 esseio
1262 4836 1395 4893 imberbis
1419 4843 1447 4898 et
1469 4835 1631 4903 adolescens
1652 4848 1788 4904 sequerer
1811 4833 1870 4912 ejus
1973 4845 1974 4898 ᾗ

230 4933 425 5000 informandis,
443 4939 469 4989 et
484 4935 519 4989 ad
531 4935 648 4989 meliora
663 4935 848 5010 provehendis
862 4934 976 4988 sedulus
992 4933 1033 4993 iu·
1076 4946 1139 4984 eum
1150 4925 1396 5000 lucernarestigie,
1407 4924 1531 4992 laborem
1545 4928 1656 4994 tantum
1672 4921 1832 4990 oratiorium
1840 4935 1871 4972 ac
1973 4915 1974 4940 ¹

231 5023 325 5095 stabat
340 5023 527 5107 praedicando,
544 5023 661 5094 legendo
677 5029 705 5076 et
728 5023 844 5087 orando.
861 5039 930 5094 opus
947 5022 1033 5094 quod·
1074 5017 1232 5090 vigiliarum
1249 5017 1309 5088 ejus
1329 5011 1599 5100 propterinlrrmam
1612 5009 1872 5064 aetatemlerreoe-
1973 4999 1974 5064 ἶ

230 5111 310 5184 llbet,
337 5129 372 5167 ne
390 5111 541 5184 parotium
563 5117 718 5184 torperent,
747 5111 911 5184 exercendo,
934 5111 1033 5182 dignas
1075 5103 1399 5181 quibamlllumtamen
1414 5099 1569 5156 indefessos
1583 5098 1724 5172 singultus
1739 5105 1768 5151 et
1781 5094 1872 5182 suspi-
1973 5103 1974 5112 ¹

230 5201 296 5257 boni
313 5202 434 5274 pastoris
454 5201 584 5256 excubias
598 5199 678 5270 gregi
693 5217 744 5254 suo
766 5199 909 5254 exhibens.
926 5201 1033 5254 Duode·
1075 5195 1117 5266 ria
1133 5195 1189 5250 imo
1206 5195 1293 5264 latere
1308 5191 1395 5263 petita
1408 5195 1536 5256 emittere
1560 5186 1720 5256 audiebam.
1742 5185 1811 5252 Quis
1826 5200 1874 5238 uu·
1973 5225 1974 5228 ,

232 5289 284 5344 clm
298 5292 454 5363 prasertim
478 5289 583 5360 gradus
607 5287 775 5346 humilitatis
790 5297 819 5342 et
841 5289 1034 5359 unusquisque
1076 5300 1159 5358 quarn
1177 5299 1274 5345 senum
1291 5288 1341 5336 aut
1354 5281 1489 5354 juvenum
1504 5283 1562 5330 tam
1584 5275 1695 5334 fervens
1715 5273 1769 5344 ipit
1789 5279 1874 5415 alque
1973 5269 1974 5312 l

233 5379 376 5434 meritoriae
387 5380 598 5452 commendaret
607 5375 804 5449 persuadebat,
821 5377 916 5432 diceus
931 5375 1035 5430 ibidem
1076 5372 1207 5427 robustus
1219 5371 1247 5428 in
1260 5370 1404 5441 religione,
1419 5383 1500 5439 quem
1511 5365 1533 5420 si
1545 5381 1639 5436 secum
1651 5363 1816 5436 aliquandiu
1845 5378 1874 5416 n·

232 5467 369 5523 virtutum
386 5485 525 5542 summam
538 5477 676 5537 constare,
691 5466 765 5530 unde
781 5467 844 5538 quis
857 5464 938 5520 facile
970 5469 1037 5524 ueat
1077 5459 1372 5532 ceret‚qu0damm0do
1387 5456 1490 5530 rictum
1505 5461 1534 5510 et
1547 5455 1715 5524 exhaustum
1731 5468 1780 5522 suo
1794 5449 1874 5549 spiri-

233 5553 271 5608 ad
292 5555 488 5628 celsitudinem
510 5557 653 5628 coelestem
671 5555 816 5615 scandere.
840 5551 934 5622 Sancti
951 5482 1037 5607 lera-
1077 5537 1874 5622 tualieaereitiqnonredderetloratoripmonasteriiet
