3882 6172
85 283 124 344 eu
170 241 174 250 ’
567 277 606 333 ιιι
625 277 736 336 rerer.
757 277 789 332 a.
809 275 1156 334 mansuetiora.
1630 277 1682 340 553

86 425 122 481 per
131 411 205 462 totam
219 402 276 458 sere
290 399 542 470 Quadragesimam
554 401 706 474 degebat»
720 409 773 460 etc.
789 399 1548 474 iio-Asubtilibusindumentis,etindiderentigeuere
1554 403 1681 462 ciborum

84 514 146 568 geras
166 492 299 554 Heroden,
314 490 349 544 ad
374 505 420 544 an.
448 489 499 544 Oh.
529 489 598 550 1070
622 510 628 545 ε
654 511 667 546 e
692 493 845 562 predictus
884 493 1011 565 regulam
1034 489 1223 546 ludificabant.
1252 491 1409 562 optimates
1431 492 1505 563 gulae
1533 498 1562 548 et
1587 492 1682 550 veneri

85 581 377 652 &dunensisepisoopus
391 579 529 650 synodum
552 581 652 647 tenuit,
668 581 698 638 in
717 599 773 653 qua
787 584 846 636 Αιι-
886 581 1140 646 dediti,ecclesiam
1164 595 1242 636 ruore
1258 579 1340 636 solito
1355 597 1412 636 non
1435 580 1569 648 adibant,
1588 583 1684 640 sedin

84 674 175 745 geticus
188 686 238 725 non
254 667 385 724 canonice
401 668 635 739 degradabatur,r
649 675 701 726 etc.
711 671 761 726 His
777 670 846 726 asti·
886 670 1012 725 eubiculo
1031 673 1060 724 et
1078 669 1152 723 inter
1179 667 1292 724 uxorios
1313 669 1458 741 amplexus
1478 669 1685 726 matutinorum

84 763 170 835 putatur
178 759 296 815 Orderic.
306 756 358 812 lib.
369 771 406 822 ιι,
419 773 483 827 pag.
496 755 559 816 516.
573 759 661 815 Porro
673 779 684 810 r
702 759 847 815 Sedunum
888 759 1025 816 solemnia
1040 765 1069 814 et
1082 757 1232 814 missarum
1241 773 1260 812 a
1272 755 1422 813 festinante
1433 757 1597 832 presbytero
1612 759 1686 814 auri·

86 853 152 922 {cujus
163 847 284 904 meminit
296 845 355 902 iul.
380 845 483 912 Cesar,
506 847 541 902 de
563 847 632 902 Bell.
658 847 719 904 Gal.
735 849 784 904 lib.
804 862 847 914 ur,
888 847 941 904 bus
964 853 1078 904 mutum
1103 845 1240 902 libabant.
1266 845 1374 917 Vulgus
1393 846 1423 902 in
1442 847 1534 904 medio
1561 848 1687 920 positum

85 939 168 1010 cap.l,)
178 935 343 1008 praecipuum
353 933 489 1006 oppidum
501 935 679 993 Sedunorum
691 937 782 1004 estin
794 953 849 1009 quo
888 937 984 1010 praeda
998 941 1060 992 erat
1083 934 1297 1009 potentioribus,
1318 940 1352 989 ut
1364 935 1408 990 vel
1424 951 1522 992 eorum
1544 937 1687 997 exhaustis

87 1028 215 1098 episcopum
227 1023 412 1089 constituunt,
435 1023 483 1095 qui
503 1023 659 1096 regioniut
673 1026 802 1098 princeps
820 1030 851 1081 et
890 1025 1065 1092 substantiis,
1093 1024 1137 1080 rel
1165 1024 1249 1079 etiam
1283 1022 1447 1098 corporibus
1478 1023 1507 1080 in
1536 1025 1690 1100 longinqua

88 1114 258 1170 celsissimus
268 1112 370 1184 praesul
381 1116 479 1178 ωε
491 1112 621 1184 imperat,
637 1113 733 1168 liberis
744 1119 850 1178 tamen,
892 1113 1044 1180 distractis,
1068 1129 1181 1168 acervos
1196 1112 1394 1170 thesaurorum
1408 1119 1600 1184 congererent.
1616 1112 1690 1171 lilud

90 1203 226 1269 nonnum
236 1200 308 1256 nihil
323 1200 398 1254 enim
413 1199 522 1271 publice
534 1202 594 1272 agit
606 1201 711 1276 absque
726 1201 852 1258 omnium
894 1211 955 1261 eret
969 1220 986 1259 a
1001 1208 1104 1260 natura
1120 1201 1283 1268 abhorrens,
1296 1202 1371 1273 quod
1387 1201 1469 1256 multi
1491 1201 1605 1258 ancillas
1625 1219 1692 1260 suas

89 1294 166 1348 sirium
176 1307 317 1346 consensu.
333 1309 347 1344 ι
363 1290 429 1344 Haec
438 1290 575 1346 ilenrious
586 1291 763 1347 Glarenusin
778 1291 853 1345 idem
895 1309 928 1348 ex
943 1309 973 1348 se
994 1290 1134 1363 gravidas,
1154 1289 1203 1346 ubi
1224 1288 1343 1346 lubidini
1365 1290 1575 1358 satisfecissent,
1592 1294 1692 1352 autad

90 1379 273 1452 caputtiaaaris.
281 1378 480 1450 EtRaymund.
490 1379 854 1451 MartianinDescriptione
895 1380 1038 1453 publicum
1052 1379 1247 1452 prostibulum.
1260 1383 1311 1434 aut
1324 1378 1359 1434 ad
1369 1385 1516 1436 externum
1526 1380 1694 1454 obsequium

91 1475 189 1526 veterum
211 1467 308 1523 Galliae
334 1467 458 1523 locorum
480 1484 486 1520 :
511 1485 522 1520 r
546 1467 668 1534 Sedusii,
688 1469 731 1524 rel
750 1466 856 1524 Seduni
896 1469 1176 1534 venditabantxetc.
1189 1467 1243 1523 Sed
1253 1472 1349 1524 tamen
1364 1468 1589 1541 archiepiscopus
1598 1478 1695 1533 noster

92 1559 174 1631 populi,
181 1555 310 1612 Helvetiis
324 1561 353 1611 et
363 1573 414 1626 pro
428 1560 507 1627 parte
522 1555 608 1612 Celtis
621 1563 853 1622 annumerantur,
896 1559 927 1614 in
941 1563 999 1614 tem
1020 1563 1101 1614 tetrae
1114 1557 1203 1614 noctis
1220 1556 1391 1612 obscuritate
1406 1557 1550 1630 densaque
1563 1560 1693 1634 cahgine,

94 1647 124 1702 rel
145 1647 232 1702 saltem
253 1647 295 1702 eis
312 1651 380 1700 sunt
403 1645 525 1712 finitimi,
552 1645 684 1718 ipsosque
704 1645 857 1702 Rhodanus
897 1647 974 1704 velut
995 1646 1197 1703 lucidissimum
1218 1645 1296 1702 sidus
1320 1645 1435 1714 effulsit,
1455 1662 1510 1717 qno
1530 1648 1695 1708 uuiversum

95 1737 171 1792 ludus
186 1735 292 1807 irrigat.
306 1734 410 1790 (licitas
431 1739 475 1789 est
498 1735 672 1806 episcopalis.
687 1715 1088 1792 TarentesiaeBillnstraretur
1098 1735 1284 1806 anglicanum
1297 1751 1427 1806 regnum,
1438 1735 1604 1808 ignorantia
1617 1739 1698 1796 vitio-

92 1825 165 1880 latine
176 1841 272 1880 nomen
286 1823 421 1879 retinens.
434 1841 446 1874 r
458 1825 497 1878 At
509 1839 574 1878 vero
589 1823 743 1879 Martianus
752 1827 859 1895 postre-
899 1840 1019 1896 rumque
1033 1823 1156 1880 tenebrae
1170 1823 1384 1894 dissiparentur.
1457 1842 1459 1846 ·

92 1915 130 1968 uis
139 1915 204 1969 hisce
223 1913 323 1969 verbis
333 1911 532 1979 hallucinatur,
553 1927 618 1968 nam
631 1912 794 1969 Tarentesia
809 1928 857 1967 ar·
939 1915 1082 1983 Virumque
1096 1913 1269 1970 manitatem
1284 1929 1369 1982 quom
1382 1928 1440 1983 prce
1453 1917 1583 1974 omnibarr
1596 1917 1695 1988 diligo.

90 2003 280 2074 rhiepiscopatus
308 2007 360 2066 est,
378 2017 440 2072 que
464 2006 494 2056 et
518 2001 720 2056 Monasterium
744 2000 856 2068 dicitur,
899 2002 962 2058 Non
977 2001 1081 2058 mirum
1093 2000 1200 2058 sittam
1212 1999 1356 2074 impendio
1369 2004 1699 2074 maguumLmomeum

89 2093 149 2162 runo
163 2094 296 2157 tenerier,
313 2089 359 2146 cui
373 2089 471 2146 subest
483 2089 654 2146 Sedunensis
669 2089 856 2163 episcopatus.
899 2090 1019 2147 delectet
1032 2091 1089 2146 vite
1101 2089 1267 2157 monastica,
1283 2105 1368 2163 quam
1383 2096 1413 2148 et
1423 2093 1495 2150 adeo
1508 2094 1639 2167 religiose
1653 2113 1699 2158 oo-

92 2179 204 2236 Sedunum
218 2179 326 2236 Gallica
340 2179 397 2234 sive
411 2179 570 2235 Sebaudice
589 2179 688 2250 lingua
700 2179 769 2236 Sion
784 2194 858 2234 nnn·
899 2179 1022 2248 luerunt,
1038 2179 1146 2252 totique
1156 2195 1218 2236 sese
1234 2177 1406 2237 devorerunt
1418 2181 1557 2253 primores
1569 2184 1700 2244 uelata

92 2275 192 2340 cupam.
366 2311 370 2318 .
698 2331 700 2334 ¹
903 2268 1048 2326 catholice
1059 2267 1151 2324 saneti
1165 2267 1306 2336 doctores,
1320 2282 1441 2341 magnus
1450 2271 1581 2341 Bmilius,
1591 2275 1701 2348 Grego-

115 2356 274 2413 dalaricus.
291 2358 321 2414 ιι.
336 2357 368 2412 Ε.
385 2357 550 2412 cardinatis.
567 2356 658 2421 Quem
679 2357 711 2410 S.
727 2353 863 2412 Lansrau·
902 2355 961 2412 rius
972 2355 1342 2430 theologus,·tlieronymus.
1352 2358 1538 2430 Aiigustinus,
1548 2361 1703 2434 Gregorius

91 2459 126 2498 cus
144 2445 249 2516 epistola
269 2445 299 2510 9,
315 2443 518 2502 subdiaconum
539 2445 672 2517 appellat.
690 2443 863 2516 Subscripsit
903 2446 1031 2517 Magnus,
1045 2443 1219 2517 Augustims
1231 2445 1340 2518 anglie
1353 2447 1510 2518 apostolus,
1520 2454 1551 2508 et
1563 2448 1620 2508 iilis
1633 2452 1704 2510 inla-

92 2532 177 2588 decreto
196 2534 228 2588 de
242 2534 369 2606 primatu
395 2533 608 2590 Cantuariensia
630 2533 759 2590 Ecclesia
778 2549 864 2605 super
904 2534 992 2589 riores
1015 2534 1092 2589 Beda
1111 2532 1296 2602 Venerabilis,
1311 2533 1444 2592 Babanus
1459 2536 1585 2604 Maurus.
1602 2540 1703 2598 ansel-

92 2618 264 2678 Ebcracensem
293 2622 378 2678 fecto.
404 2623 470 2677 Vita
490 2623 522 2678 B.
546 2621 695 2678 Lanlrauci
714 2637 779 2694 cap.
819 2621 862 2689 ιι,
905 2639 978 2690 mus,
993 2622 1163 2690 Bernardus,
1173 2625 1203 2676 et
1216 2621 1265 2678 alii
1278 2638 1350 2694 pena
1363 2622 1518 2681 innumeri.
1530 2627 1602 2682 ilinc
1611 2628 1703 2702 chry-

92 2725 139 2780 pag.
155 2710 189 2777 ii,
203 2717 231 2766 et
254 2711 344 2767 Guill.
361 2710 544 2766 Malmesbur.
566 2712 601 2766 de
628 2711 731 2766 Pontii.
760 2711 863 2782 anglo.
905 2717 1055 2778 sostomus,
1071 2711 1168 2768 homil.
1189 2709 1224 2767 70
1244 2711 1273 2766 in
1288 2727 1349 2784 cap.
1376 2725 1434 2770 xxn
1456 2713 1557 2770 lletth.
1576 2735 1585 2772 r
1606 2736 1618 2767 r
1638 2717 1704 2774 Nou

93 2797 126 2851 ib.
137 2812 154 2853 1.
164 2799 312 2872 legatione
325 2799 455 2871 fungitur
479 2800 555 2855 idem
570 2800 713 2856 llubertus
735 2799 864 2871 Gregorii
905 2802 975 2857 eoelo
994 2799 1159 2856 diverticula
1177 2799 1380 2856 monachorum
1404 2800 1515 2858 minora
1538 2803 1705 2862 estimanda

93 2902 140 2956 pap.
165 2903 198 2943 ru
218 2889 334 2946 nomine
360 2891 390 2944 in
420 2889 568 2944 Britannia
595 2889 707 2953 minori,
737 2887 804 2946 libr.
837 2904 862 2952 ι,
907 2895 991 2957 sunt;
1008 2889 1226 2960 angelinempa
1244 2887 1379 2944 imovero
1393 2888 1455 2961 ipse
1469 2894 1706 2966 quoqueangelo·

95 2975 155 3046 epist
178 2977 209 3034 ii
235 2978 365 3050 ejusdem
389 2979 525 3049 Gregorii.
542 2978 643 3034 Missus
658 2979 745 3032 etiem
768 2983 812 3032 est
829 2975 865 3032 ad
906 2994 969 3034 rum
980 2976 1430 3049 Dominus,adeossepennmero
1438 2978 1705 3042 direnumumtc.

94 3062 157 3120 built
167 3067 267 3138 logiiae
280 3083 390 3138 regem,
403 3066 547 3140 episcopos
557 3084 593 3122 ne
608 3067 727 3123 Romam
736 3031 895 3139 peterentC
905 3063 940 3118 ιιι
953 3061 1049 3118 homil.
1065 3059 1100 3120 59
1111 3061 1147 3120 ad
1162 3061 1298 3134 populum
1310 3063 1517 3120 Antimhennm
1528 3079 1560 3116 τι
1576 3066 1706 3124 llouachi

94 3153 273 3222 prohibentem
300 3172 384 3228 quem
399 3156 608 3211 admonendum
628 3155 714 3210 voluit
738 3171 866 3210 summus
907 3157 973 3208 sunt
987 3157 1122 3223 tauquam
1139 3151 1213 3206 laces
1231 3149 1267 3206 ab
1280 3151 1388 3210 excelso
1410 3152 1470 3210 looo
1485 3153 1661 3212 venientibus
1672 3156 1705 3215 ia

93 3243 188 3308 prusa
200 3261 249 3316 per
262 3245 434 3300 liebertum.
449 3243 498 3299 lib.
514 3261 562 3310 ru,
581 3261 625 3317 ep.
641 3251 648 3298 t
667 3263 674 3312 ς
690 3259 786 3316 regern
801 3259 866 3299 vero
907 3245 991 3313 portu
1005 3240 1144 3308 sedentes,
1160 3244 1189 3295 et
1204 3255 1302 3296 omues
1316 3241 1352 3296 ed
1372 3257 1452 3298 snam
1467 3243 1612 3302 trahentes
1625 3250 1706 3305 hau·

94 3332 191 3398 plauci
199 3333 372 3406 acquievisse
383 3332 534 3406 epistolii>
545 3333 672 3406 ejusdem
682 3333 730 3389 lib.
738 3333 775 3389 ad
786 3332 867 3388 illum
909 3328 1087 3404 quillitatem,
1103 3344 1195 3400 neque
1222 3327 1346 3386 sinentes
1363 3331 1425 3388 lieri
1451 3331 1600 3404 naufragis
1615 3333 1652 3390 ad
1675 3349 1706 3394 se

95 3416 207 3476 destinata
220 3422 308 3478 fidam
320 3421 398 3476 facit.
908 3417 1100 3489 respicientes,
1111 3433 1144 3474 eo
1157 3421 1323 3476 contuentes
1334 3419 1365 3476 in
1382 3419 1506 3478 tenebris
1518 3437 1574 3478 uon
1588 3421 1707 3494 permit·

120 3509 362 3579 inseparatam,
376 3515 428 3566 etc.
444 3509 577 3566 Dehocee
590 3512 867 3578 conventu,consule
908 3510 1000 3562 tentes
1022 3505 1165 3562 versari·
1505 3537 1514 3550 ι

95 3597 411 3664 retinentissimum
425 3599 511 3654 citato
527 3615 590 3671 pag.
606 3597 654 3654 ιι.
783 3623 786 3632 1
948 3595 1097 3650 littoream
1117 3599 1221 3655 multa.
1238 3596 1283 3654 Ita
1301 3595 1420 3654 forsitan
1434 3615 1498 3672 quae
1513 3603 1620 3674 prefert
1639 3605 1707 3664 Milo

121 3685 152 3740 lc
166 3691 393 3758 oporwliumdia
404 3691 578 3744 auctoritate.
594 3687 643 3744 Uti
656 3689 743 3744 refert
752 3687 869 3742 Eadme-
909 3682 1055 3755 Crispinus
1069 3683 1097 3739 in
1112 3683 1178 3740 Vite
1191 3700 1253 3758 cap.
1273 3684 1318 3754 ll,
1333 3703 1399 3760 pag.
1416 3705 1447 3747 n.
1463 3691 1621 3763 ipsummet
1639 3696 1707 3752 Aie-

95 3787 129 3826 rus
149 3774 300 3832 hnhaneo
322 3776 447 3848 equalis.
471 3776 576 3831 illator.
606 3791 742 3831 novorum
763 3775 827 3832 libr.
844 3788 866 3842 1,
908 3771 1195 3840 xandrum,videiicet
1208 3773 1237 3829 S.
1253 3773 1536 3843 lantranciacholaa
1547 3781 1627 3838 Becei
1641 3799 1706 3840 cum

96 3875 142 3930 pag.
153 3861 168 3917 a
181 3883 188 3918 ε
203 3883 215 3916 r
233 3864 371 3934 inhujus
391 3861 552 3934 (Guilielmit
568 3863 647 3935 regni
662 3879 737 3919 anno
752 3861 777 3930 5,
792 3863 868 3920 Ian·
907 3860 999 3916 adhuc
1021 3866 1140 3928 teneret,
1165 3861 1323 3919 auditorem
1341 3865 1491 3923 exstitisse.
1517 3869 1706 3943 Posteaquam

96 3945 182 4007 iuncus
195 3953 380 4010 cadomensis
393 3952 512 4007 coenobii
526 3951 622 4016 abbas,
638 3952 681 4008 ιιι
693 3957 827 4007 strenuus
840 3955 869 4006 et
909 3948 984 4004 anim
990 3949 1147 4005 Lanfranco
1158 3964 1260 4022 papam
1274 3953 1460 4011 assurrexisse
1475 3955 1591 4013 hunone
1599 3960 1704 4030 gratia,

96 4034 212 4096 ιιιιιιιιιιι
230 4049 321 4114 atque
343 4040 474 4096 humanis
492 4041 576 4096 rebus
592 4041 739 4096 excellenti
751 4039 870 4096 scientia
909 4039 1005 4094 Rome
1024 4038 1147 4110 degenti,
1164 4041 1314 4107 enarravit,
1342 4043 1415 4098 tanti
1433 4043 1548 4100 honoris
1567 4047 1706 4106 rationem

95 4127 210 4197 preditus,
225 4131 363 4204 Angliam
379 4147 412 4186 ex
426 4136 563 4203 precepto
579 4131 690 4188 Domini
705 4147 784 4203 pape
802 4130 869 4185 Ale-
909 4125 1001 4182 adfert
1011 4126 1056 4181 his
1069 4126 1161 4182 verbis
1178 4145 1183 4181 :
1201 4145 1215 4181 r
1230 4129 1301 4184 Tum
1314 4145 1365 4202 pro
1377 4145 1429 4188 sua
1440 4147 1545 4205 magua
1557 4135 1705 4206 reiigione,

96 4215 179 4282 muri,
197 4223 225 4272 et
248 4219 380 4290 praedicti
405 4219 489 4290 regis,
506 4220 637 4288 advenit,
661 4225 690 4274 et
703 4235 791 4291 pauco
806 4222 869 4290 post
910 4220 940 4272 et
953 4215 1089 4272 eminenti
1103 4215 1229 4281 scientie.
1251 4223 1312 4273 tum
1326 4219 1393 4290 quia
1406 4235 1472 4276 cum
1494 4229 1568 4278 esset
1587 4224 1617 4279 in
1632 4225 1707 4282 Nor·

97 4301 194 4372 tempore
212 4307 489 4380 archiepiscopatum
510 4307 742 4364 cantuariensem
766 4305 1033 4408 regen-Dmannia,
1050 4305 1194 4361 venientes
1209 4305 1338 4362 Ecclesia
1358 4309 1503 4366 ministros
1524 4311 1706 4384 suscipiebat,

45 4425 47 4441 ι
96 4385 146 4444 iun
157 4396 284 4468 suscepit.
299 4413 315 4450 u
911 4399 941 4449 et
954 4394 1089 4466 quosdam
1100 4384 1182 4466 pape'
1193 4395 1415 4466 consanguineos
1428 4398 1552 4456 studiose
1562 4400 1707 4458 docuerat.

122 4478 280 4554 lunamque
289 4491 395 4541 concta
408 4486 458 4540 lieo
464 4488 534 4542 tesia
547 4501 651 4541 cusum.
666 4485 711 4541 Sic
725 4485 870 4554 nimirum,
912 4483 1014 4539 Fertur
1026 4481 1112 4538 etiam
1126 4499 1199 4556 papa
1211 4483 1314 4540 dixisse
1332 4503 1338 4538 :
1358 4485 1422 4542 Non
1434 4486 1498 4542 ideo
1515 4490 1655 4546 assurrexi
1670 4490 1706 4560 ei,

95 4563 325 4630 hethenricus
339 4579 425 4646 atque
437 4575 583 4642 infractus,
601 4575 782 4647 premebatur
796 4574 874 4647 llagi.
914 4572 981 4644 quio
994 4571 1219 4644 archiepiscopus
1233 4578 1285 4641 est,
1300 4574 1350 4630 sed
1364 4575 1431 4647 quia
1445 4576 1527 4634 becci
1536 4578 1572 4634 ad
1583 4579 1709 4636 scholam

97 4657 193 4730 iisque
204 4663 233 4717 iu
254 4665 350 4719 Deum
374 4671 403 4719 et
417 4664 567 4720 Ecclesiam
582 4664 825 4736 perpetrabantur,
840 4669 873 4720 ut
913 4660 973 4730 ejus
980 4659 1030 4727 ini,
1038 4665 1067 4715 et
1077 4660 1113 4714 ad
1122 4660 1274 4732 pedesejus
1285 4677 1349 4718 oum
1356 4663 1419 4718 aliis
1434 4663 1548 4722 auditor
1556 4667 1708 4724 monadi.»

96 4743 236 4821 ttitplsne
250 4757 330 4808 emet
342 4753 418 4824 quod
433 4754 495 4825 ejus
510 4752 636 4808 dolorem
656 4753 785 4821 uberare,
800 4753 872 4808 nihil
914 4749 968 4808 Sed
982 4750 1130 4806 audiamus
1144 4755 1245 4806 testem
1258 4751 1428 4823 locupletem
1441 4753 1621 4826 eadmerum,
1636 4757 1709 4815 Hist.

97 4836 152 4901 lt⁰d
163 4841 221 4910 ejus
234 4841 265 4896 in
286 4843 377 4898 Deam
403 4843 493 4898 aetum
518 4846 677 4914 temperare
700 4847 807 4914 posset.
829 4842 873 4898 Ad
912 4838 961 4894 lib.
974 4855 993 4905 r,
1005 4855 1070 4910 pag.
1085 4840 1122 4892 ti:
1142 4859 1154 4890 r
1172 4839 1283 4896 Statuto
1298 4840 1343 4896 die
1364 4841 1448 4898 Pater
1469 4835 1653 4915 Lanfrancus,
1668 4846 1710 4902 eit

97 4920 166 4982 t'rum
179 4929 302 4986 uetando
317 4931 437 4986 crimina
458 4931 537 5003 queis
564 4936 646 4987 erant
669 4931 793 4987 obvoluti
817 4929 872 4986 illis
912 4927 970 4996 ille,
981 4926 1237 5000 apostolicam!
1247 4927 1321 4984 sedis
1334 4931 1459 5002 pontifici
1469 4934 1625 4992 Alexandro
1640 4953 1710 5008 pre-

97 5013 244 5084 tenporibus
258 5021 435 5092 Angligenae,
445 5020 577 5094 exprimit
587 5021 616 5077 S.
632 5019 714 5076 Bedae
727 5019 873 5076 mutiana·
916 5021 1059 5084 sentatur;
1074 5016 1119 5071 cui
1134 5016 1207 5089 quod
1223 5017 1380 5074 Romanam
1395 5020 1548 5078 scientibus
1563 5030 1712 5079 consuetu-

97 5102 134 5164 ιιι.
147 5105 190 5161 lib.
204 5121 235 5175 n,
251 5125 307 5180 eap
332 5109 378 5167 ιιι
396 5129 407 5161 ι
426 5110 639 5176 Verumtamen,
651 5109 752 5182 inquit,
765 5109 875 5164 littera·
916 5105 1011 5161 dinem
1023 5106 1094 5161 torte
1103 5105 1206 5160 mirum
1215 5107 1414 5182 rideatur,ipse
1424 5127 1497 5184 papa
1508 5112 1542 5166 ad
1553 5129 1583 5166 se
1594 5113 1712 5168 intranti

98 5201 151 5252 mu,
161 5201 187 5248 et
195 5197 343 5268 religionis
355 5198 450 5255 studia
461 5204 543 5255 aetate
558 5198 726 5271 procedente
735 5197 874 5254 obsolere-
915 5211 1075 5265 assurgens,
1085 5199 1447 5269 eum,utgressumfigeret,
1459 5199 1577 5254 dulciter
1585 5201 1712 5258 hortatus

98 5285 155 5344 mli·
166 5299 220 5340 non
242 5287 344 5358 paucis
356 5293 423 5343 ante
442 5287 594 5344 adventum
613 5289 875 5344 Nortbmannorum
915 5291 971 5353 est;
988 5301 1020 5339 ac
1034 5283 1134 5339 deinde
1152 5284 1283 5354 subdens,
1308 5286 1455 5353 honorem,
1470 5286 1572 5358 inquit,
1589 5287 1714 5344 exhibui·

98 5369 168 5424 mne.
180 5373 282 5430 clerici
306 5375 468 5432 litteratura
482 5377 667 5433 tumultuarie
680 5376 814 5444 contenti,
829 5375 875 5431 rix
917 5388 980 5428 mus
990 5387 1047 5426 non
1058 5387 1141 5444 quem
1156 5373 1409 5446 archiepiscopatui
1424 5373 1542 5438 tuo,sed
1557 5389 1641 5447 quem
1656 5391 1715 5432 me·

98 5465 321 5520 sarmentorum
335 5465 419 5522 rerba
430 5463 637 5522 balbutiebantc
652 5465 761 5538 stupori
771 5471 834 5521 arat
846 5469 875 5519 et
913 5461 1003 5534 gistro
1015 5461 1348 5533 (cujusstudiosumusin
1359 5461 1595 5532 illisquescimus
1604 5463 1719 5552 imbuti)

97 5543 210 5608 Bt'rarulo
218 5553 334 5610 maces
343 5555 391 5628 qui
403 5555 618 5627 grammaticam
627 5559 732 5612 nosset.
743 5553 874 5612 Monachi
914 5550 1067 5609 debuimus
1079 5569 1087 5622 ;
1100 5550 1166 5606 hinc
1176 5551 1251 5623 quod
1263 5549 1300 5608 ad
1310 5557 1338 5608 te
1349 5549 1518 5634 partinetob
1530 5557 1720 5636 teremutitm
