3934 6174
265 269 319 340 ,pt
753 275 1020 343 ,emmetra
1035 247 1405 348 omnumsnonnsr.
1836 285 1880 350 nr

268 401 510 475 nernitosptnmic
523 405 730 463 manderetur
742 403 862 467 deictis),
877 401 936 460 sire
949 401 1053 470 bibitis,
1068 401 1126 461 sire
1140 403 1216 462 atiud
1226 403 1296 476 quid
1308 403 1410 473 matis,
1425 403 1471 464 25.
1488 405 1584 465 omnis
1598 405 1628 462 in
1638 405 1764 476 glorism,
1778 409 1813 464 od
1825 412 1880 468 ton·

269 487 330 549 dem
340 489 391 554 Dei
399 491 494 558 inrita
508 493 597 561 lucere
612 495 721 560 deletio,
736 491 782 551 26.
798 492 860 551 sine
873 491 1035 559 odendone,
1048 493 1080 546 id
1093 498 1131 548 ert
1141 496 1289 564 placenter,
1302 499 1392 550 estote
1408 497 1507 552 dedetis
1519 495 1691 562 orrclndmis,
1707 494 1750 552 il.
1760 500 1789 554 et
1798 498 1881 568 genti·

268 575 323 634 bas
339 577 384 635 28.
402 585 431 638 et
442 581 572 640 menna
589 583 652 649 Dei,
667 583 740 640 sieut
752 587 781 640 et
794 599 846 654 ego
866 598 917 655 per
930 581 1025 641 omnia
1037 581 1168 640 omnihus
1187 582 1293 654 placeo,
1308 598 1366 640 non
1386 599 1515 656 quarens
1528 583 1605 655 qnod
1621 583 1688 640 mihi
1702 586 1882 644 molummis

270 669 323 734 est,
343 667 392 724 sed
408 668 482 740 quod
494 673 615 726 astutiis
627 670 733 738 multis,
746 675 780 726 ut
791 669 861 726 salvi
875 671 955 728 flant.

993 793 1111 851 CAPUT
1127 795 1178 850 Xl.

305 937 378 1004 Erpa
392 940 459 1008 qais
473 939 627 1008 pandectis
636 944 661 996 et
670 939 769 996 maltis
782 941 852 996 attio
865 944 903 996 ert
916 937 1246 1008 quornimitutoresmei
1255 940 1430 1006 estote,aicut
1440 939 1652 1012 sregochristi.
1666 939 1688 998 l.
1697 938 1789 996 Laudo
1798 943 1883 1001 annm

260 1040 327 1090 roe,
337 1024 439 1082 tratres
448 1028 553 1096 (ironia
563 1031 721 1084 nelserr'ocn
728 1031 828 1098 purte).
841 1028 916 1101 quod
930 1029 1084 1100 peremnia
1097 1028 1153 1086 mei
1167 1045 1307 1086 memores
1316 1031 1392 1096 estis,
1410 1030 1525 1086 etaient
1538 1030 1641 1088 tradidi
1656 1028 1742 1094 vobis,
1758 1031 1885 1101 precepta

269 1129 332 1172 mea
340 1114 453 1174 tenet-is.
467 1116 538 1172 Volo
550 1121 644 1174 autem
653 1115 960 1188 vosscirequodomnis
971 1116 1059 1174 sirii.
1073 1124 1160 1190 caput
1170 1118 1363 1188 christanae
1379 1126 1465 1192 caput
1474 1125 1569 1176 antem
1575 1118 1711 1186 mulieris,
1727 1116 1768 1174 vir
1785 1136 1791 1183 ;
1810 1120 1885 1187 ceput

268 1217 333 1260 vero
348 1204 462 1271 christi,
477 1206 552 1262 Deus
560 1205 587 1270 3,
602 1203 629 1264 i.
642 1206 741 1265 Omnis
754 1206 797 1263 vir
810 1224 894 1264 orans
909 1212 959 1262 aut
971 1208 1074 1275 [utam
1088 1207 1259 1280 prophetans
1274 1209 1366 1265 relato
1381 1209 1482 1281 eapite,
1497 1211 1528 1268 5.
1547 1210 1680 1281 deturpat
1702 1211 1785 1279 eaput
1801 1221 1875 1261 suum

268 1295 367 1358 Omnis
381 1299 476 1352 autem
491 1293 593 1352 mulier
604 1311 690 1352 orans
704 1301 755 1355 aut
767 1296 938 1368 prophetans
952 1311 1009 1352 non
1018 1295 1109 1352 velato
1125 1296 1227 1368 capite,
1242 1297 1375 1370 deturpat
1395 1297 1504 1372 [ceput]
1530 1314 1631 1365 snum;
1651 1312 1740 1353 unum
1754 1295 1825 1350 enim
1839 1299 1886 1358 ost,

266 1391 331 1456 ω
341 1400 421 1444 orare
434 1400 490 1442 aon
503 1387 694 1453 antonne,
709 1401 742 1442 ec
756 1384 948 1442 sidecalretur
958 1387 1001 1454 tat
1009 1387 1148 1442 anteriori
1155 1392 1234 1455 porte
1245 1389 1359 1456 capillos
1370 1389 1405 1442 at
1416 1391 1535 1444 inuicem
1545 1391 1665 1456 reparat,
1678 1401 1742 1442 eum
1751 1389 1829 1453 eaput
1838 1398 1887 1436 non

267 1478 389 1532 relatam
404 1474 502 1542 liniet).
516 1473 589 1530 Nam
603 1471 627 1528 si
637 1489 695 1530 noa
708 1473 817 1530 velatur
826 1473 936 1538 mulier,
946 1472 1106 1538 tondeatur,
1114 1479 1174 1539 ont,
1184 1476 1288 1548 inquit,
1298 1475 1388 1532 celari
1397 1477 1471 1532 debet
1482 1481 1533 1532 ont
1542 1477 1651 1532 tonderi
1660 1493 1669 1540 ,·
1677 1489 1735 1530 non
1743 1473 1887 1530 crumina

268 1564 343 1622 illuct
356 1564 455 1631 initur.
472 1560 502 1617 Si
516 1576 580 1616 nero
596 1565 729 1634 turpsest
740 1561 851 1620 mulieri
857 1561 968 1623 tonderi
976 1567 1026 1618 sut
1038 1561 1186 1631 decalvari,
1195 1562 1369 1636 ueletcapnt
1379 1564 1431 1620 Vir
1437 1563 1550 1636 quidem
1559 1561 1806 1620 nondebetrelsre
1813 1562 1889 1632 caput

267 1665 361 1718 suum,
375 1649 542 1722 quonismd,
552 1650 577 1704 i.
593 1649 688 1722 imago
702 1656 733 1706 et
745 1651 836 1722 gloria
846 1651 897 1706 Dei
912 1651 1070 1714 estmnlier
1083 1657 1179 1709 autem
1191 1653 1283 1724 gloria
1292 1653 1344 1709 riri
1358 1659 1411 1710 est.
1427 1656 1558 1710 ltcmooct.
1576 1654 1640 1709 Non
1652 1652 1730 1709 enim
1747 1650 1798 1716 rir,
1816 1649 1889 1704 idest

266 1741 366 1808 ddunt,
382 1756 416 1796 ex
431 1739 559 1806 muliere,
577 1742 608 1796 id
617 1745 664 1805 ert.
680 1741 737 1796 nm
751 1746 802 1806 est,
820 1741 870 1796 sed
884 1741 985 1797 mulier
999 1757 1031 1796 er
1044 1741 1102 1796 rire
1119 1744 1147 1812 (a
1161 1746 1235 1809 toto),
1253 1745 1391 1797 ntiarntio
1405 1745 1538 1814 quomodo
1554 1745 1659 1798 mulier
1668 1743 1761 1810 prora
1779 1740 1887 1795 criniri

268 1828 378 1884 Etenim
395 1843 450 1884 non
464 1835 508 1884 est
521 1835 632 1885 creatas
644 1828 687 1884 vir
701 1835 816 1901 propter
830 1829 977 1886 mulierem
994 1832 1140 1900 tremeret),
1153 1830 1203 1886 sed
1211 1829 1239 1886 8.
1254 1830 1355 1886 mulier
1361 1839 1476 1904 propter
1483 1833 1585 1886 virum.
1594 1831 1660 1888 ldeo
1666 1825 1784 1887 debetti.
1797 1825 1890 1882 mulier

266 1923 436 1991 potestatem
451 1917 556 1974 hebere
569 1934 656 1990 supra
669 1923 754 1990 eaput
766 1935 860 1974 snum.
875 1916 921 1976 tn.
933 1919 1052 1991 Propter
1063 1920 1189 1990 angelos,
1202 1922 1403 1989 predicatores,
1418 1924 1459 1976 vel
1471 1923 1636 1989 onustorum
1648 1922 1832 1990 praeentiam.
1851 1913 1888 1971 ll.

266 2006 468 2062 Verumtamen
481 2022 573 2078 neque
585 2006 626 2060 rir
640 2005 700 2062 sine
714 2006 842 2074 muliere,
862 2023 953 2079 neque
972 2007 1074 2063 mulier
1088 2008 1150 2064 aine
1164 2008 1234 2074 viro,
1249 2009 1279 2064 iu
1296 2008 1426 2076 Domino,
1442 2011 1473 2062 id
1487 2013 1536 2074 est,
1554 2012 1585 2063 in
1599 2009 1716 2064 Domini
1735 2006 1889 2076 operatione.

265 2093 339 2151 Nam
359 2093 433 2158 siout
445 2094 546 2150 mulier
557 2095 592 2150 da
607 2095 676 2160 viro,
686 2095 727 2150 ita
738 2096 1122 2167 ettndicrirpermulierero3
1140 2095 1183 2154 tn.
1199 2097 1295 2152 omnia
1301 2103 1439 2162 autemst
1446 2100 1500 2163 air,
1509 2099 1686 2154 etmnls'erex
1701 2094 1769 2150 Deo.
1783 2093 1836 2148 llos
1843 2091 1891 2162 ipsi

263 2184 388 2258 judicate
402 2202 410 2254 ς
427 2184 507 2240 decet
516 2184 664 2241 mulierem
674 2201 731 2240 non
744 2185 865 2240 relatam
877 2188 966 2256 capite
981 2201 1064 2242 orare
1076 2184 1190 2241 Deumt
1219 2186 1278 2242 Nec
1292 2185 1354 2258 ipsa
1372 2191 1484 2254 natum,
1500 2188 1643 2242 naturalis
1657 2187 1745 2251 ratio,
1759 2181 1838 2240 mcor
1848 2193 1892 2238 rot

941 2325 1240 2389 COMMENTARIUS.

265 2473 309 2525 ast
322 2469 381 2525 haec
393 2466 526 2524 arbitrari
538 2467 661 2540 aliquem
676 2467 744 2540 quia
763 2484 816 2539 ego
844 2467 919 2523 idolo
946 2467 1192 2537 derotnsAptorto
1203 2471 1240 2523 ert
1256 2468 1313 2523 det.
1330 2467 1420 2524 credo
1432 2467 1502 2524 illud
1517 2483 1579 2524 esse
1602 2467 1633 2524 ia
1654 2471 1761 2524 nutura
1772 2465 1893 2522 humane
1920 2525 1923 2530 ,

267 2556 330 2624 sim,
347 2557 413 2613 dum
430 2572 487 2613 noa
504 2557 606 2612 horreo
619 2556 784 2629 quaeobtsto
800 2554 974 2611 suntidolot
1103 2556 1205 2612 mentis
1232 2557 1379 2612 mulierem
1406 2573 1470 2613 cnm
1494 2557 1553 2613 viro
1580 2573 1642 2620 sno,
1671 2556 1825 2628 imaginem
1849 2552 1895 2608 Dei

300 2643 346 2702 25.
363 2645 464 2701 Omnia
488 2649 520 2701 in
547 2647 639 2714 storia
661 2647 716 2701 liet.
747 2645 779 2701 ln
792 2644 943 2714 gloriatlsi
956 2643 1061 2716 aliquid
1103 2643 1895 2719 esse,[sd.,utnne]imagosittotailtasubstantie.tlum

267 2733 308 2801 nc,
324 2749 388 2790 cum
403 2734 434 2790 in
448 2733 556 2790 actibus
564 2739 594 2791 et
605 2732 975 2790 conversationechristiani
988 2731 1064 2788 Deus
1104 2733 1803 2806 autemsdadJntoriumdistribuitur,quodadesm
1813 2733 1894 2787 solam

266 2819 408 2879 laudetur.
1104 2824 1216 2890 attinet,
1232 2839 1288 2878 non
1309 2828 1353 2878 est
1367 2823 1460 2894 imago
1475 2823 1535 2878 Dei.
1552 2823 1633 2888 Quod
1648 2828 1745 2879 antem
1761 2823 1796 2878 ed
1812 2821 1896 2876 virum

301 2908 346 2967 nn.
362 2911 428 2968 Sino
446 2913 600 2979 offensione.
617 2909 741 2966 Otlensio
755 2909 859 2965 ludaeis
872 2911 914 2974 nt,
928 2925 992 2964 cum
1002 2909 1064 2965 ido·
1104 2912 1195 2967 solum
1212 2911 1322 2978 attinet,
1339 2911 1434 2982 imago
1446 2911 1495 2966 Dei
1512 2916 1564 2975 eet,
1575 2913 1724 2984 tarnplene
1734 2917 1819 2984 atque
1833 2909 1896 2964 inte

264 2998 304 3067 la,
319 3015 382 3072 qum
395 2998 436 3054 illi
446 2997 653 3065 abominantur,
664 2999 849 3065 Christianos,
864 2999 911 3071 qul
926 2999 1016 3071 legem
1036 3003 1065 3054 et
1103 3017 1155 3072 gra
1166 3004 1198 3055 ut
1208 3001 1269 3072 [αἱ.1
1285 2999 1380 3071 quam]
1391 3000 1419 3055 in
1435 3015 1523 3056 unum
1536 3002 1685 3071 conjuncta
1698 3000 1831 3056 muliere.

264 3089 418 3161 prophetes
431 3088 581 3160 accipiunt,
597 3087 693 3143 rident
701 3103 758 3143 non
771 3087 897 3143 horrere.
1140 3089 1166 3144 7.
1183 3090 1285 3146 Lnnrn.
1303 3091 1397 3157 lornpo
1413 3091 1469 3156 troi,
1495 3094 1548 3144 etc:
1572 3089 1622 3144 Vir
1646 3089 1840 3162 principaliter
1863 3085 1895 3140 ad

300 3175 347 3234 27.
362 3177 397 3233 Et
409 3177 544 3247 pennino.
570 3177 675 3232 Graecis
689 3193 764 3236 vem,
785 3175 815 3231 id
836 3182 880 3232 est
899 3173 1062 3248 gentilibus,
1103 3177 1256 3250 imaginem
1269 3177 1323 3232 Dei
1338 3183 1449 3232 orestus
1465 3183 1516 3232 est.
1535 3178 1670 3233 Matiene
1689 3185 1769 3234 costa
1783 3176 1836 3232 viri
1850 3191 1896 3247 po·

266 3264 326 3321 inec
339 3271 383 3321 est
410 3265 537 3331 offensio,
558 3265 582 3319 sl
597 3265 626 3321 in
643 3281 676 3320 eo
694 3265 724 3320 in
738 3281 793 3338 quo
808 3271 885 3330 sunt,
899 3281 956 3320 non
971 3265 1061 3320 solum
1104 3273 1165 3321 stes
1175 3266 1297 3321 formata
1306 3271 1365 3334 est;
1380 3271 1465 3337 atque
1475 3265 1517 3319 nir
1529 3264 1738 3338 discoopertum
1754 3269 1838 3338 eaput
1851 3263 1896 3317 de-

264 3369 323 3409 non
336 3359 502 3425 arguantur,
517 3354 566 3409 sed
586 3358 616 3408 et
629 3354 816 3426 promptiores
826 3355 904 3420 liant,
926 3353 993 3409 dum
1006 3368 1062 3408 non
1102 3354 1150 3409 bet
1166 3354 1278 3410 habere.

267 3441 356 3498 ritant
369 3446 433 3498 rota
449 3443 599 3500 idolorum.
1137 3441 1164 3500 8.
1181 3445 1291 3499 Mulier.
1305 3443 1353 3498 list
1363 3448 1392 3498 ct
1405 3439 1507 3498 mulier
1523 3440 1688 3514 glodovei,
1716 3457 1733 3496 a
1759 3456 1814 3514 quo
1827 3445 1854 3496 et
1865 3438 1899 3494 sd

302 3527 346 3588 28.
364 3531 489 3587 dcctnrttr
506 3533 561 3587 liei.
583 3531 713 3587 Ecclesia
727 3529 780 3586 Dei
801 3529 834 3584 nt
853 3525 1061 3596 ostendiculum,
1104 3549 1187 3604 quern
1205 3531 1420 3603 glorificandum
1435 3537 1530 3586 creata
1545 3537 1597 3598 est,
1613 3530 1706 3588 sedet
1721 3529 1844 3586 secundo
1859 3528 1898 3582 lo·

266 3619 379 3692 quando
388 3620 525 3693 quosdam
538 3637 570 3676 ex
583 3635 702 3675 numero
715 3635 766 3674 sno
786 3618 860 3673 ridet
875 3617 919 3672 nis
934 3631 995 3688 qum
1008 3616 1063 3672 ini·
1104 3638 1156 3689 co;
1174 3620 1365 3693 principaliter
1375 3620 1450 3674 enirn
1465 3619 1515 3673 vir.

265 3708 339 3764 mica
348 3713 416 3764 sunt
427 3709 485 3765 Deo
498 3708 651 3764 adherere.
1073 3713 1095 3772 Β
1139 3707 1164 3766 9.
1183 3710 1307 3765 armos.
1325 3709 1426 3762 diutior
1438 3712 1596 3777 potestatem
1610 3705 1716 3762 tatere.
1734 3710 1789 3761 etc.
1805 3704 1901 3761 Mulier

205 3783 212 3796 ’
302 3797 381 3854 ΟΑΡ.
397 3799 446 3854 ΧΙ.
462 3825 492 3840 -
509 3800 534 3854 1.
548 3800 670 3854 munos.
688 3797 779 3852 tando
793 3811 847 3850 nos.
867 3795 931 3849 Non
941 3795 1065 3851 hoccon-
1104 3795 1134 3852 in
1150 3798 1276 3863 ecclesia,
1301 3801 1415 3870 propter
1430 3795 1615 3850 reverentiam
1633 3793 1833 3866 episcopalem,
1848 3809 1901 3850 non

265 3887 371 3955 drmst,
386 3887 436 3944 sed
450 3893 596 3944 succenset
616 3886 673 3956 eis;
696 3885 763 3958 quia
777 3901 841 3941 cum
856 3896 930 3946 essct
947 3889 1064 3957 Aposto-
1103 3886 1207 3942 hebeat
1220 3889 1305 3959 caput
1321 3885 1450 3949 liberum,
1473 3885 1522 3940 sed
1546 3883 1685 3940 uelamine
1708 3889 1818 3960 motum
1828 3901 1834 3948 ;
1855 3897 1902 3936 nee

261 3977 310 4034 'lus
320 3992 428 4043 eorum,
443 3977 623 4032 immemores
630 3982 712 4032 arant
725 3977 910 4034 traditionum
922 3980 992 4050 ejas.
1103 3976 1207 4032 habeat
1218 3979 1384 4048 potestatem
1399 3973 1542 4045 loquendi,
1560 3971 1626 4044 quia
1642 3971 1792 4044 episeopus
1806 3987 1903 4045 perro-

275 4080 277 4093 ·
299 4063 327 4121 2.
343 4067 505 4136 tlopnnnero
524 4066 637 4122 Gtrr'rtr'.
652 4065 743 4121 Aliter
766 4072 848 4138 caput
871 4067 922 4122 viri
935 4067 1064 4123 Christus
1104 4081 1170 4120 nam
1185 4063 1290 4120 Christi
1308 4061 1403 4119 habet.
1424 4061 1511 4127 Quasi
1535 4077 1602 4132 ergo
1627 4067 1693 4116 snte
1710 4062 1847 4132 iudicem,
1864 4059 1902 4114 sic

266 4161 325 4232 est3
341 4155 462 4212 etatiter
484 4155 527 4209 vir
541 4153 668 4210 mulieris
683 4173 690 4222 3
711 4161 740 4212 et
754 4153 837 4210 aliter
857 4155 931 4211 Dens
946 4155 1061 4212 christi.
1104 4169 1171 4226 ergo
1185 4158 1252 4208 ants
1266 4152 1437 4224 episcopum,
1455 4150 1503 4222 qui
1517 4156 1560 4206 est
1577 4149 1696 4206 vicarius
1711 4149 1775 4221 nei,
1789 4153 1903 4223 propter

264 4243 342 4302 Dens
357 4243 471 4311 Christi,
490 4243 557 4316 quis
568 4242 603 4299 ab
618 4243 679 4316 ipso
688 4243 859 4315 ganitnaest.
872 4243 996 4300 Mulieris
1009 4244 1062 4312 vir,
1104 4247 1199 4298 reatus
1215 4242 1352 4313 originem
1368 4239 1493 4312 subjecte
1507 4239 1590 4296 debet
1603 4239 1701 4294 rideri.

266 4333 332 4406 qnia
345 4349 377 4388 er
390 4334 451 4405 ejus
466 4339 552 4399 costa,
569 4331 620 4388 llei
641 4332 743 4387 virtute
764 4331 888 4387 formata
902 4337 954 4388 est.
985 4331 1064 4388 Chri·
1142 4329 1183 4390 til.
1199 4331 1307 4388 Lnnra.
1320 4333 1434 4400 Propter
1459 4332 1578 4397 onustos.
1604 4328 1725 4400 Angelos
1740 4332 1823 4383 vocat
1836 4341 1903 4400 pne

265 4427 326 4478 stus
343 4422 405 4486 viri,
421 4421 488 4493 quia
504 4437 554 4495 per
572 4420 665 4494 ipsum
684 4427 796 4477 creatus
811 4425 862 4476 est.
1102 4419 1303 4493 dicetores,qui
1313 4420 1342 4475 in
1351 4418 1444 4475 altiori
1452 4419 1512 4474 loco
1519 4415 1721 4484 consistebant,
1730 4433 1796 4474 cum
1807 4415 1905 4490 pradi-

300 4509 327 4569 3.
342 4511 599 4568 &nnisoirorona
614 4509 704 4566 Orare
730 4509 799 4566 dicit
822 4509 979 4581 deprecari,
1000 4525 1063 4582 pro·
1102 4514 1208 4575 carent,
1231 4514 1346 4582 propter
1372 4509 1423 4562 tros
1447 4506 1515 4562 dicit
1542 4505 1674 4562 mulieres
1699 4507 1794 4562 velare
1821 4507 1905 4577 capnt

262 4601 388 4674 phetam,
407 4600 558 4655 adrentum
573 4598 685 4654 Domini
695 4599 766 4667 tore,
781 4613 847 4654 voce
861 4598 980 4670 symboli
999 4603 1063 4671 post
1102 4615 1204 4668 suum;
1222 4598 1288 4670 quis
1303 4595 1407 4669 sparsis
1419 4595 1543 4651 crinibus
1561 4594 1671 4650 facilius
1685 4595 1856 4668 aspicientes
1869 4591 1904 4646 sd

264 4689 420 4746 orationem
435 4688 524 4744 ettlrri.
1101 4688 1243 4745 luxuriam
1255 4686 1413 4742 irritarent.

297 4777 324 4837 l.
342 4779 449 4838 Lerna.
471 4779 567 4836 Omnis
585 4780 631 4833 nir
646 4791 739 4840 orans,
756 4781 809 4831 etc.
825 4775 939 4832 Transit
961 4775 996 4831 ad
1010 4775 1062 4832 troc
1139 4775 1182 4835 tl.
1204 4779 1405 4832 Verumtamen.
1428 4772 1561 4839 Quamvis
1575 4772 1683 4846 primus
1695 4771 1780 4828 homo
1792 4765 1853 4826 hon
1868 4769 1908 4824 sit

263 4869 462 4924 remorandum
486 4867 560 4941 quod
582 4865 657 4940 apud
671 4865 831 4924 Corinthios
846 4865 898 4920 viri
914 4866 1014 4932 relato,
1031 4870 1060 4920 et
1100 4885 1132 4924 ex
1148 4853 1277 4937 muliere,
1291 4865 1341 4921 sed
1354 4863 1456 4920 mulier
1468 4879 1501 4932 er
1512 4863 1574 4936 ipso
1590 4876 1596 4910 τ
1613 4861 1643 4918 in
1662 4859 1848 4934 subsequenti
1861 4863 1905 4913 ta·

261 4957 395 5014 malierer
408 4957 528 5013 orabant
540 4957 569 5012 in
583 4955 699 5013 ecelesia
712 4955 803 5029 capite
814 4970 871 5011 non
881 4955 983 5023 relato,
999 4959 1061 5011 tan·
1100 4972 1166 5013 men
1185 4953 1387 5027 procreatione,
1401 4958 1509 5010 nonest
1527 4953 1588 5007 hoe.
1603 4948 1702 5006 Omnis
1712 4949 1787 5004 enim
1798 4948 1844 5003 rir
1858 4963 1908 5020 po

262 5061 346 5122 qnam
368 5047 500 5104 mulieres
515 5046 582 5102 viris
605 5061 664 5101 non
679 5044 802 5101 debeant
812 5043 904 5100 subdi.
921 5043 993 5109 Quia
1006 5043 1060 5099 illa
1101 5051 1162 5101 stea
1176 5049 1339 5116 procreatus
1351 5048 1394 5098 est
1408 5059 1442 5098 ex
1455 5042 1581 5107 muliare,
1599 5045 1628 5096 et
1642 5039 1744 5095 mulier
1769 5053 1806 5093 ex
1833 5037 1904 5090 riro.
1950 5037 1956 5056 ⁸

259 5137 342 5194 subdi
357 5137 469 5203 debent,
484 5141 513 5192 el
524 5137 576 5192 riri
588 5151 645 5191 non
659 5136 761 5204 relato,
772 5139 801 5190 et
812 5134 945 5190 mutieres
955 5133 1089 5213 debente
1101 5134 1134 5190 ln
1148 5135 1268 5189 Domino
1282 5138 1377 5189 sutem
1391 5131 1542 5204 procreati,
1553 5130 1582 5186 id
1596 5135 1638 5186 est
1650 5129 1679 5184 in
1694 5127 1840 5183 creatione
1854 5125 1909 5181 Do·

260 5241 342 5284 orare
356 5226 447 5283 relato
458 5226 559 5299 capite.
1101 5223 1171 5279 mini
1186 5222 1216 5278 in
1232 5238 1288 5296 que
1302 5223 1374 5278 alter
1385 5222 1447 5278 sine
1461 5221 1550 5276 altero
1565 5236 1621 5275 non
1636 5223 1759 5274 creatur.

295 5315 321 5376 5.
338 5319 472 5390 deturpet
486 5320 568 5386 eaput
577 5331 670 5371 marr.
680 5313 890 5386 Mulierinquit,
904 5312 988 5368 debet
997 5327 1058 5368 ors·
1136 5309 1179 5370 tt.
1196 5311 1321 5366 Anonos.
1343 5311 1444 5367 omnio
1462 5315 1555 5365 antem
1567 5325 1600 5363 cr
1611 5309 1673 5364 dee.
1690 5307 1728 5363 Ut
1738 5320 1831 5377 neque
1846 5319 1910 5360 mu-

259 5425 291 5464 re
303 5408 393 5472 veluto
404 5407 511 5481 cepite3
529 5405 612 5462 aliter
621 5405 696 5461 enim
705 5403 837 5478 deturpat
849 5404 1057 5481 [caputhaum,
1100 5401 1153 5457 tier
1166 5399 1346 5470 subiectionis
1373 5415 1431 5455 sure
1446 5415 1531 5454 causa
1545 5397 1737 5464 contristatur,
1753 5409 1848 5466 neque
1864 5392 1909 5447 sir

259 5511 311 5572 par
324 5499 400 5566 enirn
411 5497 481 5569 terit
494 5513 528 5553 ac
545 5495 757 5564 sideoalretnr.
1101 5489 1240 5550 exaltatus
1250 5488 1419 5572 superbiret.

258 5573 261 5580 ’
292 5581 322 5643 Ὀ.
337 5585 587 5660 inremotam
611 5585 648 5643 Dr
672 5583 765 5651 tren,
795 5598 857 5656 cap.
882 5579 1059 5654 lllmnpoot
