3986 6184
198 290 251 353 119
687 295 710 352 Β
741 295 947 353 LANFRANGI
966 295 1147 354 ulurunu.
1167 295 1337 356 suculae.
1774 286 1825 347 12⁰

198 417 236 474 Et
252 413 365 492 signum
390 412 499 492 accepit
515 419 743 489 circumcisionis,
768 421 944 492 signaculum
962 421 1080 493 iustitia
1106 412 1182 492 fidei,
1204 439 1266 494 qne
1285 425 1330 476 est
1353 420 1384 474 in
1408 417 1554 491 praeputio,
1572 413 1618 474 10.
1640 418 1675 470 ιιι
1695 413 1732 470 sit
1745 415 1827 486 pater

200 505 327 562 omniurn
342 507 514 563 credentium
529 523 580 578 per
593 509 774 581 praeputium,
788 515 821 564 ut
833 515 981 582 reputetur
994 515 1023 566 et
1038 510 1095 565 illis
1109 512 1144 566 ad
1156 512 1296 584 justitiam
1311 529 1318 579 ;
1334 514 1364 566 et
1376 509 1414 564 sit
1431 513 1512 580 pater
1524 503 1754 569 circumcisionis,
1768 517 1827 557 non

200 593 237 650 iia
254 599 365 652 tantum
380 596 429 667 qui
451 601 518 651 sunt
537 611 570 651 ex
585 596 808 668 circumcisione,
821 597 871 653 sed
891 603 921 653 et
940 600 974 654 iis
990 600 1039 671 qui
1059 605 1203 656 sectantur
1225 599 1265 659 11.
1287 597 1405 669 vestigia
1417 596 1493 663 fidei,
1509 611 1571 668 qua
1584 599 1627 650 εει
1644 593 1675 648 in
1689 589 1829 664 praeputio

200 683 290 753 patris
303 684 394 740 nostri
411 683 544 743 Abraba.
562 681 606 741 ll.
621 685 685 741 Non
706 685 782 740 enim
796 702 847 758 per
860 687 950 758 legem
968 685 1010 745 13.
1026 689 1174 760 promissio
1197 687 1316 744 Abrahoe
1338 691 1387 742 aut
1406 683 1507 740 semini
1528 685 1590 756 ejus
1603 686 1637 738 ut
1651 680 1739 736 beares
1754 681 1831 734 esset

201 772 300 828 muudi
314 791 321 842 ς
334 774 385 829 sed
398 789 449 846 per
458 773 599 844 justitiam
613 774 692 831 ildci.
708 773 738 830 Si
750 774 826 830 enim
844 775 893 847 qul
908 777 1026 848 exlege,
1040 777 1165 832 heredes
1178 781 1254 842 sunt,
1269 773 1414 830 exinanita
1431 777 1475 828 est
1487 771 1567 839 fides,
1581 768 1685 826 abolita
1705 772 1749 824 εει
1761 781 1831 838 pro-

200 861 307 917 missio.
325 861 368 919 ll.
384 862 441 918 Lex
454 863 530 918 enim
542 861 615 917 iram
628 868 772 934 operatur.
786 863 832 919 15.
844 864 897 921 Ubi
913 865 988 920 enim
1002 881 1059 921 non
1074 871 1118 921 est
1130 867 1184 932 lex,
1197 881 1250 920 nec
1261 861 1460 936 pravaricatio.
1476 860 1544 916 Ideo
1559 875 1593 914 ex
1605 858 1673 928 tide,
1685 862 1718 912 ut
1730 869 1832 910 secan·

201 948 269 1005 dum
281 951 404 1022 gratiam
418 951 502 1007 firma
514 951 552 1008 sit
564 951 714 1023 promissio
727 949 772 1009 16.
784 953 861 1007 omni
875 954 985 1021 semini,
999 972 1057 1011 non
1070 955 1096 1011 ei
1107 955 1157 1026 qui
1171 972 1205 1010 ex
1217 955 1279 1025 lege
1294 958 1337 1007 est
1351 952 1452 1014 solum,
1466 949 1515 1004 sed
1530 952 1559 1004 et
1573 946 1599 1002 ei
1613 945 1662 1018 qui
1673 961 1706 1000 ex
1715 944 1771 999 fide
1783 946 1830 998 εει

200 1036 329 1106 Abrahae,
346 1040 395 1111 qui
408 1044 489 1112 peter
500 1045 545 1094 est
556 1040 683 1096 omniurn
695 1045 824 1096 nostrum
837 1042 918 1112 (εἰειιι
936 1043 1072 1117 scriptum
1090 1049 1134 1098 est
1148 1061 1154 1097 :
1169 1042 1240 1109 Quia
1259 1043 1372 1096 Patrem
1387 1037 1541 1094 multarum
1551 1035 1680 1106 gentium
1693 1031 1775 1106 posui
1786 1035 1828 1101 ιε)

201 1132 268 1183 ante
281 1127 382 1194 Deum,
407 1129 453 1184 cui
478 1129 605 1192 credidit,
627 1129 675 1198 qui
690 1129 810 1184 vivificat
829 1135 965 1194 mortum.
979 1139 1006 1188 ει
1020 1139 1099 1188 vocnt
1115 1150 1149 1190 ee
1173 1149 1233 1203 quae
1252 1145 1309 1186 non
1327 1132 1394 1183 sunt
1406 1133 1542 1198 tanquam
1557 1141 1591 1181 ea
1602 1139 1664 1196 qua
1676 1127 1743 1176 sunt
1758 1138 1764 1174 ε
1780 1119 1831 1192 qui

200 1220 300 1271 contra
312 1233 392 1288 spem
405 1216 435 1271 in
448 1233 527 1288 spem
542 1217 660 1272 credidit
669 1222 701 1273 ut
715 1219 795 1273 lieret
806 1223 888 1291 pater
900 1220 1056 1276 multarum
1070 1221 1209 1294 gentium,
1222 1218 1376 1274 secundum
1392 1216 1466 1287 quod
1481 1215 1643 1269 dictumest
1656 1210 1683 1266 ei
1699 1228 1705 1264 ε
1721 1209 1766 1265 Sic
1775 1209 1831 1264 erit

201 1319 299 1360 semen
312 1310 407 1374 tuum3
424 1309 454 1360 et
468 1321 525 1360 non
539 1305 697 1361 infirmatus
709 1311 753 1360 est
764 1307 829 1375 ilde,
843 1323 895 1362 nec
909 1309 1095 1364 consideravit
1108 1325 1209 1381 corpus
1223 1322 1308 1363 suum
1321 1309 1491 1369 emortuum,
1507 1317 1569 1357 curn
1578 1301 1637 1370 jem
1647 1299 1705 1353 lere
1716 1302 1831 1353 centurn

200 1397 277 1447 esset
296 1408 445 1461 annorum,
466 1399 495 1448 et
515 1399 673 1450 emortuam
685 1395 796 1450 vulvam
817 1395 902 1452 Serae.
919 1397 952 1452 ln
965 1397 1182 1468 repromissione
1201 1396 1288 1450 etiam
1302 1393 1354 1449 Dei
1372 1408 1430 1447 non
1444 1375 1764 1449 hesitaiitdiffidenua,
1780 1384 1831 1440 sed

201 1480 376 1536 confortatus
390 1485 434 1536 est
442 1480 508 1549 tide,
519 1481 589 1536 dans
603 1481 722 1553 gloriam
736 1483 805 1551 lieo,
819 1483 980 1555 plenissime
993 1486 1085 1540 sciens
1095 1483 1162 1557 quia
1175 1497 1348 1555 quacunque
1361 1477 1500 1552 promisit,
1516 1481 1615 1550 potens
1628 1477 1673 1528 est
1685 1476 1714 1526 et
1726 1471 1829 1526 iacere.

201 1568 270 1624 ldeo
282 1573 312 1624 ει
324 1575 487 1642 reputatum
501 1577 544 1626 est
557 1571 598 1626 illi
613 1573 649 1626 ad
659 1571 809 1642 iustitiam.
825 1573 889 1629 Non
902 1580 945 1630 εει
959 1580 1054 1629 autern
1068 1573 1204 1645 scriptum
1217 1575 1330 1626 tantum
1342 1571 1458 1640 propter
1471 1565 1574 1637 ipsum,
1586 1562 1655 1634 quia
1668 1563 1830 1632 reputabam

202 1663 246 1713 εει
262 1657 304 1712 illi
317 1658 354 1713 ad
371 1659 523 1730 justitiam,
539 1660 589 1715 sed
603 1665 632 1716 ει
646 1667 761 1733 propter
773 1678 835 1726 nos,
856 1663 957 1735 quibus
977 1663 1155 1737 reputabitur
1173 1658 1351 1739 credentibus
1374 1658 1404 1712 in
1425 1671 1490 1712 eum
1513 1653 1562 1726 qui
1578 1649 1721 1709 suscitavit
1734 1649 1830 1704 Jesum

202 1745 347 1802 christum
365 1748 517 1804 Dominum
531 1758 660 1805 nostrum
675 1765 692 1804 a
705 1751 837 1819 mortuis,
859 1753 909 1823 qui
926 1752 1048 1809 traditus
1062 1759 1106 1811 est
1123 1756 1239 1826 propter
1253 1749 1354 1806 delicta
1376 1751 1482 1812 nostre,
1505 1741 1550 1801 17.
1566 1745 1595 1798 ει
1617 1737 1771 1798 resurrexit
1781 1734 1827 1796 18.

201 1839 318 1909 propter
328 1836 561 1907 justificationem
575 1843 713 1895 nostram.

243 2035 300 2096 η
316 2031 343 2086 l.
358 2031 508 2088 iustificati
521 2047 589 2102 ergo
600 2049 636 2088 ex
647 2033 713 2100 lide,
728 2049 826 2106 pacem
836 2034 990 2092 habeamus
999 2037 1035 2092 ed
1045 2037 1134 2092 Deum
1145 2050 1195 2109 per
1206 2033 1357 2091 Dominum
1372 2035 1501 2088 nostrum
1511 2029 1607 2087 lesum
1617 2026 1832 2097 consumpsi

203 2133 289 2189 quem
304 2125 333 2175 et
346 2119 483 2176 babemus
496 2137 638 2178 accessum
657 2138 709 2194 per
722 2123 807 2179 iidem
826 2123 852 2179 2.
874 2124 904 2178 in
918 2125 1039 2196 gratiam
1057 2125 1151 2193 istam,
1166 2126 1196 2180 in
1215 2140 1272 2196 qua
1284 2128 1393 2179 stamus
1412 2125 1441 2175 et
1460 2118 1615 2190 gloriamur
1627 2116 1657 2172 in
1671 2131 1721 2188 spe
1733 2115 1830 2186 glorie

203 2207 325 2264 illiorum
338 2209 399 2264 Dei.
414 2211 478 2266 Non
491 2210 585 2266 solum
603 2218 708 2280 autem,
723 2215 773 2269 sed
787 2219 814 2269 et
825 2214 982 2286 gloriamur
994 2217 1025 2271 in
1036 2213 1275 2280 tribulationibus,
1291 2211 1410 2267 scientes
1423 2208 1498 2281 quod
1510 2205 1653 2262 tribulatio
1667 2203 1832 2276 patientiam

203 2303 345 2370 operatur,
360 2299 498 2374 patientia
512 2308 606 2357 autem
620 2303 825 2375 probationem,
841 2303 1043 2376 probatiorem
1057 2319 1146 2376 spem,
1158 2301 1185 2360 3.
1200 2319 1264 2374 spes
1279 2306 1375 2356 autem
1388 2314 1445 2354 narn
1455 2294 1610 2361 confundit,
1631 2292 1697 2364 quia
1710 2289 1833 2346 ebaritas

202 2385 254 2444 Dei
266 2387 368 2445 dillusa
381 2395 424 2445 est
437 2391 467 2446 in
480 2390 611 2448 cordibus
624 2392 728 2448 nostris
741 2393 937 2466 perspiritum
952 2399 1079 2450 sanctum
1095 2395 1143 2464 qui
1155 2393 1238 2448 datus
1252 2396 1297 2446 est
1307 2388 1397 2444 nobis.
1408 2387 1447 2444 Ut
1455 2385 1522 2459 quid
1532 2383 1608 2440 enim
1617 2381 1756 2449 Christus,
1768 2395 1834 2436 cum

203 2475 295 2531 adbuc
307 2477 413 2534 infirmi
426 2494 560 2546 essemus,
570 2480 726 2535 secundum
736 2487 849 2552 tempus
860 2498 910 2554 pro
923 2482 1018 2554 impiis
1033 2488 1161 2537 mortuus
1171 2480 1233 2536 est?
1243 2479 1296 2534 Vix
1309 2478 1386 2533 enim
1396 2493 1447 2548 pro
1458 2473 1607 2547 justoquis
1616 2471 1750 2538 moritur,
1766 2484 1834 2525 nam

199 2579 251 2638 pro
268 2563 341 2622 bono
359 2566 479 2623 forsitan
493 2568 556 2639 quis
577 2568 682 2625 audeat
697 2571 778 2625 mori.
795 2571 981 2627 Commendat
996 2576 1092 2626 autem
1105 2571 1272 2626 charitatem
1287 2585 1369 2624 suam
1383 2568 1457 2623 Deus
1471 2566 1502 2620 in
1515 2564 1605 2630 nobis,
1619 2561 1753 2634 quoniam
1766 2576 1833 2616 cum

203 2655 295 2712 adbuc
311 2661 479 2728 peccatores
486 2674 621 2726 essemus,
639 2659 667 2716 4.
683 2662 837 2718 secundum
851 2667 964 2733 tempus
979 2659 1108 2716 cbristus
1119 2676 1170 2731 pro
1185 2657 1264 2713 nobis
1277 2657 1303 2712 5.
1319 2662 1447 2712 mortuus
1462 2658 1521 2723 est;
1537 2652 1627 2708 rnnlto
1642 2650 1730 2722 igitur
1743 2649 1835 2720 magis

202 2759 278 2800 nunc
288 2745 435 2816 justificati
447 2746 478 2801 in
491 2748 629 2818 sanguine
646 2748 744 2820 ipsius,
761 2751 829 2805 salvi
844 2750 950 2805 erimus
965 2746 1000 2802 ab
1014 2748 1058 2803 ira
1071 2747 1235 2819 peripsum.
1250 2744 1279 2800 Si
1291 2743 1367 2799 enim
1384 2758 1449 2798 cum
1462 2740 1571 2797 inimici
1586 2754 1721 2805 essemus,
1735 2751 1834 2793 recon-

201 2831 289 2887 ciliati
299 2849 397 2888 snmus
406 2834 465 2890 lieo
478 2850 530 2906 per
541 2841 664 2891 mortem
672 2837 736 2892 Filii
746 2839 821 2909 eius3
834 2838 924 2894 multo
934 2835 1035 2907 magis,
1046 2835 1229 2912 reconciliati,
1240 2832 1309 2889 salvi
1323 2833 1429 2887 erimus
1442 2831 1472 2886 in
1486 2830 1545 2886 rita
1553 2829 1656 2902 ipsius.
1669 2828 1733 2884 Non
1742 2826 1835 2884 solam

202 2919 343 2988 autem,b.
352 2922 634 2994 sedetglorismurin
645 2927 703 2982 Deo
713 2943 764 2999 per
771 2929 923 2984 Dominum
933 2931 1062 2982 nostrum
1071 2926 1086 2982 J
1088 2942 1167 2980 esum
1176 2924 1329 2989 Christum,
1340 2938 1391 2994 per
1400 2937 1484 2993 quem
1491 2935 1567 2987 nuuc
1579 2915 1836 2974 reconciliationem

201 3010 371 3084 accepimns.
386 3009 413 3068 7.
427 3012 583 3086 Propterea
595 3015 669 3072 sicut
678 3033 731 3089 per
742 3032 832 3073 unum
846 3018 990 3074 bominem
1006 3020 1151 3088 peccatum
1164 3013 1194 3069 in
1205 3013 1281 3068 hunc
1294 3011 1433 3067 mundum
1446 3009 1571 3075 intravit,
1587 3013 1617 3064 et
1627 3023 1678 3081 per
1688 3010 1836 3079 peccatam

867 3131 1165 3189 COMMENTARIUS.

590 3183 604 3211 ·1

202 3223 778 3298 ostenderetureajnstitiaquamsolafides
784 3227 942 3282 contulerat
948 3227 999 3282 illi.
1012 3231 1110 3288 Adero
1120 3248 1127 3298 ;
1137 3244 1195 3283 non
1206 3231 1302 3283 autem
1316 3239 1413 3280 omnes
1420 3224 1512 3295 legem
1524 3221 1656 3294 implere.

242 3311 285 3369 10.
300 3313 430 3369 Αιιιιιιοε.
448 3314 524 3368 Utsr’t
530 3320 611 3383 putor
620 3318 851 3371 circumcisionis.
860 3316 920 3370 lloc
934 3316 1002 3371 dicit
1079 3315 1121 3375 17.
1137 3319 1262 3373 Arsaos.
1278 3317 1312 3370 lit
1326 3315 1479 3370 recurrerit
1491 3316 1612 3382 propter.
1629 3309 1698 3364 Post
1709 3323 1837 3363 resurre-

203 3406 238 3457 ιιι
251 3401 289 3456 sit
302 3405 383 3472 pater
395 3401 613 3457 circumcisionis
632 3402 733 3470 cordis,
749 3418 806 3457 non
826 3408 937 3458 tantum
953 3420 1001 3458 eo·
1043 3407 1164 3463 ctionem
1177 3405 1252 3459 enim
1264 3407 1395 3474 acceptus
1407 3399 1538 3473 Spiritus,
1549 3400 1585 3453 ad
1599 3397 1743 3455 cumulum
1757 3393 1838 3452 nobis

204 3504 268 3544 rum
281 3488 329 3560 qui
343 3493 411 3544 sunt
424 3491 530 3561 exejus
545 3490 663 3560 origiue,
679 3491 729 3545 sed
747 3496 886 3548 eteorum
901 3491 949 3563 qui
963 3492 1000 3547 si·
1040 3493 1252 3568 justificationis
1265 3491 1404 3565 provenit.

206 3577 313 3632 militer
321 3577 441 3633 credunt
451 3594 485 3632 ex
495 3577 637 3649 gentibus.
1082 3583 1124 3642 18.
1139 3583 1242 3638 ursas.
1256 3584 1370 3650 Propter
1379 3580 1619 3650 justificationem,
1632 3575 1662 3631 id
1675 3579 1727 3645 εει,
1738 3577 1771 3632 ut
1784 3589 1842 3629 cre·

209 3675 213 3686 ¹
242 3664 287 3723 11.
302 3666 406 3722 Laura.
425 3667 623 3736 Vertipiofldci.
640 3668 733 3723 Ordo:
749 3669 866 3739 vestigia
879 3669 1003 3741 fideipa·
1044 3672 1143 3728 dentes
1156 3687 1221 3726 eum
1236 3667 1423 3744 resurrexisse
1434 3665 1666 3738 justificarentur.
1680 3664 1715 3720 Et
1729 3680 1746 3719 ε
1760 3667 1841 3736 parts

204 3754 258 3809 tris
284 3754 374 3809 nostri
398 3753 529 3822 Abrabae,
545 3771 608 3827 quse
628 3761 671 3812 est
691 3757 720 3812 in
743 3756 890 3830 preputio,
907 3757 936 3815 id
949 3763 1002 3826 est,
1044 3767 1104 3817 tota
1114 3761 1184 3817 fides
1196 3759 1370 3831 designatur.

205 3859 291 3916 quam
300 3841 400 3898 habuit
412 3843 443 3898 in
457 3846 605 3915 preputio·
1079 3849 1158 3905 CAP.
1174 3849 1209 3906 V.
1221 3878 1253 3890 -
1268 3848 1296 3902 1.
1310 3849 1437 3902 Muros.
1452 3845 1604 3913 iustificati
1622 3845 1722 3911 ipitur.
1737 3842 1841 3897 Pacem

243 3929 277 3988 17
291 3933 355 3988 Non
374 3935 449 3987 enim
467 3948 517 4002 per
540 3937 633 4002 lepem.
650 3934 735 3999 Quasi
755 3935 858 4007 aliquis
872 3935 1001 3992 diceret:
1044 3938 1148 3994 habere
1162 3954 1227 3993 cum
1248 3936 1316 4000 Deo,
1338 3935 1408 3990 tides
1430 3933 1506 4003 lacit,
1522 3948 1580 3988 non
1596 3931 1650 3986 lex.
1670 3931 1736 3986 llaec
1764 3929 1842 3986 enim

205 4036 257 4077 cur
270 4019 364 4076 dixisti
386 4020 504 4091 vestigia
518 4020 594 4089 ddei,
610 4028 638 4077 et
652 4038 708 4078 non
719 4023 815 4079 dixisti
828 4025 949 4096 vestigia
961 4025 1003 4080 le·
1045 4043 1097 4084 nos
1110 4027 1168 4083 Deo
1180 4024 1378 4082 reconciliarit.

204 4109 271 4182 gisl
286 4109 317 4165 Si
332 4109 408 4166 enim
420 4109 456 4164 ad
467 4109 666 4166 inconveniens
680 4112 758 4168 ducit
776 4113 922 4168 adversam
942 4129 1005 4185 par·
1080 4115 1107 4170 2.
1124 4119 1158 4171 ln
1167 4117 1292 4183 prolium
1305 4117 1400 4168 iatam.
1416 4111 1499 4168 Prius
1513 4110 1589 4167 enim
1600 4108 1741 4181 jacuimus
1758 4125 1765 4176 ;
1781 4123 1842 4162 cre·

204 4203 274 4268 tem,
308 4214 366 4254 non
392 4203 488 4253 autem
508 4198 594 4254 simul
610 4217 680 4266 esse,
703 4200 792 4256 solam
813 4201 884 4272 legis
907 4201 1004 4256 obser·
1045 4205 1144 4260 dentes
1155 4209 1250 4259 autem
1264 4203 1351 4257 erecti
1364 4218 1472 4257 sumus.

205 4287 513 4344 rentiambrereditatis
527 4305 588 4344 esse
597 4305 711 4345 causam
727 4295 757 4346 ει
766 4290 918 4360 fidem,aut
931 4292 1004 4346 solos
1081 4291 1107 4350 3.
1122 4291 1186 4362 Spes
1197 4297 1292 4346 autem
1303 4307 1360 4346 noa
1370 4291 1526 4359 confundit.
1536 4289 1606 4361 Spes
1615 4303 1673 4343 non
1686 4285 1841 4352 confundit,

205 4376 318 4432 Judoeos
332 4393 393 4432 esse
406 4377 532 4432 haeredes
546 4382 576 4433 et
587 4383 696 4450 gentes.
1045 4383 1113 4437 dum
1122 4381 1235 4437 stultiet
1242 4379 1356 4435 hebetes
1365 4395 1382 4434 a
1391 4379 1507 4452 pertidia
1511 4377 1685 4449 iudicantur,
1696 4375 1843 4430 credentes

243 4463 287 4519 13.
297 4465 711 4523 Αιιειιοε.Ρνοιηι·εειόΑὸναιε.
721 4467 905 4541 christusqui
914 4469 1004 4524 beares
1045 4487 1107 4542 quse
1116 4469 1259 4525 mundana
1267 4475 1365 4526 carent
1374 4464 1690 4537 tutionePignusenim
1699 4462 1845 4520 charitatis

206 4557 251 4608 εει
262 4552 400 4623 gentium,
410 4557 443 4609 ut
455 4553 543 4609 David
557 4554 632 4610 canit
645 4574 651 4610 :
667 4555 700 4609 ur
711 4557 779 4611 dubo
794 4559 846 4612 tibi
854 4563 944 4627 pentes
955 4542 1037 4612 ber-B
1047 4556 1183 4614 habemus
1196 4557 1227 4612 in
1241 4556 1322 4612 nobis
1331 4571 1382 4628 per
1393 4554 1530 4626 Spiritum
1539 4557 1668 4608 sanctum
1680 4550 1769 4606 nobis.

204 4641 445 4706 reditatumtuom;
455 4646 765 4710 etpoaaesrr'onemtuum
774 4649 1003 4701 reminescere.
1081 4647 1107 4701 l.
1123 4647 1282 4704 Secundum
1297 4651 1411 4714 tempus.
1424 4643 1467 4697 Ad
1481 4647 1594 4714 tempus
1616 4641 1693 4696 enim
1715 4643 1845 4695 mortuus

207 4727 264 4799 lpsi
277 4727 354 4783 enim
367 4729 505 4784 morimur
518 4730 677 4786 etririmus
688 4748 751 4787 cum
764 4748 808 4800 eo,
820 4734 886 4789 ldeo
896 4735 1003 4792 erlide.
1046 4741 1097 4803 est,
1122 4735 1189 4807 quia
1211 4734 1295 4789 tertia
1322 4733 1368 4787 die
1381 4731 1544 4787 resurrexit.
1560 4730 1613 4786 Vel
1633 4729 1700 4785 buic
1722 4727 1844 4800 tempori

208 4814 267 4871 Sub
280 4816 342 4888 lege
355 4817 505 4888 promissio
518 4819 579 4874 deri
589 4835 647 4874 non
656 4825 816 4891 potestant
830 4837 864 4877 ex
877 4822 942 4891 fide,
950 4839 1007 4894 qua
1046 4830 1174 4880 mortuus
1185 4829 1237 4888 est,
1247 4821 1296 4879 ubi
1310 4821 1352 4877 sol
1362 4821 1452 4876 oritur
1463 4825 1494 4876 et
1507 4818 1617 4876 occidit.
1631 4817 1756 4874 Excessit
1767 4816 1851 4871 enim*
1890 4838 1895 4846 ·

207 4920 306 4960 omnes
317 4905 467 4976 purificati,
483 4908 556 4962 fiunt
568 4907 646 4979 digni
660 4909 715 4965 dici
729 4910 791 4965 tilii.
1047 4930 1063 4968 e
1075 4929 1191 4985 corpore
1203 4911 1240 4967 ud
1255 4909 1428 4978 inferos(ubi
1443 4920 1555 4983 tempus
1570 4925 1626 4964 non
1641 4913 1694 4975 est,
1708 4905 1751 4961 rel
1766 4905 1845 4977 atas)

244 4992 288 5049 ll.
298 4993 401 5050 Laura.
412 4995 466 5051 les
474 4999 551 5051 enim
562 5000 637 5051 iram
646 5004 786 5067 operatur.
794 5000 886 5056 Causa
897 5016 949 5056 cur
957 5017 1008 5073 per
1047 5019 1098 5075 pro
1113 5003 1204 5058 salute
1218 5001 1388 5057 animarum.

206 5082 413 5154 legemnonsit
423 5085 572 5156 promissio
586 5086 767 5144 baereditatis.
780 5090 856 5144 lram
870 5089 945 5145 enirn
956 5091 1008 5147 liei
1084 5089 1111 5148 5.
1132 5089 1235 5145 Laura.
1260 5091 1387 5144 Mortuus
1402 5093 1450 5144 est.
1476 5088 1547 5144 (inm
1563 5085 1656 5140 adbuc
1676 5083 1846 5157 temporalia

207 5187 241 5228 ex
245 5172 473 5244 praevaricatione
478 5189 535 5229 non
540 5174 719 5246 implentium
724 5178 818 5250 potins
825 5185 968 5250 operatur.
1046 5179 1236 5250 diligeremus,
1242 5179 1298 5234 nisi
1312 5178 1392 5234 nobis
1405 5194 1486 5252 spem
1498 5177 1603 5256 bonam
1617 5175 1707 5246 daret,
1719 5189 1781 5246 qum
1793 5190 1846 5229 nos

212 5276 215 5286 ¹
244 5259 287 5317 15.
310 5261 359 5317 Ubi
380 5263 455 5317 enim
471 5279 529 5318 non
547 5269 585 5318 est
610 5265 785 5333 tecsstboc,
801 5267 904 5341 inquit,
918 5268 1006 5324 videri
1046 5269 1232 5325 confunderet
1235 5308 1289 5327 .....

205 5353 299 5422 potest
308 5349 374 5422 qnia
387 5351 432 5407 lea
445 5351 668 5423 iramoperstur,
679 5355 754 5425 quod
763 5354 811 5411 ubi
823 5356 868 5412 lex
880 5372 936 5412 non
951 5364 1003 5426 est,
1082 5357 1109 5418 t.
1124 5358 1178 5415 Sed
1190 5363 1216 5413 et
1228 5361 1397 5427 ploriomur,
1419 5355 1448 5410 id
1462 5360 1514 5423 est,
1531 5359 1677 5427 sperantes
1691 5368 1743 5408 nos
1763 5350 1847 5406 habi·

206 5453 258 5493 ¹10⁰
272 5440 474 5511 Pffllfflcafim
487 5443 779 5514 quaeestcansairae.
904 5467 910 5474 ·
1046 5453 1126 5503 turos
1138 5447 1269 5519 gloriam,
1285 5463 1371 5519 qnam
1384 5446 1490 5501 babent
1504 5443 1556 5500 tllii
1570 5443 1631 5500 Dei.

211 5531 214 5538 “
244 5523 288 5582 16.
304 5529 388 5586 Omni
399 5533 512 5597 semini,
526 5529 556 5585 id
566 5535 618 5598 est,
630 5532 707 5588 omni
716 5531 853 5590 imitatori
860 5534 937 5603 fidei,
948 5536 1006 5593 aire
1081 5537 1109 5593 7.
1124 5539 1271 5607 Propterea
1290 5539 1371 5591 ειειιι.
1397 5533 1505 5592 Pendet
1526 5533 1668 5590 sententia
1683 5547 1844 5606 usque......

206 5613 311 5687 ludeo,
325 5618 503 5693 siregeutili·
517 5619 623 5679 Omnes
634 5621 710 5680 enim
722 5628 840 5698 pomum
853 5624 934 5683 facile
948 5641 1006 5684 cre
1046 5625 1150 5700 legitur
1165 5643 1171 5680 :
1188 5625 1261 5683 sicut
1269 5641 1320 5700 per
1330 5623 1414 5684 unius
1427 5623 1572 5694 delicturum,
1583 5627 1635 5680 etc.
