3896 6170
223 287 293 349 108'1
738 298 766 353 S.
787 292 985 352 cutuuuuass
1003 291 1155 352 acuaris
1174 295 1344 353 utusnuo.
1587 281 1600 302 ⁸
1773 289 1830 348 1008

225 416 330 472 cribrat
346 433 352 470 :
368 415 492 472 cribrum
513 432 624 491 quoque
650 420 729 494 prius
755 422 904 494 diligenter
930 423 1015 478 lavat.
1028 422 1172 482 Anrinore
1186 421 1468 486 studiolavantur,et
1487 415 1521 474 ad
1538 419 1590 474 hoc
1607 423 1831 490 qnoqueestiern·

227 505 296 560 Cum
312 512 407 562 autem
423 508 532 562 nullum
548 515 670 582 tompus,
689 517 756 582 quot
783 513 887 568 vicibus
901 513 930 567 in
945 529 1019 567 anno
1062 529 1114 583 pus
1124 511 1391 585 praelirum,scilicet
1404 516 1469 564 ante
1477 510 1592 564 Pascha.
1609 509 1675 564 Item
1686 509 1718 563 ad
1731 511 1775 563 buc
1788 511 1832 564 de·
1914 565 1915 586 ,

225 595 712 669 hostiresintforrnandce,pvaes1xum
726 601 771 666 sit,
788 607 881 656 eustos
896 603 1019 657 ecclesiae
1061 605 1235 672 putatasunt
1255 617 1319 658 vasa
1327 617 1414 660 aenea,
1426 605 1455 654 et
1463 605 1598 669 tanquam
1616 598 1703 669 pelves
1716 599 1835 669 amplissi·
1914 617 1915 628 ¹

224 685 445 758 quotiescunque
458 703 528 758 opus
538 687 631 754 luerit,
643 695 676 745 ut
690 691 769 758 nant,
780 691 916 762 providet.
1061 707 1122 756 mae,
1134 692 1162 745 in
1173 690 1274 763 quibus
1284 691 1424 756 lavantur,
1433 694 1462 743 et
1478 703 1539 759 quae
1553 687 1589 741 ad
1605 687 1693 742 nullos
1702 687 1764 743 alios
1779 704 1834 742 usus

260 777 271 800 *
284 774 317 829 In
332 791 366 830 ea
379 775 425 830 dio
436 776 603 832 formatores
618 779 784 845 hostiarum,
802 795 895 850 neque
909 779 1019 852 capitu·
1060 780 1209 836 habentur.
1223 783 1291 837 Post
1305 795 1434 852 vesperas
1449 778 1479 832 in
1497 777 1612 832 ecclesia
1631 778 1708 846 juxta
1723 791 1829 841 cavam,

223 864 260 932 lo,
276 881 368 936 neque
380 865 456 936 boris
468 865 644 937 regularibus
657 867 799 934 intersint,
823 873 851 923 et
869 874 964 923 tamen
989 869 1018 924 in
1060 887 1208 942 superque
1218 871 1318 926 calices
1327 869 1413 924 lavari
1424 868 1524 930 solent,
1535 865 1577 920 bis
1588 857 1755 936 intingantur
1766 883 1831 938 aqua

224 954 346 1010 crastino
359 955 469 1009 veniam
479 960 653 1026 nonpetunt.
663 957 725 1028 lpse
736 974 857 1030 quoque,
872 959 896 1012 si
913 964 1020 1013 nonest
1060 959 1177 1029 lrigidae,
1193 967 1222 1015 et
1235 965 1367 1014 teruntur
1376 957 1406 1012 in
1423 955 1561 1010 manibus.
1572 956 1677 1010 lterum
1687 971 1754 1026 aqua
1765 957 1834 1009 tertie

224 1043 353 1098 sacerdos
366 1043 408 1098 vel
423 1044 566 1110 diaconus,
597 1061 644 1100 nn.
667 1045 803 1102 vicarium
828 1047 879 1102 sibi
908 1048 942 1102 ad
966 1049 1018 1102 lioc
1060 1047 1264 1104 iul'unditurita
1279 1051 1449 1120 pernoctem
1462 1061 1603 1108 mensura,
1618 1060 1768 1099 manavere
1782 1045 1835 1099 inde

224 1149 294 1203 opus
308 1132 417 1204 quaerit,
433 1139 462 1188 et
471 1134 541 1190 duos
556 1135 636 1200 alios,
653 1137 700 1208 qui
723 1142 790 1192 sunt
804 1138 838 1192 de
853 1137 896 1192 bis
910 1137 1019 1192 ordini·
1060 1137 1251 1207 exprimenda,
1261 1136 1457 1191 etineamdem
1468 1149 1592 1200 caveam,
1603 1133 1675 1187 sicut
1682 1133 1753 1203 prius
1761 1133 1835 1187 edun·

224 1221 291 1290 bus;
309 1229 426 1293 quartus
439 1222 655 1290 eritsividetur,
668 1241 826 1281 conversus.
840 1227 874 1281 lli
885 1235 1016 1298 quatuor,
1059 1224 1161 1279 denda.
1177 1226 1210 1279 Et
1220 1226 1375 1280 notandum
1387 1223 1460 1294 quod
1476 1238 1550 1293 aqua
1561 1221 1605 1276 cui
1622 1221 1797 1290 intinguntur,
1811 1222 1834 1274 in

223 1311 246 1366 si
256 1315 299 1365 est
309 1317 419 1382 tempus
442 1311 579 1384 hyemale,
601 1314 688 1369 linitis
703 1317 858 1376 nocturnis,
875 1317 907 1377 lsi
922 1321 1016 1371 autem
1060 1313 1157 1368 eodem
1165 1331 1230 1368 vase
1243 1312 1480 1376 estallerenda,in
1491 1327 1546 1383 quo
1556 1315 1585 1365 et
1592 1309 1725 1365 sacrificio
1735 1310 1833 1363 ollertur

223 1400 617 1471 aestivum,postmatutinuml
629 1404 716 1475 (arar.)
733 1423 763 1459 se
783 1406 912 1470 calciant,
932 1405 1018 1462 iacies
1059 1403 1212 1457 miscenda.
1225 1403 1331 1459 Deinde
1341 1400 1533 1474 portanturad
1546 1399 1685 1454 cilicinam
1703 1399 1835 1464 secretarii,

222 1504 379 1558 manusque
401 1489 505 1556 lavant,
528 1496 557 1546 et
570 1493 663 1564 capita
674 1494 827 1563 pectinant,
844 1499 872 1548 et
884 1495 1018 1549 secedunt
1058 1491 1086 1546 in
1103 1509 1159 1562 qun
1173 1497 1239 1547 sunt
1250 1491 1379 1547 lavanda.
1391 1490 1443 1546 Ubi
1451 1492 1512 1561 jam
1523 1489 1647 1544 famulus
1658 1488 1771 1542 lixiviam
1779 1497 1835 1541 tern-

223 1577 257 1630 ad
269 1576 380 1647 aliquod
390 1585 528 1635 secretum
543 1581 643 1636 altare.
662 1582 705 1637 lbi
722 1588 837 1638 cantant
850 1600 1021 1655 quaecunque
1062 1581 1416 1652 peravitlimpidissimam,
1442 1586 1471 1633 et
1494 1577 1706 1648 diligentissime
1719 1577 1801 1640 collat,
1814 1580 1836 1628 et

221 1666 528 1738 canendasuntusque
539 1670 573 1723 ad
585 1670 682 1724 horam
694 1672 818 1742 prandii.
836 1674 905 1726 Nam
923 1679 1021 1744 postea
1062 1687 1119 1725 non
1134 1677 1229 1725 taviien
1246 1670 1368 1724 mittitur
1382 1685 1467 1740 super
1480 1665 1837 1740 corporalia,nisislntprius

220 1754 381 1811 nullatenus
395 1774 425 1812 se
441 1758 475 1812 de
485 1759 537 1813 bec
551 1775 636 1830 opere
649 1760 852 1816 intromittunt.
870 1762 960 1833 Igitur
976 1763 1019 1816 la·
1028 1743 1051 1802 B
1061 1776 1153 1830 pantio
1167 1761 1291 1830 undique
1301 1759 1436 1814 involuta.
1448 1769 1459 1790 ·
1471 1758 1547 1822 Qua.
1560 1763 1709 1828 postquam
1719 1755 1835 1809 benelets

217 1843 289 1899 vatis
303 1845 433 1901 manibus
444 1848 472 1901 hi
489 1853 555 1913 tres,
573 1850 621 1920 qui
642 1854 709 1905 sunt
723 1851 884 1905 sacerdotes
900 1852 942 1905 vel
956 1852 1018 1905 dia·
1062 1849 1178 1916 suerint,
1196 1856 1224 1905 et
1238 1850 1445 1922 aliquantulum
1460 1847 1572 1912 siccata,
1590 1846 1705 1900 afratre
1723 1861 1774 1898 uno
1786 1844 1837 1897 alba

220 1935 292 1997 coni,
304 1933 333 1989 in
349 1936 408 1990 loce
423 1953 478 2007 quo
491 1937 596 1992 hostias
618 1939 719 1994 facturi
745 1944 820 2005 sunt,
838 1940 909 1995 albis
923 1945 952 1994 et
966 1941 1018 1995 bu·
1063 1937 1164 1993 induto
1176 1937 1562 2010 intingunturconspevsioni,
1575 1935 1719 2007 quaefacta
1729 1933 1836 1988 estrlara

221 2023 1020 2100 meralibus(sicutdeillo,quimalitiarinam,estprae-
1062 2033 1091 2081 et
1116 2027 1222 2098 liquida
1250 2027 1521 2098 deoptimafan'na,
1551 2031 1581 2080 et
1602 2025 1643 2079 ita
1665 2021 1836 2078 siccanturad

221 2113 347 2182 missum)
364 2115 538 2170 seinduunt.
566 2117 691 2181 Quorum
719 2134 793 2173 unus
817 2119 935 2173 lamnam
955 2136 1020 2174 con·
1060 2115 1223 2186 perlectum,
1239 2133 1285 2172 uu.
1302 2122 1331 2171 et
1347 2116 1460 2171 interim
1486 2115 1605 2170 minime
1629 2112 1741 2168 casuue
1757 2117 1836 2164 carent

216 2191 335 2272 spargit,
349 2204 631 2260 etvelvementissime
652 2208 808 2278 compingit
834 2225 920 2280 super
935 2208 1017 2263 tabu·
1059 2204 1198 2275 diligenti,
1218 2206 1339 2260 niarime
1357 2205 1405 2276 qui
1420 2219 1530 2259 muscas
1553 2203 1652 2273 abigat
1673 2200 1707 2255 ab
1727 2199 1773 2255 eis.
1794 2196 1836 2262 Qui

218 2291 275 2345 lam
291 2291 487 2346 nitidissimam
504 2294 653 2349 habentem
670 2295 787 2350 limbum
799 2297 956 2352 incircuitu
968 2297 1017 2351 ali·
1059 2294 1143 2348 etiam
1160 2310 1336 2366 nequaquam
1350 2293 1443 2348 albam
1454 2294 1539 2356 exuit,
1555 2308 1649 2364 neque
1663 2291 1835 2358 indeusquam

220 2380 387 2451 quantulum
402 2379 430 2434 in
446 2383 593 2453 superficie
606 2389 708 2438 caetera
723 2379 861 2451 altiorem,
887 2402 923 2440 ne
943 2402 1017 2457 aqua
1058 2383 1186 2438 discedit.
1202 2385 1213 2408 ⁸
1228 2383 1308 2438 Idem
1322 2385 1392 2456 ipse,
1408 2383 1431 2438 si
1455 2383 1527 2437 sorte
1541 2386 1659 2454 propter
1672 2380 1723 2435 boc
1731 2377 1836 2449 aliquam
1914 2389 1915 2394 ¹

221 2469 336 2523 effluere
351 2469 446 2540 possit.
464 2471 631 2542 Conspergit
645 2477 739 2528 autern
759 2490 822 2528 cum
849 2490 922 2545 aqua
937 2474 1016 2545 trigi-
1057 2472 1153 2526 heram
1168 2473 1332 2543 neglexerit,
1350 2473 1459 2528 veniam
1473 2487 1529 2526 non
1542 2472 1624 2542 petit.

221 2558 273 2625 de;
291 2556 358 2630 quia
373 2558 470 2614 dicunt
484 2559 589 2614 hostias
604 2561 711 2616 ttnuen
721 2563 906 2617 candidiores.
917 2565 939 2617 Λ
949 2565 1016 2618 duo·
1091 2562 1270 2616 qubordam
1279 2577 1452 2634 superquam
1464 2557 1836 2631 suspendunturpriuslarare

220 2645 273 2702 bus
285 2648 402 2718 reliquis
415 2648 514 2706 hostiae
528 2649 694 2704 formantur.
1057 2667 1112 2705 non
1123 2652 1250 2722 negligit,
1263 2657 1359 2722 quaet
1367 2651 1395 2705 in
1406 2657 1462 2705 uno
1473 2651 1618 2721 inarsupio
1627 2650 1662 2704 ad
1672 2665 1740 2721 epus
1748 2649 1836 2702 liocso-

255 2733 481 2805 Ferramentum,
492 2737 521 2791 in
535 2754 590 2808 quo
602 2742 669 2792 sunt
679 2739 840 2810 coquendae,
853 2745 932 2795 tenet
948 2757 1016 2795 con·-
1043 2739 1365 2811 ,lumjugiterservatua
1377 2739 1596 2805 Quandoautem
1604 2739 1758 2808 levigantur
1767 2734 1836 2803 llllll,

219 2841 327 2894 versus,
341 2842 498 2898 manusque
512 2827 605 2882 induit
625 2828 800 2883 chirothecis.
832 2830 912 2884 Unde
940 2831 1017 2884 inter
1057 2831 1296 2901 unuseispannus
1318 2829 1498 2885 substituitur
1508 2846 1559 2884 nec
1569 2841 1716 2900 ponuntur
1731 2841 1837 2896 unquam

219 2931 383 2970 conversam
397 2919 425 2970 et
436 2916 604 2971 formatores
618 2917 775 2972 hostiarum
790 2919 903 2988 ponitur
912 2925 1017 2974 unatn·
1057 2934 1142 2988 super
1150 2919 1257 2989 lignum
1265 2919 1383 2973 nudum.
1394 2919 1447 2974 ‘ln
1459 2919 1556 2973 eodem
1567 2918 1655 2972 etiam
1678 2923 1796 2987 tempore
1815 2917 1838 2966 et

218 3003 293 3070 bula,
307 3010 335 3059 et
345 3021 431 3076 super
440 3005 512 3059 hanc
526 3012 591 3060 sunt
604 3005 660 3061 due
674 3006 731 3079 pali
743 3007 829 3070 inlini,
842 3013 1017 3080 etsuperpa·
1057 3007 1280 3078 quotiescunque
1295 3024 1365 3079 opus
1392 3006 1477 3062 luerit
1499 3007 1534 3061 ab
1550 3005 1657 3061 eisdem
1669 3005 1794 3060 iratribus
1806 3003 1838 3056 ol-

219 3094 260 3149 los
270 3110 358 3148 unum
371 3094 687 3164 lignumtrunsversum,
699 3097 863 3168 superquod
874 3071 1045 3169 punietur-C
1058 3095 1172 3150 terteris
1187 3103 1215 3150 et
1231 3097 1354 3161 linteola,
1377 3113 1440 3150 cum
1456 3095 1557 3168 quibus
1571 3096 1673 3150 calices
1695 3099 1836 3166 portantur,

219 3190 345 3239 mentum
357 3183 393 3238 ad
410 3183 514 3238 hostias
525 3183 718 3255 imponendas,
741 3185 808 3250 Quae
831 3203 894 3241 cum
910 3187 1016 3243 fuerint
1057 3189 1248 3256 exterguntur.
1261 3183 1838 3256 Totumagitapocrisiariussocialitercun
1855 3195 1862 3214 ·

217 3277 312 3340 coctae,
331 3273 443 3327 cultello
458 3273 643 3336 abraduntur,
659 3281 687 3328 st
701 3275 805 3329 cndtvnt
818 3275 845 3329 in
868 3278 1014 3332 scutellam
1055 3273 1118 3328 aliis
1131 3275 1290 3344 J'unioribus
1300 3275 1367 3340 suis,
1380 3281 1408 3328 et
1417 3275 1553 3346 providet,
1569 3280 1601 3328 ut
1609 3290 1721 3345 semper
1729 3274 1775 3326 liat
1783 3275 1837 3323 ante

217 3362 348 3417 deorsum
359 3361 387 3415 in
396 3361 490 3416 taliula
503 3361 633 3433 positam,
643 3369 671 3418 et
681 3380 773 3435 panno
781 3363 889 3435 jugiter
903 3383 1015 3438 cooper-
1055 3364 1214 3434 prandium.
1240 3365 1378 3419 Praeterea
1391 3362 1475 3417 nabet
1490 3362 1542 3417 sub
1554 3379 1584 3416 se
1599 3363 1709 3434 aliquos
1722 3361 1834 3422 famulos,

216 3455 291 3520 tam;
307 3450 362 3505 nisi
389 3451 500 3521 quando
521 3451 618 3506 hostire
633 3451 817 3508 abraduntur.
835 3454 955 3509 Omnino
970 3461 1014 3510 te·
1055 3469 1173 3523 quorum
1189 3469 1273 3508 omne
1287 3453 1410 3508 studium
1422 3461 1464 3506 est
1476 3457 1504 3505 et
1514 3451 1603 3516 labor,
1614 3457 1736 3522 accepta,
1746 3449 1767 3504 si
1778 3463 1837 3519 opus

215 3545 285 3595 nent
299 3539 442 3593 silentium
458 3545 486 3593 et
500 3557 678 3611 summopere
691 3547 798 3608 cavent,
814 3549 914 3598 utnon
930 3546 1013 3599 modo
1055 3547 1106 3607 est,
1128 3558 1160 3595 ex
1175 3559 1239 3596 cera
1254 3542 1385 3596 carrdelas
1412 3542 1512 3606 lacere,
1536 3557 1633 3595 cereos
1656 3541 1781 3595 decenter
1793 3539 1837 3591 iar-

216 3629 313 3693 saliva,
329 3628 377 3682 sed
393 3645 444 3683 nec
458 3631 541 3683 llatus
552 3645 649 3684 eorum
662 3630 697 3684 ad
712 3631 818 3686 hostias
828 3631 1013 3704 aliquo'modo
1055 3647 1142 3696 mare,
1152 3630 1399 3699 oleumconsvcerc,
1409 3629 1727 3694 vestimentaconsuere,
1746 3629 1837 3684 sarcire

216 3717 376 3788 pertingere
391 3719 487 3788 possit.
520 3719 600 3773 Solus
635 3737 794 3787 conversus,
820 3721 926 3794 siquid
943 3741 1013 3795 opus
1054 3725 1083 3773 ct
1096 3719 1199 3781 levare,
1217 3721 1371 3775 oratorium
1386 3720 1497 3790 quoties
1512 3721 1673 3790 oportuerit
1690 3720 1724 3773 ad
1741 3732 1836 3774 erucem

217 3803 311 3870 luerit,
323 3805 417 3874 paucis
428 3805 519 3860 verbis
532 3806 637 3862 famulo
647 3807 806 3874 innotescit,
823 3811 870 3881 qui
892 3810 958 3866 lacit
975 3813 1013 3866 so-
1054 3809 1145 3880 seopis
1159 3809 1308 3874 mundare,
1318 3809 1441 3864 cortinas
1451 3809 1632 3881 suspendere,
1658 3810 1725 3864 item
1740 3811 1837 3880 peracta

216 3912 290 3962 cum,
300 3895 486 3966 adqucmnon
496 3895 620 3964 mittunt,
631 3897 767 3968 nisiligna
779 3899 867 3962 arida,
880 3906 909 3956 ct
922 3901 956 3955 de
972 3901 1013 3954 in·
1054 3899 1215 3954 celebritate
1226 3900 1346 3965 auterre,
1358 3901 1472 3972 plicare,
1484 3905 1568 3971 atque
1583 3900 1746 3963 recondere,
1757 3907 1782 3952 et
1790 3895 1837 3950 elia

215 3984 325 4039 dustria
335 3985 370 4038 ad
389 3983 443 4039 boc
453 3992 619 4056 praeparata.
1054 3989 1181 4060 quaedam
1206 3989 1329 4044 ecclesie
1340 3989 1482 4057 utensilia,
1498 3994 1582 4061 prout
1595 3987 1834 4044 sacristaevidetur.

252 4074 383 4140 'Frater,
409 4075 456 4145 qui
483 4073 601 4128 farinam
619 4077 783 4147 conspersit,
800 4083 947 4149 postquam
964 4095 1011 4131 ex·
1053 4077 1212 4148 providere.
1227 4077 1268 4132 lid
1280 4079 1439 4148 hujusmodi
1452 4083 1545 4133 autem
1566 4077 1717 4132 interiores
1727 4076 1836 4132 sacriste

216 4163 327 4236 peditus
335 4163 431 4226 suerit,
449 4163 483 4218 ad
503 4163 609 4218 hostias
625 4165 768 4235 eligendas
783 4167 899 4233 vacabit,
924 4167 965 4222 ita
981 4172 1012 4222 ut
1053 4167 1235 4237 adjutoresse
1246 4167 1477 4232 nonadmittunt,
1489 4168 1542 4222 nisi
1555 4168 1611 4221 tale
1637 4167 1705 4240 quid
1728 4165 1837 4220 habeant

216 4270 278 4325 quae
289 4271 320 4308 cn
330 4257 388 4308 toto
399 4259 466 4307 sunt
479 4253 605 4323 integrae,
620 4253 655 4307 ad
671 4255 820 4310 missarum
844 4255 1012 4311 celebratio·
1054 4257 1127 4327 quod
1142 4256 1202 4310 sine
1215 4273 1312 4311 eorum
1329 4258 1469 4328 adjutorio
1485 4257 1618 4329 perficere
1640 4259 1785 4328 nequeant.
1810 4253 1837 4306 ln

215 4359 278 4400 nem
288 4359 431 4410 seorsuvu3
461 4359 523 4413 quae
536 4342 744 4413 aliquantulum
759 4345 879 4411 rimosae,
898 4345 932 4400 ad
948 4347 1044 4406 olle-D
1055 4345 1184 4416 praedicto
1200 4363 1311 4417 quoquc
1325 4353 1453 4418 tempore
1467 4362 1521 4417 quo
1544 4347 1676 4400 lavantur
1693 4341 1837 4415 corporalia

214 4432 344 4497 rendum,
356 4438 542 4485 reserventur.
561 4431 589 4487 Si
605 4449 666 4502 quae
683 4439 779 4487 autem
797 4434 950 4500 diminutae,
968 4436 1011 4489 vel
1052 4434 1136 4489 iidem
1148 4435 1246 4489 famuli
1257 4435 1332 4489 linea
1351 4435 1483 4489 altarium
1496 4435 1633 4489 velamina
1649 4451 1713 4490 eum
1727 4433 1803 4498 albis,
1816 4429 1837 4483 si

214 4519 331 4583 ibidem,
359 4520 400 4574 vel
416 4519 536 4574 alinsad
555 4526 660 4576 terram
676 4522 790 4594 dilapsae
818 4524 1010 4594 inveniuntur,
1054 4541 1115 4594 quae
1133 4523 1403 4578 forteinhocanno
1427 4523 1642 4590 lavandaesunt,
1669 4524 1771 4583 lavant,
1796 4535 1838 4573 er·

214 4609 366 4679 diligenter
379 4609 510 4672 cellectae,
520 4613 646 4682 tempore
658 4627 712 4682 quo
725 4613 848 4668 saeristae
859 4613 1012 4668 11111111οη111-
1053 4614 1141 4685 ceptis
1155 4613 1199 4666 his
1215 4629 1278 4684 quse
1293 4613 1328 4666 ad
1345 4613 1478 4682 majorem
1495 4613 1608 4666 missam
1634 4619 1664 4666 et
1677 4613 1712 4665 ad
1727 4610 1838 4682 privatas

215 4698 294 4752 dario
309 4697 428 4762 videtur,
445 4697 480 4752 ad
503 4699 680 4754 relectorium
703 4700 866 4756 deierantur
879 4703 947 4757 etin
962 4719 1010 4758 co·
1051 4703 1151 4756 missas
1174 4706 1204 4755 et
1220 4701 1387 4754 matutinam
1409 4701 1573 4771 pertinent,
1594 4717 1656 4772 quae
1680 4714 1787 4771 semper
1807 4694 1838 4750 ad

213 4787 299 4859 phino
314 4787 409 4858 alique
423 4787 458 4841 ad
470 4788 629 4858 fragmenta
645 4789 802 4844 mittantur.
814 4789 953 4863 (un.)Ipsi
964 4809 1011 4846 au·
1052 4791 1171 4862 primam
1182 4789 1355 4844 Dominicam
1365 4790 1508 4844 Adventus
1522 4789 1633 4845 Domini
1649 4795 1679 4843 et
1690 4789 1840 4854 Quadrage·

215 4883 271 4932 tem
283 4877 439 4932 hostiarum
454 4877 573 4948 operarii
589 4895 622 4933 eo
638 4878 683 4932 die
698 4895 754 4934 non
781 4895 845 4934 cum
871 4887 1011 4937 conventu
1051 4879 1836 4950 sitnmlotaeessedebent·,insuperquotiescunqueopus
1911 4871 1915 4884 “

214 4967 374 5034 comedunt,
387 4967 435 5021 sed
450 4983 512 5022 cum
528 4967 718 5033 servitoribus,
729 4969 817 5039 (rar.)
834 4975 862 5024 et
871 4987 921 5042 pro
932 4975 1011 5026 bento
1052 4968 1280 5024 sucritlavandae.
1295 4967 1472 5038 Munutergia
1481 4973 1610 5021 autemst
1619 4966 1674 5020 alia
1684 4963 1837 5038 hujusmodi

213 5053 309 5112 labore
322 5057 427 5112 babent
441 5056 476 5111 de
490 5057 634 5111 cellerario
651 5055 808 5128 pitantiam.
1052 5073 1108 5112 non
1123 5058 1213 5112 solum
1228 5058 1258 5111 in
1271 5057 1323 5111 hoc
1330 5062 1566 5128 temperaturum
1575 5055 1835 5127 etiamquandocuu·

482 5147 599 5201 CAPUT
616 5145 742 5202 xxxin.
1052 5164 1106 5220 que
1120 5145 1273 5202 necessitas
1288 5145 1433 5216 anaginna
1455 5145 1560 5200 eisdem
1574 5145 1686 5200 laniulis
1701 5146 1830 5199 lavantur.

252 5239 287 5292 lle
301 5237 493 5306 corporalibus
506 5238 561 5289 siec
573 5237 639 5290 aliis
653 5237 815 5305 lvivjusmedi
822 5236 958 5292 lavandis.

248 5325 335 5396 (aar.)
345 5324 507 5398 corporalia
515 5323 601 5395 1139),
609 5325 720 5397 quando
732 5326 849 5381 lavanda
861 5334 936 5394 sunt,
953 5344 1009 5382 non

249 5449 318 5522 1139)
331 5450 481 5522 Corporale
488 5450 655 5505 estlinteum
659 5492 668 5520 ,
679 5451 788 5520 quodin
798 5452 881 5506 altari
888 5455 1009 5507 sustinet
1086 5450 1160 5520 (lid)
1170 5453 1306 5518 levigare,
1320 5451 1415 5522 polire.
1437 5451 1534 5518 Maipa
1548 5449 1764 5504 instrumentum
1776 5443 1837 5499 levi-

211 5523 331 5578 hostiam
341 5529 370 5576 et
380 5522 494 5577 calicem
505 5521 571 5576 dum
583 5522 742 5577 celebratur
756 5523 850 5580 missu.
866 5524 1009 5581 VideBer·
1049 5523 1145 5595 gandi,
1162 5523 1235 5593 quod
1255 5524 1341 5578 etiam
1362 5522 1614 5593 complanatorium
1631 5521 1740 5575 dieitur.
1760 5519 1833 5570 Jncn.

212 5593 293 5653 nard.
309 5593 377 5648 Ord.
393 5593 474 5650 Cluu.
487 5601 559 5671 part.
576 5607 595 5646 1.
612 5609 635 5648 c.
652 5591 697 5649 bl.
1050 5598 1155 5650 deleri.
1172 5594 1267 5648 Germ.
1279 5597 1384 5662 depleri.
