3872 6162
214 241 284 300 1047
735 249 763 310 S.
785 249 984 310 GUILLELMI
1002 253 1154 312 tBBATlS
1175 254 1343 318 ulusaua.
1767 249 1825 311 1048

213 373 351 442 quantum
362 373 475 444 propter
485 370 546 438 hoc,
558 371 581 426 si
592 372 667 443 quod
677 375 807 446 nequiter
819 382 1008 447 perpetratur,
1018 381 1163 440 Aniendi:
1179 385 1295 453 propter
1303 380 1366 444 hoc,
1378 382 1410 435 ut
1421 378 1524 436 iterum
1534 377 1705 434 verberetur.
1712 375 1796 434 Potuit
1803 385 1828 434 ct

213 459 388 530 negligenter
397 463 426 513 ot
435 458 631 531 absqucdigna
639 461 1009 521 emendationedimittatur.
1053 470 1109 525 tale
1122 469 1190 540 quid
1205 475 1264 524 tam
1283 473 1537 540 praesumptuosum
1559 468 1588 523 in
1612 467 1754 539 prasentia
1763 467 1828 539 loqui

214 547 320 603 Idcirco
346 547 370 600 si
385 547 448 619 quis
463 547 497 602 de
512 547 607 620 aliquo
633 548 740 620 flagitio
767 551 835 606 toris
859 553 1011 609 claustrum
1053 557 1149 613 domni
1164 557 1286 624 abbatis,
1309 558 1353 612 vel
1374 557 1460 612 etiam
1484 555 1598 630 prioris,
1623 561 1655 611 ut
1670 556 1829 627 propterhoc

213 635 362 692 commisso
377 635 574 706 divulgaturin
585 638 1012 714 populainpraesentiaquoque
1029 689 1041 724 ·.
1054 647 1139 701 etiam
1155 661 1211 702 non
1227 646 1320 702 minus
1337 647 1434 704 tabula
1458 646 1644 718 percutiatur,
1666 645 1729 701 item
1747 645 1830 718 praci-

212 723 308 796 populi
322 725 394 780 solet
407 724 561 790 emendari,
577 731 610 780 ut
620 727 739 798 quiejus
754 743 897 784 excessum
908 747 1011 802 cogno·
1052 736 1147 810 pionte
1161 736 1264 792 domno
1288 735 1400 792 abbate,
1420 735 1455 791 In
1475 735 1641 808 hujusmodi
1659 751 1722 806 ergo
1743 751 1793 789 non
1804 752 1830 790 m

211 813 313 878 verint,
341 818 511 886 cognoscant
530 811 615 870 etiam
634 816 870 873 emendationem.
895 819 1011 875 Cunctis
1053 823 1102 878 sed
1113 824 1172 879 solo
1182 825 1296 879 nomine
1307 825 1453 892 monacho,
1464 839 1520 879 non
1528 823 1600 878 ordo
1609 821 1764 886 servandus,
1774 837 1830 890 non,

213 902 300 967 enim,
315 901 363 973 qui
375 902 468 958 videre
479 903 620 959 voluerint
632 904 836 973 videntibus,et
849 909 971 964 maxime
981 909 1011 964 in
1052 912 1161 969 abbatis
1172 912 1388 981 commiseratio,
1400 929 1455 967 non
1470 913 1616 968 scniomm
1630 911 1777 983 compassio
1792 911 1832 964 ad·

213 991 306 1046 media
319 992 413 1063 platea
427 993 554 1062 ejusdcm
571 993 633 1058 loci,
646 993 675 1048 in
689 1009 743 1065 quo
760 997 940 1052 commissum
957 1003 1009 1064 est,
1052 1001 1175 1057 hibenda
1188 1021 1194 1070 3
1211 1001 1259 1056 sed
1278 1002 1431 1074 corporalis
1443 1000 1581 1056 districtio
1597 999 1695 1056 tandiu
1709 1004 1748 1054 est
1760 1017 1831 1071 erag-

212 1081 347 1147 nudatur,
373 1079 487 1151 ligatur,
511 1089 540 1136 ct
558 1081 732 1137 verberatur.
753 1085 788 1138 Et
810 1085 937 1155 quamvis
959 1087 1013 1141 hoc
1052 1092 1187 1162 geronda,
1204 1108 1349 1163 quousque
1365 1092 1417 1146 hoc
1432 1091 1590 1146 voluntarie
1610 1091 1701 1144 lacere
1722 1090 1830 1160 incipiat,

212 1168 452 1224 districtissimum
476 1186 566 1241 genus
587 1172 770 1242 correptionis
789 1179 818 1229 et
841 1171 1012 1230 contusionis
1053 1180 1128 1253 quod
1142 1187 1366 1252 presumptuosa
1378 1181 1456 1254 prius
1470 1179 1615 1234 induratio
1630 1194 1685 1233 non
1697 1176 1832 1231 sinebas

213 1257 261 1325 sit,
276 1262 374 1330 postea
387 1263 483 1314 amon
498 1259 527 1314 in
547 1259 693 1332 principali
709 1260 768 1316 loco
790 1263 912 1334 graviori
925 1266 1013 1336 culpe
1054 1269 1117 1340 quis
1128 1270 1320 1324 autcmlrater
1335 1269 1504 1342 priorcmrel
1515 1268 1625 1323 modice
1635 1265 1830 1332 conturbaverit,

212 1345 377 1418 subiacebit·
1054 1374 1117 1412 mox
1133 1374 1196 1412 cum
1212 1359 1293 1413 venia
1306 1359 1452 1414 satisfacit.
1473 1357 1548 1412 Talis
1570 1362 1665 1429 potest
1682 1371 1739 1409 csse
1754 1370 1832 1408 excas·

249 1437 287 1490 At
296 1435 320 1490 si
334 1435 416 1508 culpe
434 1451 487 1491 sua
501 1452 557 1492 non
573 1442 615 1493 est
627 1438 661 1494 de
671 1439 846 1510 gravioribus
856 1441 948 1509 malis,
963 1443 1013 1497 sed
1053 1463 1101 1501 sus
1127 1446 1223 1501 fratris
1248 1447 1277 1500 in
1301 1447 1429 1511 fratrem,
1445 1463 1495 1518 pro
1517 1461 1574 1517 quo
1598 1449 1708 1499 tantum
1723 1444 1800 1513 signis
1811 1444 1832 1498 ci

214 1523 297 1591 sorte,
312 1531 345 1578 ut
360 1540 423 1579 cum
439 1525 534 1596 aliquo
549 1527 733 1583 inhonestein
743 1530 888 1584 audientia
898 1531 1014 1603 popula·
1053 1552 1133 1590 suam
1145 1535 1261 1590 inducar
1274 1537 1488 1608 paenitudinem.
1504 1537 1541 1590 At
1554 1533 1580 1590 si
1592 1533 1651 1588 tale
1664 1532 1728 1604 quid
1743 1532 1769 1585 in
1781 1548 1833 1585 ean·

214 1613 287 1668 rium
302 1614 493 1682 contenderit;
503 1631 554 1685 pro
568 1616 739 1685 hujusmodi,
757 1620 938 1674 cumvenerit
953 1620 1012 1675 dies
1055 1629 1140 1680 ventu
1152 1625 1228 1691 iacit,
1243 1625 1319 1679 unde
1338 1625 1407 1678 alios
1427 1622 1612 1679 scandalizari
1625 1621 1770 1692 cognoscit,
1784 1637 1833 1690 pro

213 1701 369 1770 Dominica,
385 1702 427 1757 vel
439 1702 495 1757 alia
507 1703 652 1772 festivitas,
669 1722 731 1776 quse
743 1706 869 1773 feriatur,
886 1709 1014 1780 populari
1024 1691 1047 1751 Β
1058 1719 1121 1786 pter
1135 1714 1188 1768 hoc
1202 1713 1232 1768 in
1250 1713 1372 1786 capitulo
1386 1713 1495 1768 veniam
1511 1712 1585 1784 petit
1605 1719 1713 1782 sponte,
1728 1709 1834 1780 alioquin

213 1797 352 1847 conventu
377 1791 515 1846 celebrius
537 1793 573 1846 ad
595 1794 709 1848 initium
733 1795 825 1852 missa
840 1798 1014 1852 matutinalis
1054 1802 1222 1858 inclamatus
1236 1801 1399 1857 districtiori
1413 1801 1569 1873 subjacebit
1585 1797 1738 1854 sententia.

213 1885 407 1949 concurrente,
423 1881 458 1935 ad
472 1881 617 1936 ecclesiam
641 1889 698 1939 stat
718 1884 778 1957 ipse
800 1887 883 1940 nudis
898 1887 1015 1958 pedibus
1369 1892 1486 1947 CAPUT
1503 1892 1538 1946 X.

213 1986 301 2041 prope
316 1970 391 2024 sores
405 1970 536 2034 ecclesiae,
547 1978 576 2026 et
585 1987 673 2027 uuum
692 1973 814 2029 codicem
829 1976 1015 2045 grandiuscu-
1057 1983 1091 2037 Dc
1104 1983 1194 2050 fratre
1208 1985 1258 2050 qui
1271 1987 1421 2050 spontesua
1430 1982 1462 2035 dc
1471 1981 1642 2035 monasterio
1655 1977 1793 2048 egreditur,
1802 1977 1833 2028 ret

213 2058 273 2112 lum
285 2063 362 2112 tenet
373 2058 403 2112 in
416 2075 511 2114 manu.
523 2060 668 2132 (lupellum
683 2079 748 2118 vero
758 2065 925 2124 noninduit.
936 2071 969 2120 ut
977 2063 1012 2119 ab
1370 2055 1529 2122 traicitur·
1793 2134 1799 2144 ·
1817 2133 1822 2144 ¹

215 2145 346 2201 omnibus
367 2149 481 2216 agnosci
503 2148 601 2220 possit.
617 2151 732 2205 Nemini
751 2153 876 2223 loquitur
896 2153 1014 2208 intranti
1088 2141 1162 2212 (uo.)
1176 2141 1284 2204 Mer,
1309 2157 1394 2212 super
1416 2157 1471 2212 quo
1492 2141 1520 2195 S·
1546 2139 1714 2194 Benedictus
1728 2139 1833 2208 Pfflffllli

136 2269 137 2272 =
214 2235 258 2290 vel
272 2233 394 2289 exeunti.
412 2235 491 2291 Unus
514 2237 588 2292 enim
612 2238 734 2294 famulus
757 2257 868 2312 semper
880 2249 923 2297 est
933 2244 1015 2314 juxta
1057 2229 1137 2297 (Reda
1152 2228 1196 2292 28»
1214 2231 1250 2296 7¹·
1267 2237 1299 2286 1¹2
1313 2229 1400 2285 abbas
1419 2235 1516 2284 ulatur
1538 2229 1616 2283 serm
1634 2224 1833 2289 abscisssiffltisrt

215 2323 305 2389 illurn,
328 2324 376 2394 qui
397 2323 472 2379 dicat
486 2325 725 2398 interrogantibus
739 2335 855 2400 propter
869 2331 936 2401 quid
950 2331 1015 2386 tatis
1055 2318 1209 2374 camerario
1234 2319 1263 2373 in
1286 2319 1449 2374 vestiarium
1465 2319 1567 2374 ductus
1586 2316 1738 2388 habituque
1754 2327 1833 2367 mona-

215 2412 241 2466 ei
256 2411 420 2483 penitentia
445 2413 483 2466 sit
507 2413 621 2470 indicta.
646 2417 719 2471 Nam
742 2435 800 2472 nou
823 2419 929 2474 recedit
950 2421 1015 2475 inde
1056 2407 1135 2462 chiffl
1149 2414 1258 2476 Ullius,
1275 2425 1307 2463 ³⁰
1321 2407 1505 2474 vestimentis,
1522 2424 1586 2478 (111ae
1608 2406 1668 2478 ipse
1692 2403 1786 2466 attulit,
1799 2401 1831 2454 tel

218 2516 366 2572 quousque
380 2501 467 2556 missa
477 2503 602 2558 finiatur.
1057 2497 1119 2552 aliis
1132 2497 1269 2552 similibus
1283 2498 1399 2554 indutus
1412 2498 1571 2570 projicitur.
1592 2496 1733 2566 Projectus
1753 2497 1832 2545 autem

518 2591 636 2649 CAPUT
654 2593 717 2650 VII.
1056 2586 1113 2642 sive
1127 2603 1256 2658 egressus
1279 2587 1392 2659 proprio
1414 2585 1483 2642 vitio
1498 2588 1533 2642 de
1554 2583 1733 2648 monasterio,
1748 2588 1787 2635 ter
1798 2585 1832 2634 cst

411 2681 523 2735 licbcltis
532 2683 664 2749 quomodo
675 2687 818 2740 tractetur.
1056 2677 1244 2748 recipiendus,
1260 2683 1446 2749 receptusque
1460 2677 1484 2731 si
1499 2681 1578 2732 caret
1597 2674 1693 2730 habitu
1707 2669 1832 2725 monachi·

254 2768 320 2840 (uu.)
334 2769 415 2835 Quod
434 2769 458 2824 si
480 2769 543 2841 quis
557 2769 719 2827 inobediens
738 2778 767 2828 et
789 2773 902 2829 rebellis
921 2775 1015 2848 aliquo
1056 2781 1099 2834 ⁰⁰,
1115 2766 1145 2820 5¹1
1158 2765 1393 2838 ³¹⁰⁰ffl0⁸y¹¹³rist3
1408 2766 1452 2820 ⁸5¹¹
1467 2770 1574 2830 aulem,
1588 2756 1831 2829 5¹1d⁰¹¹¹⁰h⁰⁵iiiflli

216 2857 300 2912 modo
315 2858 442 2913 fueritin
454 2859 586 2930 capitulo,
609 2861 713 2916 tratres
736 2879 769 2917 ex
791 2879 869 2918 more
887 2879 944 2919 non
966 2881 1016 2919 ex·
1056 2855 1210 2908 servandus
1233 2870 1322 2926 usque
1344 2855 1375 2909 in
1398 2854 1482 2920 diem,
1500 2870 1557 2926 qua
1574 2847 1776 2924 ⁰⁰1¹8l⁰8⁰fi⁰¹¹i
1798 2851 1833 2898 θεῖ

214 2949 804 3022 spectant,utprecipiaturcomprebendi,
821 2953 1015 3024 sedipsiultro
1056 2941 1246 2998 associandus·
1272 2944 1325 3008 Qui
1350 2944 1373 2998 si
1396 2943 1499 2998 iterum
1519 2941 1706 3015 persuadente
1728 2934 1831 3032 diabolo,

215 3037 349 3093 contiuuo
363 3038 503 3094 irruentes
527 3040 777 3109 comprehendunt,
792 3045 821 3096 et
834 3042 952 3096 inritum
967 3007 1044 3096 eac
1056 3037 1207 3102 antequam
1222 3031 1252 3088 in
1267 3032 1422 3088 claustrum
1439 3033 1593 3104 recipiatur
1601 3029 1739 3087 discedere
1752 3025 1802 3125 ruit
1813 3039 1833 3076 st

215 3126 346 3198 spoliant,
362 3132 392 3182 et
407 3128 431 3183 si
446 3127 556 3183 videtur
575 3129 672 3200 priori,
692 3129 758 3184 licet
779 3137 864 3185 antea
883 3130 1014 3186 verbera.
1055 3119 1200 3192 improbus
1214 3121 1411 3192 incorrigibilis
1424 3120 1666 3181 sit.dimittendus
1678 3123 1734 3184 est3
1746 3131 1767 3169 ει
1779 3127 1831 3210 vero

212 3221 285 3284 tum,
299 3215 382 3288 jubet
393 3216 497 3272 acriter
519 3217 604 3288 virgis
623 3218 691 3273 cedi
706 3238 712 3288 ;
726 3218 843 3291 insuper
856 3236 968 3291 quoque
983 3221 1012 3276 in
1053 3210 1198 3280 Pt0b³t11¹2
1214 3215 1244 3266 et
1256 3211 1381 3276 utilis,in
1390 3212 1435 3265 vit
1449 3213 1492 3264 esi
1502 3209 1696 3272 destinendus,
1707 3205 1767 3277 quia
1777 3201 1830 3256 *³¹¹⁸

213 3303 305 3377 Bogas
322 3306 364 3361 vel
379 3305 408 3360 in
424 3322 564 3361 carcerem
579 3307 664 3374 mitti,
682 3309 755 3378 quod
771 3309 945 3364 cousuetudo
957 3326 1012 3364 non
1054 3299 1150 3366 etiam.
1165 3300 1189 3356 Si
1204 3300 1317 3371 fugerit·
1337 3299 1547 3372 136ῑῖ8ίί118ΰᾶῦὸ
1562 3307 1616 3366 est·
1640 3302 1669 3353 ei
1689 3291 1829 3366 willemus·

213 3393 389 3460 contradicit,
407 3393 494 3447 etiam
512 3395 536 3447 si
557 3394 677 3449 domnus
691 3393 779 3449 abbas
792 3395 821 3450 in
842 3397 1013 3452 monasterio
1090 3391 1130 3444 Ea
1142 3405 1207 3444 V0r⁰
1222 3390 1277 3455 die,
1293 3407 1348 3461 qua
1366 3389 1589 3444 issifflduoendllss
1613 3392 1657 3442 est
1677 3380 1795 3439 ⁰⁵f¹ffl¹¹⁸
1807 3381 1829 3431 ⁰²

212 3481 260 3536 sit.
277 3480 332 3535 Sed
345 3480 370 3535 si
384 3481 595 3536 intereundum
619 3482 655 3536 ad
677 3498 816 3538 carcerem
830 3483 953 3554 aliquam
967 3479 1013 3540 ‘re-
1054 3478 1225 3533 camcrarius
1235 3495 1286 3550 pro
1301 3494 1334 3532 eo
1343 3477 1496 3532 mittuntur
1509 3495 1526 3532 a
1539 3471 1829 3549 capitularthhisergo

212 3567 363 3623 bellionem
376 3569 508 3636 ostendit,
524 3571 700 3625 solummodo
719 3587 783 3626 eum
800 3571 883 3628 minis
894 3579 1012 3630 terrent.
1054 3566 1163 3622 duobus
1176 3567 1205 3621 iu
1221 3567 1361 3621 auditorio
1376 3567 1527 3638 hospitum.
1539 3567 1615 3620 sicut
1628 3580 1687 3619 mos
1700 3565 1748 3628 est,
1759 3558 1829 3612 denu-

214 3657 247 3712 ln
262 3672 403 3712 carcerem
417 3674 483 3712 vero
501 3658 644 3714 mittentes
651 3659 868 3731 priusautcrunt
879 3663 903 3716 ei
913 3663 1013 3734 cingu-
1053 3657 1146 3720 datur,
1163 3656 1234 3711 etin
1249 3656 1402 3728 capitulum
1417 3671 1482 3710 cum
1495 3655 1591 3726 virgis,
1606 3671 1669 3726 quae
1679 3643 1829 3707 ostiariusdc

213 3744 273 3800 lum
283 3760 346 3802 cum
357 3746 480 3801 cultello.
492 3746 534 3802 lbi
544 3748 670 3818 quandiu
677 3749 754 3820 jacet
763 3748 833 3803 nihil
847 3750 882 3804 de
893 3750 954 3806 cibo
970 3751 1013 3805 rel
1054 3747 1177 3817 capitulo
1198 3762 1292 3802 secum
1315 3745 1410 3800 attulit
1425 3744 1546 3800 ducitur.
1563 3741 1738 3801 Camerarius
1750 3741 1827 3791 autern

213 3838 396 3906 potugustat,
409 3834 546 3906 nisiquod
566 3835 686 3892 domnus
700 3836 1014 3904 abba‚vel,illoabsen-
1053 3835 1136 3890 affert
1160 3834 1186 3889 ei
1205 3835 1353 3900 cucullam,
1374 3835 1398 3890 si
1417 3850 1451 3889 ea
1469 3838 1556 3901 caret,
1578 3850 1632 3905 per
1653 3823 1827 3886 occidentalem

213 3927 252 3987 tc,
265 3922 343 3993 prior
350 3923 475 3994 jusserit.
483 3924 586 3980 carcer
596 3931 640 3980 est
651 3925 716 3981 talis
725 3926 754 3980 in
766 3943 850 3998 quem
863 3944 927 3983 cum
938 3929 1013 3984 scala
1054 3929 1162 3996 partem
1176 3923 1292 3978 claustri
1307 3922 1457 3990 transiens,
1469 3927 1499 3977 et
1507 3923 1676 3978 vestimenta
1686 3917 1763 3980 illius,
1778 3925 1827 3982 11¹¹ae

212 4011 402 4080 descenditur,
417 4029 469 4069 nec
484 4015 597 4080 ostium,
619 4031 671 4070 nec
684 4015 837 4071 fenestram
851 4016 944 4073 habet.
1053 4013 1214 4082 tuncexuit,
1226 4029 1277 4084 per
1287 4013 1414 4067 eamdem
1425 4013 1497 4067 viam
1509 4011 1659 4068 rediensin
1668 4002 1826 4064 auditorium,

508 4103 626 4160 CAPUT
643 4105 720 4163 Vlll.
1054 4103 1129 4175 quod
1139 4107 1181 4157 est
1194 4102 1223 4156 in
1237 4102 1360 4156 claustro
1377 4107 1492 4173 portat:
1509 4101 1577 4172 quia
1589 4099 1720 4156 iratribus
1736 4089 1827 4163 capitu·

545 4195 679 4262 Hellopia.
1052 4192 1112 4246 lum
1135 4190 1308 4257 tenentibus,
1333 4190 1403 4245 nulli
1426 4195 1528 4262 preater
1551 4191 1629 4246 hunc
1649 4185 1760 4244 transire
1772 4177 1826 4232 illuc

244 4281 368 4352 (duilio
382 4279 455 4354 (122)
473 4281 557 4353 Bagis
568 4299 738 4355 quocunque
752 4288 819 4338 sunt
831 4283 959 4355 quedam
974 4285 1012 4340 le·
1052 4281 1127 4336 licet.
1144 4280 1238 4335 Finita
1259 4295 1324 4334 vero
1345 4280 1487 4335 sententia
1508 4279 1619 4334 abbatis
1640 4291 1720 4350 super
1733 4268 1824 4330 eodem

209 4369 311 4436 riores,
330 4369 432 4441 quibus
445 4369 571 4425 inclusus
584 4370 613 4425 in
628 4371 794 4426 dormitorio
809 4372 923 4438 dormit,
937 4377 966 4426 ct
976 4374 1011 4428 ad
1023 4363 1167 4441 Djubetur
1184 4369 1213 4423 in
1235 4369 1334 4424 ultimo
1353 4369 1461 4424 sedere.
1477 4369 1585 4424 abbate
1604 4373 1698 4424 autem
1717 4359 1824 4452 absentas

211 4458 418 4529 processionem
434 4475 490 4514 non
506 4459 605 4526 deerit,
623 4465 653 4514 et
666 4459 781 4532 insuper
791 4461 821 4516 in
833 4467 914 4516 nocte
929 4461 1012 4517 later·
1052 4475 1108 4513 non
1123 4458 1256 4530 recipitur
1271 4475 1287 4512 a
1301 4458 1404 4529 priore,
1420 4458 1474 4512 nisi
1489 4463 1613 4513 remotus
1626 4459 1662 4513 sit
1674 4453 1765 4509 itinere
1782 4449 1825 4498 tn·

210 4560 278 4599 nam
292 4545 536 4616 portatQuaedam
551 4564 616 4602 vero
625 4548 777 4619 graviores,
785 4549 827 4602 ita
842 4553 875 4602 ut
887 4548 1011 4605 inclusus
1052 4548 1110 4603 dui.
1126 4547 1204 4602 Time
1218 4547 1335 4618 recipiet
1348 4547 1437 4612 illum,
1455 4547 1504 4602 sed
1527 4547 1646 4612 nudum,
1661 4541 1775 4599 iudicans
1794 4545 1823 4591 et.

210 4633 408 4688 dormitorium
421 4636 572 4691 ascendere
585 4636 757 4701 convaleat,
775 4637 825 4692 sed
838 4636 868 4693 iu
883 4637 1012 4694 infirma·
1052 4637 1120 4708 quia
1130 4635 1268 4706 judicium
1282 4641 1368 4692 tanta
1382 4653 1460 4692 noxa
1469 4637 1574 4691 domno
1588 4634 1681 4691 abbati
1690 4635 1823 4686 exmnsuc·

211 4720 332 4777 riarum
348 4722 477 4778 custodia
493 4724 626 4780 dormiat.
1050 4723 1149 4779 tudine
1170 4724 1208 4778 sit
1230 4725 1438 4779 reservandum.
1452 4725 1507 4780 Pro
1526 4741 1582 4796 quo
1605 4730 1697 4778 tamen
1710 4716 1740 4772 ad
1753 4707 1823 4784 pedes

514 4815 631 4870 CAPUT
657 4813 707 4870 Ill.
1052 4814 1112 4885 ejus
1136 4828 1192 4867 non
1217 4813 1300 4867 venit.
1318 4813 1437 4868 Praetato
1463 4817 1559 4868 autern
1584 4813 1676 4886 priore
1699 4801 1822 4862 redeunte.

291 4901 327 4956 lie
340 4917 369 4956 co
383 4904 433 4971 qai
446 4903 603 4958 inobediens
618 4907 655 4958 cst
669 4909 748 4959 cetra
762 4905 928 4973 capitulam.
1051 4903 1126 4957 idem
1140 4903 1170 4956 in
1184 4900 1341 4956 infirmaria
1349 4901 1458 4974 jugiter
1468 4909 1605 4969 moratur,
1616 4905 1778 4966 summopere
1786 4900 1822 4939 0⁸·

246 4987 315 5061 (uu.)
328 4989 409 5055 Quod
423 4990 448 5045 si
458 4989 765 5047 inobedientiamsuum
777 4992 845 5047 toris
854 4992 1010 5065 capitulum
1052 5008 1128 5058 vens,
1146 5007 1182 5046 ne
1198 4996 1335 5062 appareat
1348 4991 1508 5062 conspectui
1531 4991 1608 5046 illius
1630 4989 1682 5046 nisi
1696 4985 1728 5040 ab
1741 4995 1769 5034 eo
1780 4989 1822 5044 al·

209 5079 305 5150 aliquo
325 5079 409 5134 modo
430 5081 636 5147 monstraverit,
660 5081 755 5135 statim
768 5081 886 5152 jubente
907 5082 1010 5137 domno
1051 5081 1182 5152 peilatus.
1200 5079 1318 5144 Quando
1331 5085 1427 5134 autem
1443 5080 1560 5150 jubetur
1578 5081 1607 5135 in
1630 5073 1767 5150 capitulum
1783 5077 1821 5115 tt·

208 5167 313 5224 abbate
325 5167 424 5224 tabula
435 5169 607 5240 percutitur3
625 5169 701 5241 quod
721 5179 766 5224 est
784 5169 897 5240 signum
908 5185 1010 5226 conve·
1050 5171 1122 5236 nire,
1131 5170 1301 5224 stamineum
1316 5169 1377 5238 ejus
1391 5169 1420 5223 ia
1434 5169 1574 5225 auditorio
1589 5186 1606 5224 a
1620 5170 1707 5242 priore
1716 5165 1820 5216 etcamc·

247 5308 319 5380 (itt)
333 5313 376 5368 Al.
407 5313 468 5369 cod.
488 5328 542 5382 pro
565 5312 666 5384 Rogas.
691 5311 889 5382 bobetBoijas‚
908 5313 1004 5376 idest,
1046 5312 1150 5366 liarum
1167 5328 1255 5383 regno
1278 5311 1375 5365 mitior
1398 5311 1472 5366 lacta
1494 5312 1531 5366 sit
1554 5311 1630 5366 delia
1650 5303 1819 5385 nentiumloe'

207 5384 352 5449 compsam,
377 5385 499 5437 vincula.
530 5385 632 5438 carcer
657 5383 728 5437 adeo
757 5383 845 5438 durus
870 5382 1006 5453 Stephani
1047 5399 1093 5438 na.
1109 5383 1150 5437 De
1165 5399 1221 5456 quo
1234 5381 1299 5438 ride
1313 5381 1410 5454 Steph,
1426 5381 1533 5438 Ealuzii
1546 5389 1606 5440 not
1621 5327 1656 5437 ai
1675 5379 1750 5448 capti·
1764 5379 1817 5440 9⁰8·

206 5451 329 5524 archiep.
350 5453 482 5509 Tolosaui
497 5455 707 5511 miserationem
722 5453 870 5524 permovit,
886 5459 918 5508 ut
931 5470 1006 5508 anno
1048 5451 1127 5512 1088.

208 5518 285 5588 1³50,
302 5523 348 5580 dio
362 5523 408 5582 27.
424 5526 552 5583 ianuarii
564 5528 647 5599 jussu
667 5524 741 5595 regis
756 5525 785 5578 in
799 5525 931 5580 universo
942 5525 1007 5579 Gal-
