4046 6186
281 331 356 391 1615
740 353 743 361 ι
945 317 1071 377 nortui
1090 315 1258 376 uulscort
1851 321 1923 382 {616

279 453 485 524 vobiascujus
497 449 573 522 pacis
587 452 616 504 st
627 446 733 504 Paulus
743 441 873 500 meminit
883 439 1060 499 adllobreos
1071 439 1200 502 :Asarit
1213 441 1390 515 ludepostee
1404 459 1500 500 rerum
1516 443 1694 517 cupiditates,
1704 445 1846 502 bonorum
1855 444 1922 502 libi·

282 545 407 600 rPacem
417 537 569 612 sequimini
582 553 647 592 cum
661 533 800 590 omnibus.
820 554 832 584 s
1116 529 1206 594 dines,
1217 531 1411 588 contentiones
1436 536 1466 588 et
1484 532 1591 605 jurgia,
1617 532 1813 607 bellorumque
1827 540 1921 590 certa·

314 631 441 702 Denique
456 625 587 699 exigenti,
605 624 727 696 qualiter
749 623 822 677 hanc
847 637 944 693 pecem
965 619 1077 690 justitie
1116 618 1194 674 mina
1210 619 1383 691 prodierunt,
1392 638 1454 694 qua
1467 623 1565 694 utiquc
1577 623 1716 678 malorum
1731 623 1793 679 lues
1809 623 1919 696 expiari

277 720 446 787 incisurum
456 733 529 779 eam,
537 715 610 770 sicut
617 712 791 784 prelibatum
805 716 857 777 est,
874 709 996 765 muudus
1006 725 1074 764 con·
1115 723 1261 779 uunquam
1276 709 1388 781 poterit,
1403 710 1458 765 nisi
1469 711 1622 784 aliquando
1632 711 1805 768 inhumanis
1821 717 1919 784 pecto-

277 808 364 874 ciliet,
377 805 489 879 justitia
501 820 566 859 vcro
581 801 731 857 virtutibus
744 799 875 871 applicet,
884 797 953 853 setis
962 797 1076 853 dabitur
1115 795 1193 852 ribus
1207 797 1261 852 hac
1272 797 1475 854 rescintillante
1485 799 1598 870 justitia
1622 801 1659 855 ad
1683 800 1849 872 quamdam,
1865 800 1918 855 etsi

277 897 308 954 in
321 897 397 953 bunc
410 894 544 961 modum;
564 889 639 963 quod
662 888 791 944 videlicet
805 887 947 958 Justitiem
962 886 1074 942 hicnon
1113 885 1919 961 nonintegram‚reteriscommunitatisgratiemredeatur

277 995 337 1044 tarn
351 984 474 1040 divinam
486 987 536 1038 aut
549 979 692 1053 politicam
700 993 785 1050 quam
797 976 955 1032 naturalem
963 981 1074 1047 oportet
1114 983 1147 1029 ut
1156 979 1234 1047 puta,
1244 974 1296 1046 [ut,
1307 975 1366 1048 qui]
1386 975 1493 1032 inimici
1505 981 1588 1033 eraut
1601 977 1637 1033 ad
1651 977 1782 1048 invicem,
1802 977 1853 1050 qni
1871 995 1917 1034 re-

277 1074 409 1146 intelligi,
425 1089 486 1145 que
496 1066 672 1126 alionomina
686 1063 804 1138 nequitae
815 1064 986 1120 nominatur.
1008 1064 1074 1119 lieo
1114 1061 1210 1131 belles,
1222 1063 1271 1137 qui
1278 1063 1382 1132 hostes,
1393 1065 1443 1136 qui
1450 1065 1520 1121 nihil
1529 1082 1654 1139 unquam
1664 1067 1700 1122 de
1713 1065 1838 1123 terrenis
1853 1082 1917 1122 con·

278 1180 376 1220 omnes
385 1161 515 1218 homines
527 1174 561 1214 ex
574 1173 631 1212 uno
646 1159 764 1228 parente
784 1159 866 1210 natos
885 1168 1011 1218 cernens,
1032 1153 1072 1208 eis
1113 1151 1236 1208 corditer
1246 1153 1430 1225 possederunt
1440 1155 1501 1225 jam
1516 1155 1726 1227 subpullulante
1739 1154 1771 1210 iu
1784 1155 1828 1210 eis
1836 1159 1917 1210 natu·

276 1253 353 1311 velut
366 1249 509 1325 germanis
522 1246 649 1304 omnium
669 1260 765 1300 rerum
786 1259 869 1299 usum
893 1258 1071 1298 communem
1112 1239 1180 1294 ralis
1190 1241 1308 1312 justitie
1321 1243 1454 1314 equitate
1477 1243 1616 1299 misceant
1635 1243 1757 1310 animos,
1776 1243 1916 1300 amicitias

275 1341 387 1410 statuit,
398 1353 577 1396 communem
592 1332 744 1408 quamdam
758 1331 874 1388 domum
887 1331 1019 1387 omnibus
1029 1331 1074 1388 his
1114 1334 1144 1383 et
1151 1328 1304 1386 affinitates
1316 1331 1449 1404 jungant,
1465 1332 1594 1404 quemvis
1603 1333 1735 1405 alloquiis
1744 1337 1775 1388 et
1787 1331 1915 1388 mor-ibus

275 1431 430 1488 decernens
437 1425 536 1484 mundi
547 1425 632 1496 huius
643 1419 877 1494 speciosissimam
885 1419 1071 1488 mansionem,
1112 1433 1169 1474 nou
1183 1417 1320 1490 incipiant
1333 1419 1529 1478 communibus
1540 1421 1636 1494 potiri.

275 1519 311 1578 de
325 1536 382 1593 qus
399 1517 537 1590 prophete
548 1512 693 1584 loquitur:
710 1529 722 1562 ι
740 1508 861 1565 Olerael
876 1525 960 1581 quam
969 1525 1072 1580 magna
1149 1506 1222 1562 Huic
1237 1513 1317 1564 tanto
1326 1508 1410 1578 bono,
1419 1509 1495 1582 quod
1504 1509 1758 1582 natur-elisiustitis
1767 1515 1912 1583 operatur,

274 1616 320 1668 est
334 1609 435 1665 domus
449 1603 561 1662 Domini
594 1605 623 1656 et
653 1598 753 1670 ingens
779 1598 858 1654 locus
888 1597 1074 1670 possessionis
1113 1595 1237 1652 uilaliud
1246 1597 1359 1669 dignius
1369 1614 1454 1670 quem
1465 1599 1651 1671 nomenpscis
1660 1599 1915 1672 aptabimus,dum.

274 1699 353 1772 ainsi
373 1696 503 1766 »Magna
518 1689 613 1758 nimis,
630 1688 691 1743 sine
717 1684 813 1748 dubio.
829 1691 873 1742 est
885 1686 987 1742 domus
1005 1687 1070 1755 ista
1113 1684 1196 1740 modo
1207 1683 1252 1740 hic
1265 1701 1323 1741 non
1348 1702 1447 1758 pscem
1470 1687 1638 1755 Jerusalem,
1652 1689 1738 1760 qnod.
1758 1687 1835 1744 dont
1853 1693 1913 1744 tre·

272 1803 334 1861 que
348 1784 449 1841 diuites
463 1781 548 1838 simul
562 1783 591 1834 et
602 1792 749 1850 pauperes,
766 1773 873 1831 nobiles
885 1791 949 1831 cum
964 1776 1071 1847 ignobi·
1081 1787 1102 1849 g
1111 1773 1244 1828 ctandum
1258 1779 1356 1843 restet,
1372 1775 1527 1848 majoribus
1539 1776 1661 1832 exsultet
1673 1775 1795 1844 meritis,
1804 1777 1856 1832 sed
1866 1794 1914 1848 ps·

270 1876 354 1943 libus,
363 1889 445 1932 senes
457 1887 522 1927 cum
534 1865 694 1940 junioribus
702 1864 765 1920 sinn
775 1864 1071 1937 capacissimocolliglt
1110 1877 1181 1923 cem.
1192 1861 1432 1936 dequactspimus
1450 1881 1544 1937 egere,
1553 1880 1650 1938 pacem
1667 1865 1774 1920 scilicet
1788 1865 1912 1937 Babylo·

271 1970 301 2022 ⁰⁸
314 1961 465 2020 fflnssluffit·
1109 1950 1333 2022 nierepuremns
1346 1959 1541 2010 memoratam.
1557 1953 1723 2026 Quanquam
1738 1953 1795 2008 dici
1805 1954 1909 2019 valeat,

305 2053 396 2119 Quam
411 2051 543 2106 decorum
554 2044 641 2101 habet
650 2043 710 2099 baec
724 2041 825 2096 domus
839 2040 1065 2110 fundamentum,
1108 2037 1587 2114 divinumquodsmmodoJ'ustitism
1597 2059 1695 2114 pacem
1707 2041 1909 2115 Babylonicum

267 2149 351 2200 term
365 2139 464 2210 utique
477 2133 666 2207 superficiem,
683 2129 819 2196 candidis,
835 2129 994 2202 purpureis,
1014 2146 1066 2186 au·
1107 2128 1228 2198 operari,
1241 2129 1265 2184 si
1278 2130 1418 2197 advertas,
1431 2147 1529 2187 omnes
1540 2131 1669 2187 homines
1679 2131 1809 2205 ejusdem
1820 2147 1910 2203 gene-

265 2231 332 2296 rals,
347 2225 483 2301 puniceis,
493 2229 522 2280 et
530 2222 651 2308 aliorum
665 2219 742 2275 mille
756 2217 881 2274 colorum
896 2216 1012 2274 floribus
1023 2219 1065 2274 lo·
1105 2215 1216 2273 risesse
1229 2234 1287 2273 non
1298 2223 1409 2275 mutum
1423 2236 1474 2292 per
1483 2219 1685 2292 carnislegem‚
1696 2221 1746 2276 sed
1759 2221 1848 2276 etism
1857 2236 1908 2292 per

265 2317 400 2376 ricataml
415 2314 506 2380 Quam
530 2308 752 2384 pulcherrimum
771 2305 856 2362 habet
868 2309 985 2372 tectum,
1001 2306 1064 2362 coeli
1105 2305 1157 2360 Dei
1180 2306 1407 2363 similitudinem.
1428 2309 1549 2380 «Ipsius
1572 2307 1657 2376 enim,
1676 2309 1771 2382 inquit
1789 2311 1906 2375 Aratus,

264 2403 489 2468 scilicetiaciem,
499 2400 646 2456 stellarum
660 2395 753 2452 choris
771 2395 848 2450 velut
855 2393 1007 2466 gemmatis
1021 2395 1063 2450 la·
1092 2392 1193 2465 'ipsius
1204 2399 1233 2450 et
1245 2411 1335 2467 genus
1348 2397 1635 2470 sumustlenueergo
1646 2415 1709 2454 curn
1717 2398 1879 2464 umusllei,
1893 2417 1906 2450 n

263 2495 389 2571 qusariis
403 2488 610 2563 obfulgentem!
621 2487 655 2542 ln
664 2485 719 2540 hac
728 2484 811 2540 domo
817 2487 925 2554 quanta
933 2499 967 2538 ex
981 2484 1064 2540 arbu-
1104 2487 1133 2537 et
1146 2483 1321 2540 nobilissima
1334 2484 1385 2541 Dei
1394 2485 1519 2557 imagine
1533 2501 1631 2542 omnes
1646 2487 1753 2559 pariter
1766 2487 1908 2558 exemple-

263 2586 315 2644 stis
325 2577 546 2642 etioutibuscibi
555 2585 693 2648 potusque
703 2572 1060 2644 habenturpromptuarial
1103 2587 1177 2638 mur,
1195 2573 1243 2644 qni
1256 2579 1337 2628 tanta
1352 2574 1469 2630 unimur
1481 2574 1676 2638 similitudine,
1687 2575 1766 2631 nulls
1777 2591 1907 2646 unquam

263 2679 375 2749 quante
389 2688 423 2727 cx
437 2667 506 2741 ipsis
530 2670 559 2720 et
582 2662 699 2718 floribus
714 2665 743 2716 et
756 2659 850 2715 herbis
865 2659 1061 2716 odoraminum
1103 2665 1201 2714 contra
1215 2661 1335 2718 invicem
1347 2661 1513 2719 deberemus
1528 2663 1646 2720 rixantis
1655 2663 1743 2720 animi
1757 2664 1907 2720 dissimili.

260 2757 480 2837 myrrhothecae!
503 2756 537 2811 ln
560 2754 613 2808 lrsc
626 2751 710 2806 domo
732 2765 783 2820 per
800 2754 912 2822 nqctem
930 2748 1062 2821 splendor
1101 2747 1201 2803 tudine
1211 2748 1334 2817 obviare,
1344 2750 1583 2822 quemadmodum
1591 2757 1620 2806 ct
1630 2768 1695 2808 sves
1713 2753 1844 2824 ejusdem
1854 2769 1907 2824 ge.

259 2854 336 2911 lunas
349 2867 401 2925 pro
415 2849 530 2905 lucerna
544 2847 597 2908 cst,
622 2845 651 2896 et
664 2855 715 2911 per
740 2837 815 2893 diem
829 2838 906 2892 calor
923 2838 990 2893 solis
1008 2854 1059 2910 pro
1100 2835 1177 2892 neris
1191 2836 1290 2893 amice
1303 2836 1356 2892 sibi
1370 2847 1445 2906 sunt,
1459 2839 1570 2896 hostilis
1583 2839 1659 2895 inter
1678 2857 1709 2896 sc
1724 2841 1783 2896 odii
1797 2841 1906 2896 discor.

258 2941 475 3016 hypocaumate,
489 2933 538 2989 illc
549 2925 832 2991 videlicetaestuurio,
851 2925 925 2996 quod
940 2924 1058 2981 hiberno
1099 2923 1174 2980 diam
1188 2927 1378 2982 nescientes«
1393 2927 1525 2983 volatilia
1541 2947 1554 2982 s
1571 2929 1738 2996 euim‚sicut
1755 2928 1904 2984 Prorerbii

257 3037 386 3102 tempore
401 3019 599 3082 anhelantibus
618 3014 776 3072 consuescit
789 3012 902 3085 ignibus
916 3015 1055 3085 vaporari.
1098 3013 1236 3084 scriptum
1249 3015 1382 3086 vulgarit,
1401 3033 1413 3067 s
1429 3015 1466 3071 ad
1480 3016 1642 3072 similiasibi
1654 3018 1864 3077 conveniunt„

258 3121 291 3178 ln
304 3119 358 3174 hac
369 3117 454 3172 domo
467 3127 518 3184 pro
528 3105 699 3165 lectulistori
713 3102 1055 3174 sternunturgreminum,
1068 3101 1091 3162 t}
1135 3101 1216 3167 Quod
1229 3103 1253 3158 si
1267 3103 1320 3158 tibi
1334 3120 1385 3176 per
1398 3105 1449 3160 has
1460 3105 1584 3162 rationes
1590 3103 1693 3179 [hand]
1704 3107 1830 3164 atim„
1837 3126 1904 3181 pff.

257 3215 286 3266 et
295 3223 346 3281 pro
352 3200 566 3262 vernacularum
574 3192 715 3266 obsequiis
721 3195 908 3264 spontaneum
916 3190 1057 3247 clemente
1096 3206 1222 3255 suasum,
1237 3208 1333 3264 pacem
1348 3193 1421 3249 hanc
1435 3209 1486 3265 per
1497 3194 1638 3264 justitiam
1651 3193 1734 3262 effici,
1746 3211 1835 3268 super
1848 3197 1904 3254 1100

256 3299 380 3354 offerunt
397 3289 575 3348 famulatum.
1098 3279 1197 3354 saltem
1213 3287 1381 3351 argumenta
1392 3281 1567 3337 satisfaciant
1582 3282 1807 3354 scripturarum,
1827 3285 1904 3342 Dicit

291 3385 338 3443 Sic
362 3387 458 3440 sutem
481 3378 581 3434 demus
601 3373 656 3430 ists
678 3368 836 3427 communis
854 3373 898 3424 est
915 3367 1053 3431 omuibus.
1098 3366 1173 3422 enim
1182 3369 1383 3440 prophetarum
1393 3369 1582 3426 nobilissimus
1601 3389 1607 3426 :
1625 3389 1640 3424 s
1655 3369 1719 3427 Erit
1733 3389 1807 3444 opus
1818 3375 1903 3446 jusfi-

255 3477 330 3534 sicut
337 3474 482 3544 ingressus
488 3470 517 3522 et
524 3479 654 3536 egressus
669 3459 704 3516 ab
718 3457 949 3532 ipseindillcrens
963 3455 1055 3512 omni·
1096 3455 1249 3528 depasce
1258 3458 1351 3514 cultus
1360 3458 1479 3529 justitiae
1488 3458 1642 3514 silentium.
1657 3483 1667 3508 2
1681 3460 1715 3516 Et
1726 3461 1901 3528 Dffld’cum

255 3565 308 3622 bus
321 3559 478 3623 exhibetur,
494 3549 733 3626 quemadmodum
748 3545 867 3617 Sapiens
888 3545 1057 3601 monstravit
1096 3543 1131 3600 dc
1145 3546 1287 3602 nascituro
1296 3546 1358 3601 coeli
1373 3547 1449 3619 Rege
1463 3547 1562 3603 londes
1579 3550 1901 3620 proponeretdieturus

254 3653 351 3710 dicens
368 3659 405 3703 :s
420 3648 488 3702 Sum
503 3641 616 3714 quidem
630 3643 659 3693 et
670 3653 723 3708 ego
733 3634 860 3690 mortalis
874 3635 968 3700 homo,
979 3634 1057 3690 simi·
1097 3632 1132 3688 de
1142 3650 1209 3705 pace
1220 3651 1304 3706 quam
1320 3635 1349 3691 in
1359 3637 1481 3692 adventu
1496 3637 1557 3708 ejus
1574 3637 1697 3692 mundus
1716 3638 1825 3696 habere
1839 3658 1899 3696 me-

254 3741 291 3798 lis
304 3736 444 3800 omnibus,
458 3749 491 3788 ex
505 3744 609 3802 genere
624 3733 738 3780 terreno
756 3723 841 3786 illius,
858 3723 907 3793 qui
922 3723 999 3794 prior·
1013 3723 1056 3778 fa·
1097 3722 1164 3791 ruit,
1175 3722 1210 3778 de
1221 3723 1333 3794 justitia
1342 3725 1419 3780 velut
1439 3725 1501 3796 ejus
1522 3741 1605 3780 cause
1621 3731 1689 3781 ante
1702 3729 1842 3799 premisit
1852 3731 1898 3785 di·

255 3834 317 3887 ctus
331 3830 385 3892 est,
399 3829 427 3879 et
438 3821 468 3876 in
486 3823 583 3879 ventre
604 3813 702 3869 matris
725 3813 863 3883 figuratus
890 3827 953 3866 sum
969 3827 1053 3880 cero;
1096 3827 1162 3866 cens
1177 3831 1210 3868 :s
1229 3811 1344 3867 Orietur
1356 3812 1386 3867 in
1400 3812 1499 3868 diebus
1509 3813 1570 3884 ejus
1592 3814 1713 3884 justitie.
1730 3817 1832 3873 »Dein
1851 3835 1898 3874 se·

254 3919 353 3976 decem
375 3909 516 3970 mensium
540 3914 666 3977 tempore
681 3899 847 3974 coagulatus
866 3916 929 3956 sum
943 3900 973 3955 in
988 3917 1055 3956 san·
1096 3899 1193 3970 quitur
1208 3917 1214 3953 :
1232 3899 1478 3955 «Etabundantia
1491 3899 1577 3973 pacis.
1594 3904 1692 3958 sltem
1704 3903 1792 3960 alibi:
1808 3906 1896 3962 siue-

253 4007 341 4082 guine
350 4020 383 4060 ex
394 3993 644 4059 seminabominis‚
659 3994 689 4047 et
702 4006 754 4062 ego
768 3994 852 4045 natus
865 3989 960 4061 accepi
973 4005 1052 4044 com-
1094 3985 1157 4043 titia
1175 3992 1203 4043 ct
1217 4003 1271 4059 pax
1283 3987 1435 4060 complexe
1447 3995 1515 4044 eunt
1526 4005 1567 4045 se,
1580 4007 1594 4045 ,

254 4109 370 4154 munem
384 4104 489 4151 aerem,
500 4090 529 4142 et
539 4084 569 4140 in
578 4081 709 4138 similiter
721 4079 826 4134 iactam
835 4077 926 4134 decidi
932 4086 1048 4146 terram,

255 4192 285 4244 et
298 4183 417 4258 primam
430 4191 526 4232 vocem
540 4171 660 4228 similem
673 4167 803 4225 omnibus
817 4165 899 4222 emisi
919 4167 1046 4238 plorans,

253 4277 343 4332 Nemo
357 4269 433 4326 enim
448 4283 482 4322 ex
493 4261 607 4334 regibus
626 4257 703 4314 aliud
717 4255 817 4312 habuit
831 4254 986 4312 nativitatis
999 4255 1051 4310 ini·
1126 4253 1298 4310 Humanitas
1307 4260 1413 4323 numm,
1424 4255 1716 4328 quahascliabylonire
1731 4261 1891 4330 pax-mur,

252 4364 333 4422 tium.
350 4361 430 4416 Unus
455 4369 522 4426 ergo
545 4348 678 4406 introitus
699 4351 743 4402 est
757 4345 793 4400 ed
807 4344 893 4399 vitam
908 4349 937 4399 et
950 4343 1081 4427 similis„
1093 4342 1221 4416 quaedam
1230 4344 1419 4400 humanarum
1429 4344 1628 4400 necessitatum
1634 4345 1893 4407 collatirssnbren-

1091 4130 1155 4186 Ges.
1171 4130 1219 4185 lx.
1239 4159 1271 4172 -
1291 4131 1401 4199 (laesit
1412 4131 1583 4196 humanitas,
1597 4147 1694 4202 paoem
1706 4137 1795 4192 utam
1804 4139 1891 4194 abiu.

253 4452 355 4511 exitus.
369 4469 381 4500 ι
397 4443 473 4504 Nudi
491 4440 566 4498 enim
592 4453 690 4494 ornnes
712 4433 864 4500 nascimur,
884 4431 953 4489 nudi
966 4433 1051 4488 mori·
1093 4433 1132 4491 tio
1142 4439 1194 4502 est,
1207 4450 1263 4506 qua
1277 4433 1387 4489 diuersa
1398 4433 1560 4490 montelium
1585 4433 1709 4490 conditio
1723 4437 1769 4490 rel
1783 4441 1892 4496 mutuis
1996 4443 1997 4468 ¹

254 4519 1051 4608 mur;nullainteroadaveradivitumpauperumquedis·
1090 4527 1190 4599 adjuta
1200 4524 1352 4595 suffragiis,
1367 4523 1411 4578 rel
1419 4522 1536 4580 eltcmis
1544 4527 1703 4579 sustentata
1711 4529 1891 4584 commertiis

253 4625 416 4696 cretio,nisi
429 4619 504 4694 quod
519 4617 591 4673 rorte
608 4614 698 4670 dirius
712 4613 802 4668 latent
824 4627 922 4667 eorum
932 4627 1051 4684 corpora
1090 4616 1237 4672 retinetur.
1247 4612 1326 4679 Quod
1335 4613 1493 4669 autemtale
1502 4617 1555 4668 est.
1566 4612 1893 4674 blilitesarmistueneur

252 4733 339 4792 quam
350 4715 479 4771 limium·
1088 4705 1220 4770 rusticos,
1235 4703 1333 4759 rustici
1344 4701 1476 4776 operibus
1488 4701 1607 4774 agrariis
1616 4701 1693 4758 cibos
1704 4705 1826 4760 student
1838 4709 1894 4763 mi·

290 4803 370 4870 Quod
381 4817 446 4856 vero
459 4792 618 4854 istiusmodi
642 4790 780 4847 naturalis
794 4788 906 4860 justitia
918 4788 1048 4846 omnibus
1088 4793 1184 4850 litibus
1196 4792 1349 4866 providere.
1366 4789 1438 4846 ltem
1453 4807 1516 4846 cum
1528 4805 1648 4862 regnum
1661 4789 1732 4846 illud
1746 4791 1890 4866 frugibus,

253 4883 627 4953 omnialeceritcommnnia,
638 4898 671 4938 ox
685 4881 734 4936 illo
745 4879 830 4934 verbo
843 4877 1047 4934 desumendum
1089 4882 1142 4938 hcc
1156 4881 1345 4939 odoramentis
1359 4879 1499 4952 indigeat;
1519 4895 1583 4936 cum
1593 4877 1736 4951 provincia
1760 4879 1811 4937 ills
1827 4899 1893 4939 me.

252 4989 304 5051 est,
320 4998 377 5056 quo
388 4977 501 5040 dicitur,
512 4969 745 5030 communicantis
762 4966 900 5023 bonasus
916 4981 979 5022 cum
993 4983 1046 5023 cte·
1087 4970 1173 5034 tellis,
1184 4969 1376 5036 haectexturis;
1385 4984 1449 5024 cum
1456 4967 1535 5040 remo
1553 4967 1602 5022 ills
1621 4967 1715 5040 lignis,
1733 4967 1794 5026 hac
1809 4987 1892 5027 mar-

250 5075 321 5136 teris
339 5072 370 5129 in
384 5067 518 5127 seculum
543 5061 636 5119 saeculi
658 5074 824 5132 permanere
840 5074 845 5111 :
864 5078 877 5106 ι
897 5055 1045 5129 Dispersit,
1086 5057 1212 5114 moribus
1221 5056 1776 5131 egestsicquepersliamillcnsgenm
1787 5077 1891 5118 mmm

249 5165 330 5225 dedit
346 5155 527 5237 pauperibus,
541 5149 653 5224 justitia
675 5149 736 5219 ejus
762 5150 859 5202 manet
871 5145 900 5202 in
912 5145 1045 5202 secutum
1085 5148 1210 5204 humens
1218 5146 1374 5203 mortalitas
1385 5145 1505 5202 uicissim
1517 5144 1570 5202 sibi
1582 5161 1652 5218 opus
1666 5144 1771 5202 lrabeat
1779 5148 1892 5206 subeo.

247 5254 352 5314 muti.
366 5271 380 5305 s
396 5247 468 5306 Item
482 5262 517 5301 ex
530 5239 652 5314 quodam
666 5235 816 5292 Proverblo
832 5251 840 5290 ε
857 5253 871 5288 a
885 5233 943 5291 lter
948 5236 1044 5306 justus
1085 5237 1155 5301 nire,
1171 5237 1306 5310 processit
1318 5235 1489 5301 humanitas,
1506 5251 1562 5306 qua
1580 5235 1642 5305 J'em
1664 5231 1693 5288 in
1703 5249 1774 5305 paee
1788 5235 1890 5310 fflby.

247 5343 333 5416 erigit
341 5347 456 5402 terrem,
476 5333 520 5390 Vir
533 5346 634 5387 avarus
648 5327 776 5383 demet
789 5340 888 5382 eam.»
906 5323 977 5380 Cum
992 5322 1044 5379 its·
1083 5325 1165 5382 lonire
1173 5324 1286 5380 soederis
1293 5324 1431 5381 alternam
1445 5321 1592 5397 penuriam
1616 5322 1726 5376 alterna
1739 5323 1824 5394 copia
1838 5325 1890 5384 hie

245 5448 301 5507 que
314 5419 632 5499 neojustittanaturelts
640 5416 778 5473 mundum
791 5415 883 5488 ipsum
892 5419 923 5469 et
934 5411 1037 5482 omnia,
1081 5414 1334 5487 permutationibus
1347 5416 1528 5478 sustentaret,
1548 5411 1608 5467 eine
1626 5409 1727 5482 quibus
1746 5427 1804 5482 pax
1826 5413 1888 5472 im

245 5537 308 5595 quse
322 5519 352 5575 in
366 5534 400 5573 es
412 5517 488 5581 sunt,
502 5507 644 5568 censuerit
657 5521 719 5562 esse
732 5503 901 5570 communia,
918 5501 1038 5556 avaritia
1078 5504 1206 5576 neglecta
1224 5503 1374 5572 decideret,
1390 5501 1627 5574 quemadmodum
1650 5499 1788 5555 connexio
1810 5502 1886 5577 lepi-

241 5605 422 5686 postmodum
434 5600 644 5680 possessionum
654 5597 723 5670 jura
735 5593 766 5651 in
780 5591 907 5666 singulos
919 5591 1035 5664 dispen·
1077 5589 1145 5648 dum
1158 5590 1189 5648 in
1202 5590 1319 5648 adiflcm
1339 5591 1470 5663 formato,
1492 5591 1524 5648 in
1537 5605 1593 5665 quo
1613 5588 1717 5648 doario
1736 5592 1883 5666 complexi
