3986 6184
708 713 729 776 ¹
753 673 1245 795 remiseremus

535 923 573 984 IN
598 921 721 986 VITAM
742 920 875 985 MAGNI
897 923 947 984 lib
970 923 1152 984 GLORlosl
1173 924 1399 986 LANFltANcl

697 1098 969 1147 cnuuunuiutlsmu
989 1099 1233 1146 Ancuiurlscorl.

178 1317 320 1383 Quoniam
340 1337 358 1374 a
379 1319 507 1392 pluribus
530 1321 667 1402 quaeritur
688 1321 754 1377 Vita
775 1321 1121 1385 venerabilisAhouorem
1132 1323 1183 1380 Dei
1191 1328 1220 1379 et
1229 1323 1384 1380 utilitatem
1395 1322 1565 1396 legentium,
1582 1329 1668 1395 atque
1685 1326 1718 1378 ut
1733 1337 1784 1378 uo·

141 1407 294 1462 hnfrnnci
314 1407 537 1465 Dorobernensis
563 1411 777 1484 archipraesulis,
801 1429 853 1468 nec
866 1411 946 1468 inve·
985 1413 1086 1480 verint,
1103 1413 1150 1484 qui
1169 1413 1240 1468 scire
1255 1413 1362 1480 volunt,
1377 1413 1441 1484 quis
1453 1413 1496 1468 vel
1506 1413 1580 1468 unde
1593 1411 1687 1476 tuerit,
1700 1425 1786 1482 quarn

141 1497 228 1564 nitur,
245 1495 324 1552 volui
348 1498 384 1552 de
406 1514 439 1553 eo
464 1499 570 1571 aliquid
592 1499 715 1556 scribere
735 1517 786 1574 pro
805 1501 944 1557 tenuitate
985 1501 1095 1558 vivendi
1116 1501 1322 1558 iustitutionem
1345 1501 1484 1570 habuerit,
1502 1501 1642 1575 quomodo
1663 1500 1699 1556 ad
1719 1498 1786 1554 reli-

142 1585 249 1656 ingenii
264 1586 333 1654 mei,
352 1603 388 1642 ne
403 1587 518 1643 omnino
529 1589 601 1644 tanti
615 1589 668 1645 viri
682 1589 817 1645 memoria
832 1589 944 1645 silentio
984 1591 1108 1663 monem,
1126 1607 1159 1646 ac
1172 1591 1273 1647 delnde
1287 1591 1323 1646 ad
1333 1590 1486 1654 abbatiam.
1497 1597 1527 1647 et
1540 1595 1637 1663 postea
1647 1589 1683 1646 ad
1697 1587 1787 1646 archi·

139 1674 281 1730 deleatur.
292 1675 371 1748 Opus
381 1675 530 1748 siquidem,
546 1682 579 1733 nt
588 1677 657 1733 mihi
671 1677 790 1746 videtur,
807 1679 945 1735 hactenus
986 1681 1176 1753 episcopatum
1189 1680 1304 1747 venerit,
1318 1696 1368 1735 seu
1382 1680 1503 1752 qualiter
1512 1680 1677 1736 dehaoluce
1684 1677 1788 1750 migra·

139 1763 357 1832 intermissum,
374 1781 456 1820 rarus
471 1766 573 1839 quippe
587 1767 622 1822 de
636 1783 669 1822 eo
680 1767 787 1840 aliquid
800 1768 945 1840 scripsisse
961 1837 963 1840 Ι
985 1769 1068 1826 verit.
1093 1770 1126 1824 Et
1141 1768 1176 1825 de
1202 1767 1247 1824 his
1265 1768 1378 1841 quidem
1398 1785 1455 1824 non
1473 1768 1569 1824 omnia
1587 1785 1649 1840 quae
1668 1766 1787 1822 dicenda

138 1851 297 1923 reperitur.
310 1851 432 1924 Propter
446 1853 521 1924 quod
535 1854 564 1908 in
578 1854 644 1910 Vita
659 1855 733 1910 beati
747 1856 839 1912 Patris
854 1857 945 1912 nostri
985 1858 1079 1914 locent
1096 1857 1194 1913 audire
1208 1857 1297 1930 potui.
1312 1859 1371 1913 Nec
1382 1857 1530 1930 quisquam
1545 1857 1613 1912 mihi
1623 1871 1787 1912 succensere

139 1940 274 1996 Herluini
284 1942 313 2010 ι’)
327 1941 493 1997 venerabilis
507 1941 754 1999 westmonasterii
764 1943 850 2000 abbas
858 1943 947 2001 Gisle·
986 1946 1070 2004 debet
1081 1947 1156 2019 quod
1174 1946 1323 2019 imperitus
1341 1963 1472 2002 sermone
1492 1951 1522 2002 et
1535 1945 1652 2001 scientia
1665 1943 1785 2016 aggredi

138 2029 250 2095 bertus,
269 2031 353 2102 quasi
373 2047 407 2084 ex
438 2030 584 2087 occasione
611 2032 733 2088 inseruit
754 2038 890 2106 quantum
910 2034 946 2089 ad
986 2036 1136 2092 materiam
1160 2041 1220 2090 tam
1243 2035 1359 2106 dignam
1375 2051 1461 2091 ausus
1485 2035 1596 2101 luerim,
1613 2034 1680 2107 quia
1694 2033 1788 2106 potius

138 2119 293 2174 historiam
303 2120 446 2192 pertinere
452 2119 541 2175 risum
549 2119 612 2189 fuit,
624 2138 685 2193 quae
694 2121 795 2178 exinde
801 2127 943 2192 mutuans,
985 2124 1051 2180 duxi
1063 2125 1260 2198 quoquomodo
1274 2125 1395 2181 dicerem
1411 2115 1694 2198 quamnullus.Quod
1703 2121 1728 2177 si
1742 2121 1788 2178 cui

139 2208 210 2264 stin
223 2197 505 2264 hanc'narrationem
514 2209 696 2280 transferens,
711 2211 801 2283 adjeci
816 2211 946 2284 qualibet
986 2213 1128 2270 rusticitas
1152 2213 1219 2286 styli
1241 2220 1270 2269 et
1287 2213 1410 2269 incultus
1432 2225 1525 2268 sermo
1549 2211 1733 2285 displicuerit,
1757 2216 1785 2266 et

139 2297 271 2352 invenire
279 2298 370 2369 potui,
380 2297 438 2354 sive
449 2315 535 2370 quaea
545 2299 791 2356 venerabilibusac
801 2300 946 2356 veracibus
986 2305 1113 2360 ornatius
1127 2302 1227 2358 cadem
1245 2302 1337 2358 dIcere
1356 2302 1641 2374 volueritprecorne,
1652 2301 1788 2356 mumado

139 2387 210 2441 siris
218 2385 393 2442 audivi.lloc
406 2395 501 2443 autem
511 2388 574 2444 ideo
584 2388 675 2444 facere
684 2373 796 2458 studui,
802 2395 836 2445 ut
847 2391 946 2462 lquau·
988 2392 1171 2460 verba,tollat
1180 2391 1221 2446 rei
1234 2397 1321 2464 gesta
1335 2391 1517 2462 sententiam,
1533 2391 1588 2448 nisi
1598 2391 1671 2448 forte
1680 2389 1788 2462 aliquid

139 2481 204 2530 tum
228 2477 259 2531 iu
273 2492 321 2532 me
335 2475 401 2546 fuit)
416 2493 473 2533 non
491 2477 593 2534 lateret
608 2477 656 2550 qui
670 2477 733 2534 aliis
748 2479 948 2551 proponendus
988 2481 1081 2538 inesse
1095 2479 1235 2554 repererit
1248 2479 1388 2538 salsitatis.

137 2563 175 2619 ed
194 2563 371 2620 imitandum
389 2564 471 2634 soret,
493 2565 543 2621 sed
562 2571 645 2622 notus
664 2566 795 2623 omnibus
814 2567 895 2623 lieret
913 2567 948 2623 ad

619 2744 800 2822 INCIPIT
826 2745 961 2824 VITA,
987 2751 1028 2824 B.
1060 2747 1319 2825 LAFRANCI.

403 2951 521 3008 caruT
534 2950 687 3008 PRIMUM.
953 2954 1018 3016 Bin
1031 2952 1234 3009 Normanniem
1244 2951 1380 3028 pervenit,
1390 2955 1419 3007 et
1428 2951 1458 3007 in
1469 2950 1663 3007 abrincatensi
1672 2953 1791 3020 (loron-

174 3044 202 3096 l.
218 3041 288 3097 Fuit
303 3040 470 3114 quidamvir
480 3057 608 3114 magnus,
624 3039 706 3097 Italia
721 3045 800 3096 ortus
817 3039 947 3114 (mquam
986 3041 1054 3113 cher)
1070 3041 1181 3098 ciuitate
1191 3043 1364 3108 demoratus,
1373 3056 1424 3112 per
1432 3039 1546 3112 aliquod
1556 3044 1668 3111 tempus
1677 3039 1785 3102 docuit.

139 3130 285 3186 latinitas
299 3129 329 3186 in
341 3130 490 3202 antiquum
506 3129 629 3186 scientie
648 3135 753 3186 statum
767 3129 803 3184 ab
817 3147 850 3186 eo
862 3131 946 3186 resti·
987 3131 1174 3187 considerans
1196 3147 1262 3187 vero
1290 3127 1494 3186 scisnb'ssimos
1507 3128 1549 3183 vir
1576 3129 1650 3199 quod
1675 3134 1790 3202 captare

137 3225 204 3276 tuta
218 3225 293 3286 tota,
312 3236 475 3292 supremum
490 3219 585 3275 debito
604 3236 669 3274 cum
683 3235 779 3275 amore
794 3224 823 3274 et
840 3220 947 3276 honore
988 3219 1149 3276 mortalium
1164 3237 1263 3276 auram
1277 3220 1387 3275 sanitas
1402 3223 1454 3286 est,
1472 3221 1501 3273 et
1519 3217 1588 3290 qnia
1605 3218 1642 3272 ad
1655 3233 1712 3274 non
1726 3235 1789 3276 esse

137 3310 273 3380 quescit
286 3309 466 3382 magistrum,
478 3308 592 3364 nornine
601 3308 785 3364 Lauicaucns.
802 3310 867 3381 Ipsa
880 3325 947 3381 quo-
988 3309 1110 3365 teudunt
1123 3309 1226 3377 ornnia,
1245 3314 1347 3382 praeter
1361 3323 1426 3363 eum
1440 3307 1489 3379 qui
1509 3306 1575 3362 fecit
1596 3306 1727 3364 universa
1741 3309 1790 3381 qui

136 3399 234 3470 quein
243 3397 685 3470 liberabilibusstudiismagistm
694 3398 822 3470 gentium
830 3397 947 3464 Gracia,
989 3415 1101 3470 semper
1114 3404 1167 3466 eat,
1180 3403 1209 3454 et
1222 3399 1270 3470 qui
1282 3398 1308 3454 ei
1322 3396 1482 3462 intendunt,
1491 3396 1719 3453 adobtinendum
1730 3400 1791 3471 ejus

134 3487 300 3560 discipulos
318 3487 394 3544 illius
409 3487 531 3543 libenter
551 3487 685 3544 audiebat
696 3492 726 3542 et
743 3487 946 3544 admirabatur.
989 3503 1115 3544 amorem
1126 3487 1254 3544 animum
1272 3486 1409 3544 convertit
1424 3492 1452 3542 et
1461 3485 1599 3542 studium.
1613 3486 1695 3551 Quod
1703 3487 1794 3560 igitur

133 3579 190 3634 Hic
204 3577 299 3649 Papia
310 3576 423 3632 civitate
435 3576 572 3633 oriundus
583 3575 639 3632 suit
653 3575 696 3648 (³).
714 3578 848 3633 Parentes
863 3577 948 3644 illlus,
990 3577 1020 3632 in
1044 3576 1146 3632 litteris
1161 3577 1310 3650 perfectius
1334 3576 1442 3632 invenit
1460 3574 1560 3631 salutis
1579 3575 1739 3644 consilium,
1763 3583 1791 3633 et

133 3667 269 3738 ejusdem
285 3665 367 3722 urbis
378 3665 460 3729 cives,
478 3672 508 3732 ²
525 3665 622 3738 magni
637 3671 666 3721 et
680 3666 857 3722 honorabiles
868 3667 952 3722 habe-
991 3666 1121 3740 placendi
1134 3667 1202 3732 Deo,
1218 3666 1346 3738 arripere
1360 3665 1469 3734 statuit,
1484 3670 1518 3720 ut
1531 3665 1636 3721 relictis
1648 3665 1788 3733 omnibus,

131 3757 248 3812 buntur
260 3755 338 3810 iuter
353 3771 419 3811 suos
437 3755 572 3812 concives.
589 3756 674 3824 Nam,
696 3759 729 3812 ut
751 3756 851 3825 fertur,
866 3761 948 3828 pater
988 3755 1116 3812 abdicato
1130 3755 1216 3812 etiam
1228 3755 1273 3812 sui
1286 3755 1376 3828 ipsius
1384 3756 1460 3827 jure,
1473 3753 1553 3811 illum
1564 3760 1731 3827 sequeretur
1742 3755 1792 3829 qui

131 3847 202 3916 eius
221 3845 258 3900 de
277 3845 379 3901 ordine
396 3843 511 3901 illorum
531 3845 579 3917 qui
595 3845 663 3918 jura
680 3849 710 3901 et
732 3845 810 3918 leges
827 3844 948 3901 civitatis
987 3845 1790 3916 dixit:Siquisvultpostmeoenire,abna9etsemetipsum,

128 3933 328 3991 mabam
340 3933 395 3989 luit
414 3933 460 4004 (b).
475 3934 658 4002 Lautrencus,
674 3934 704 3990 in
719 3934 852 4007 primave
864 3938 947 3990 aetate
987 3935 1099 3990 attollat
1112 3949 1221 3988 crucam
1230 3949 1322 4001 mom,
1332 3932 1789 4007 etseqaolorme(llottlravrfflil.

129 4029 223 4096 pane
249 4021 379 4088 orbatus,
406 4019 511 4078 cumei
524 4023 554 4078 in
574 4023 712 4080 honorem
735 4029 764 4079 et
780 4023 948 4095 dignitatem
987 4023 1024 4078 Et
1043 4020 1111 4094 quia
1124 4026 1230 4094 quanto
1252 4037 1372 4094 magnus
1389 4021 1491 4089 fuerat,
1506 4026 1586 4078 tanto
1599 4020 1716 4095 optabat
1730 4022 1792 4078 lieri

125 4112 295 4168 succedere
311 4110 435 4179 deberet,
452 4111 551 4168 relicta
568 4111 690 4179 civitate,
706 4127 803 4168 amore
822 4112 948 4168 discendi
988 4109 1132 4178 humilior,
1141 4110 1235 4167 locum
1245 4110 1444 4168 adirenolebat
1455 4109 1502 4167 ubi
1509 4111 1627 4168 litterati
1635 4111 1791 4185 {versaren-

125 4203 176 4256 acl
190 4201 291 4258 studia
303 4201 464 4257 litterarum
477 4201 616 4274 perrexit3
632 4200 681 4257 ubi
691 4201 813 4275 plurimo
821 4205 949 4275 tempore
989 4199 1248 4273 tur.Eo.Psr.],qui
1257 4199 1791 4260 eumhonoriacrererentiahaberent.

123 4293 320 4357 denotem
329 4289 532 4346 omniscientis
541 4289 670 4346 seculari
681 4290 803 4363 perfecte
812 4278 979 4359 incurrat}
1024 4287 1052 4348 2.
1060 4290 1172 4346 interea
1182 4305 1245 4345 cum
1255 4290 1299 4345 ire
1308 4289 1613 4360 velletllothomagum,
1627 4288 1682 4345 iter
1690 4289 1793 4360 agebat
1908 4283 1911 4292 ’

121 4380 239 4437 rediit.
250 4379 362 4436 Deinde
372 4379 609 4451 patriaegressus,
619 4380 948 4452 etlllpestrauagressus,
989 4376 1411 4451 inclinatajamdiepersilram
1419 4377 1617 4434 ultrailuvium
1625 4376 1789 4451 Rislam('l);

119 4471 159 4524 in
187 4467 304 4524 Gallim
317 4467 395 4522 venit
408 4471 535 4541 tempore
549 4467 662 4526 Hsnrici
676 4468 751 4542 regis
765 4470 948 4538 Francorum,
990 4465 1089 4524 incidit
1102 4465 1134 4538 (⁴)
1147 4467 1178 4522 in
1192 4466 1317 4524 latrones
1331 4468 1379 4538 (8),
1398 4467 1456 4540 qul,
1477 4471 1579 4524 cuncta
1595 4483 1658 4540 quae
1671 4466 1793 4524 habebat

116 4571 159 4614 et
179 4556 309 4629 gloriosi
322 4555 403 4612 ducis
416 4558 645 4615 Normanuornm
658 4559 812 4627 Guillelmi,
828 4558 876 4631 qui
889 4561 948 4615 An·
989 4556 1128 4621 tollentes,
1146 4555 1358 4630 ligatisatergo
1370 4556 1512 4629 manibus,
1527 4561 1556 4613 et
1569 4557 1682 4630 caputio
1695 4571 1791 4631 cappae

111 4649 231 4722 gliam
247 4645 302 4702 sibi
315 4646 404 4703 armis
412 4645 533 4720 subegit.
543 4647 580 4704 Et
589 4647 783 4721 pertransiens
790 4648 948 4718 Franciam,
990 4648 1057 4701 ante
1074 4644 1170 4701 oculos
1189 4645 1313 4714 admoto,
1334 4646 1515 4703 abduxerunt
1535 4646 1616 4704 illum
1639 4647 1675 4703 ds
1692 4647 1749 4716 ria,
1763 4651 1793 4704 et

112 4734 332 4812 quamplures
345 4735 719 4806 magnipominiaecholares
727 4753 823 4793 secum
831 4736 948 4804 habens,
991 4735 1066 4792 iuter
1088 4735 1230 4792 condensa
1246 4737 1336 4794 saltus
1355 4736 1462 4794 mna
1484 4737 1662 4794 dimIsemnt.
1678 4736 1792 4796 Talibus

161 4877 220 4949 ι’ὅ)
234 4877 378 4934 Robertus
389 4877 425 4936 de
436 4877 532 4934 Monte
542 4877 573 4933 in
587 4878 726 4935 Chronico
735 4893 788 4935 ms.
800 4879 858 4936 bac
866 4878 951 4934 habet
990 4876 1087 4933 omnia
1107 4883 1210 4952 prater
1232 4883 1357 4936 veterem
1377 4879 1553 4953 chlamydem
1573 4879 1732 4937 abstulisse.
1752 4882 1793 4938 Ac

107 4953 158 5008 nd
192 4947 402 5008 annnmlbib
421 4967 428 5004 ε
446 4951 623 5018 lanfrancus
640 4952 672 5007 dc
685 4955 845 5006 sanatorem
860 4953 950 5020 Papia
989 4949 999 5005 i
1035 4948 1157 5004 evolens
1172 4949 1211 5005 eis
1232 4955 1261 5006 et
1284 4950 1461 5036 chlamydem
1485 4950 1638 5019 dimittere,
1665 4951 1792 5024 exemplo

107 5024 236 5080 nobili
249 5037 348 5091 qaaere
360 5027 453 5085 emtus,
471 5023 503 5075 in
512 5026 610 5091 septem
623 5023 787 5078 liberalibus
793 5023 950 5092 disciplinis
990 4965 1179 5104 lIIbertininde
1194 5035 1249 5104 quo
1264 5021 1416 5095 Gregonos
1429 5023 1549 5095 Magnus
1562 5021 1609 5078 lib.
1635 5035 1646 5078 1
1668 5023 1789 5095 Dialog,

105 5095 321 5152 mirabiliter
332 5095 469 5148 creditas.
992 5109 1016 5147 c.
1027 5090 1054 5158 2,
1069 5096 1102 5148 ut
1114 5091 1177 5161 sibi,
1192 5098 1267 5148 sicut
1284 5093 1427 5151 Libertina
1445 5094 1610 5167 contigerat,
1629 5095 1726 5151 omnia
1738 5095 1791 5152 mi·

154 5168 219 5236 (Ti
236 5162 628 5230 RislaNormanniaessurius,
644 5163 692 5238 qui
705 5179 792 5237 prope
803 5163 830 5220 S.
843 5164 950 5221 Ebrulfl
991 5163 1086 5220 raculo
1096 5163 1324 5235 restituerentur,
1339 5182 1404 5224 cum
1416 5170 1493 5223 recta
1509 5182 1567 5224 non
1581 5173 1655 5224 esset
1666 5168 1727 5239 ejus
1745 5166 1792 5222 in-

100 5236 353 5298 momerium
368 5240 462 5291 ortum
471 5233 566 5289 habet.
581 5235 662 5291 Unde
675 5235 814 5307 conjicere
823 5241 866 5291 est
876 5237 950 5292 Lan-
991 5234 1091 5301 tentio,
1114 5235 1288 5292 contrarium
1309 5238 1416 5307 evenit3
1437 5239 1562 5296 latroms
1577 5237 1679 5310 quippe
1697 5237 1790 5310 ipsum

100 5317 276 5370 mnam
290 5324 310 5362 a
320 5305 477 5364 latronibus
490 5323 503 5360 s
541 5306 641 5362 liatum
653 5307 741 5362 fuisse
753 5306 783 5363 in
799 5306 874 5363 Silva
887 5307 950 5364 Uti·
992 5306 1100 5363 nudum
1124 5306 1219 5364 arbori
1240 5308 1291 5364 uni
1315 5309 1476 5383 alligarunt,
1494 5316 1523 5366 et
1536 5309 1692 5366 scholarem
1705 5319 1790 5364 suum

98 5379 235 5442 ansi,
251 5395 287 5433 ru
321 5379 385 5434 olo
407 5322 625 5457 sorarIbone,
646 5394 708 5449 quae
737 5378 869 5450 predicto
893 5395 951 5434 mo-
991 5377 1083 5460 alteri.
1101 5377 1146 5434 Sic
1159 5378 1274 5435 relictum
1285 5380 1344 5438 Deo
1358 5381 1525 5454 promhitse
1539 5379 1633 5436 omnia
1645 5379 1792 5436 mundana

97 5449 273 5514 anterio
320 5449 367 5504 tici
389 5464 492 5504 noman
506 5447 592 5514 dedit,
612 5465 668 5521 qua
688 5450 890 5506 transeundum
907 5455 951 5507 est
991 5450 1184 5520 dimissurum,
1204 5449 1228 5506 si
1247 5450 1318 5508 liber
1345 5454 1485 5521 evaderet,
1500 5451 1651 5522 statimque
1671 5450 1790 5508 unculis

95 5523 241 5586 ando
252 5519 383 5576 abrincis
391 5519 609 5592 Rothomngum.
990 5521 1051 5593 ejus
1066 5519 1200 5578 divinitus
1206 5522 1315 5591 solutis,
1327 5525 1451 5582 sodalem
1462 5539 1545 5582 suum
1554 5521 1645 5592 solvit,
1653 5527 1683 5580 et
1693 5527 1789 5580 votum

147 5596 192 5663 β
199 5603 214 5658 j
243 5591 334 5648 Paulo
358 5591 442 5648 aliter
455 5608 517 5647 rem
532 5595 630 5648 narrat
641 5592 797 5664 chronogra
816 5591 869 5649 hus
884 5593 949 5651 Bec-
990 5608 1073 5650 suum
1087 5595 1162 5672 apud
1173 5595 1292 5656 Bscoum
1304 5596 1433 5674 explevit.

92 5663 404 5734 ‚massmannum
415 5661 557 5733 witebi
566 5663 653 5723 refert
661 5664 785 5724 latrones
866 5681 950 5725 ranco
