3872 6162
93 187 134 247 961
610 179 820 238 CONSTITUT.
841 177 1013 241 alesatio.
1034 211 1064 224 -·
1084 180 1154 238 LlB.
1174 181 1197 240 Ι.
1667 183 1719 242 9θῖ

14 311 15 348 ³
92 320 198 378 cturnae,
220 316 249 367 et
271 312 308 366 ad
325 309 455 366 ultimum
471 308 500 364 in
518 305 667 364 Matutinis
678 306 802 378 psalmos
814 320 877 359 cum
887 307 910 366 Α
920 305 1020 360 stando
1035 306 1078 361 rel
1095 307 1302 378 procumbendo
1317 308 1426 375 orandi,
1442 308 1556 364 interim
1569 310 1635 366 dum
1650 326 1720 382 pra·

93 401 306 459 eacircat‘ronem
317 400 392 454 iecit.
408 399 460 454 Sed
475 404 542 454 ωηο
564 397 685 470 primum
702 395 737 450 ad
752 395 813 449 illos
833 393 881 465 qui
921 394 987 449 dicti
1003 402 1154 451 cantantur
1168 397 1280 460 Psalmi,
1297 396 1385 451 frater
1405 398 1452 468 qui
1465 415 1577 454 necesse
1588 400 1720 455 habuerit

92 493 116 548 in
130 491 229 546 minori
243 491 327 545 choro
340 497 416 550 sunt,
432 487 534 543 deinde
556 501 620 541 eum
645 484 835 557 pertransiens
845 481 881 536 si·
922 484 956 537 ad
979 484 1175 540 dormitorium
1197 487 1248 551 ire,
1274 491 1303 540 et
1324 486 1347 540 si
1369 487 1487 542 voluerit
1504 488 1533 543 in
1548 505 1582 543 eo
1598 491 1719 546 transitu

92 582 249 636 nistrorsum
267 579 303 634 ad
326 578 376 632 illa
391 575 502 640 altaria,
516 576 675 646 iterumque
689 591 739 645 per
752 572 880 628 eamdem
921 571 1047 628 tabulam
1063 579 1091 628 et
1109 574 1337 646 antiphonarium
1363 575 1509 647 inspicere,
1530 579 1645 648 poterit.
1665 579 1720 644 Qui

91 670 153 738 riam
166 669 281 724 rediens
300 668 336 722 ad
359 683 417 732 eos,
432 665 480 737 qui
499 671 579 720 extra
591 665 707 719 chorum
720 677 881 735 usqueque·
920 667 1027 728 tamon,
1041 662 1065 717 si
1078 663 1224 718 inclamari
1239 663 1344 735 aliquid
1356 663 1446 729 timet,
1471 682 1535 721 raro
1555 667 1608 722 hoc
1627 669 1718 722 facere

91 776 136 832 que
149 765 226 812 sunt.
242 758 306 811 liaeo
322 762 416 810 autem
439 754 575 808 absconsa
599 769 656 807 non
681 760 726 808 est
739 752 796 810 illa,
817 765 881 805 cum
922 767 1100 823 summopere
1114 752 1217 807 studet.
1230 753 1319 808 Alicui
1337 769 1403 808 vero
1417 771 1525 820 eorum,
1539 757 1586 826 qui
1601 756 1653 811 sub
1670 773 1719 814 cu·

91 864 137 920 qua
161 847 265 901 chorus
292 845 483 916 perlustratur
504 844 581 898 inter
605 842 739 898 lectiones
757 840 806 896 sed
820 839 879 904 illa,
921 841 1013 896 stedia
1028 838 1080 908 (92,
1091 853 1158 896 sunt
1171 841 1265 913 positi.
1282 858 1460 913 nequaquam
1476 851 1542 899 tunc
1564 845 1629 900 licet
1643 863 1721 918 egre·

92 953 164 1010 quam
190 934 350 990 claustralis
375 934 453 1006 prior
470 939 533 1004 post
552 930 770 1004 completorium
787 927 882 1001 posuit
921 929 960 996 di,
981 929 1034 984 nisi
1058 935 1117 984 tam
1144 930 1314 985 inevitabilis
1337 932 1488 987 necessitas
1507 933 1533 988 'ei
1546 939 1660 1007 repente
1674 936 1718 991 in·

89 1028 158 1097 Juxta
171 1025 270 1078 lumen
284 1022 358 1094 quod
382 1021 580 1077 dormitorium
604 1026 634 1076 et
647 1019 720 1074 viam
732 1019 880 1074 ducentem
920 1025 1079 1091 gruat,quae
1094 1021 1255 1075 nullatenus
1266 1025 1354 1093 usq'ue
1365 1022 1399 1076 ad
1415 1023 1499 1078 linem
1511 1025 1636 1094 ejusdem
1647 1025 1720 1096 psal-

92 1115 121 1169 ad
133 1112 313 1178 necessarias,
329 1111 485 1168 illuminat.
922 1109 1022 1164 modia
1048 1109 1154 1164 dilierri
1177 1111 1280 1165 voleat.
1304 1111 1533 1184 Quandocunque
1548 1121 1642 1168 autem
1661 1115 1720 1170 haec

369 1201 486 1256 CAPUT
496 1198 596 1255 XXIX.
921 1198 1111 1270 superveniat,
1127 1199 1206 1270 prius
1220 1205 1315 1254 tamen
1331 1201 1366 1254 de
1385 1201 1469 1256 choro
1484 1217 1538 1257 non
1555 1203 1621 1266 exit,
1634 1220 1719 1274 quam

92 1293 218 1360 aromaca
239 1293 331 1358 frater
349 1306 376 1344 ra
394 1291 490 1344 babeat
511 1290 592 1356 infra
612 1289 741 1358 psalmos,
756 1288 806 1356 qui
821 1289 880 1355 port
921 1295 1073 1342 conventus
1097 1288 1189 1342 omnis
1212 1289 1365 1344 consideat.
1381 1290 1458 1344 Nulli
1469 1306 1580 1362 quoque
1594 1308 1644 1362 pro
1660 1292 1721 1346 sola

234 1382 380 1450 predictas
399 1381 536 1434 orationes
555 1381 721 1433 recitantur.
922 1393 1007 1431 causa
1030 1377 1154 1432 tabulam
1179 1383 1229 1432 aut
1249 1377 1352 1432 librum
1367 1378 1542 1449 inspiciendi,
1559 1386 1626 1435 tunc
1645 1381 1720 1436 exire

118 1473 180 1526 Post
207 1470 355 1542 predictas
379 1475 437 1524 tres
459 1468 600 1523 orationes
624 1466 779 1521 recitantur
797 1465 880 1536 quin·
921 1465 996 1525 licet.
1014 1466 1067 1521 nisi
1079 1467 1211 1523 armario.
1229 1473 1257 1520 et
1269 1467 1312 1521 his
1329 1468 1376 1538 qui
1392 1468 1545 1538 aliquando
1568 1469 1602 1523 ad
1617 1470 1721 1524 invita-

91 1563 167 1616 decim
182 1561 297 1616 Gradus
311 1560 355 1614 vel
368 1560 485 1630 triginta
504 1558 614 1629 psalmi,
628 1557 653 1612 si
668 1557 733 1611 talis
752 1561 795 1611 est
808 1556 877 1618 dies,
922 1555 1025 1608 torium
1045 1555 1182 1610 vestiendi
1206 1555 1240 1608 ad
1263 1554 1373 1609 initium
1395 1557 1498 1610 Psalmi
1522 1559 1558 1612 De
1570 1561 1721 1627 profundis

90 1651 188 1722 quando
211 1667 269 1704 non
280 1649 384 1704 debent
398 1649 434 1704 ad
448 1648 603 1702 orationem
618 1645 814 1717 procumbere.
837 1644 880 1698 nd
891 1651 1024 1717 ssexeunt
1037 1643 1072 1698 de
1085 1645 1188 1708 chor03
1214 1643 1262 1697 sed
1278 1643 1330 1714 ipsi
1346 1652 1413 1699 tunc
1427 1653 1578 1718 apportant
1592 1648 1721 1720 antipho·

91 1739 143 1794 illas
152 1737 316 1793 eorumdem
327 1735 485 1810 quindecim
498 1735 638 1808 graduum
663 1734 706 1792 90)
719 1734 879 1800 incisiones,
922 1733 1032 1788 narium
1045 1733 1073 1787 in
1090 1732 1262 1797 vestiarium,
1273 1739 1305 1787 ut
1314 1733 1494 1804 praevideant,
1511 1736 1586 1806 quod
1598 1737 1639 1792 eis
1653 1743 1720 1792 tunc

88 1829 122 1893 bi,
136 1829 179 1899 qui
194 1844 282 1898 super
297 1827 397 1882 sedilia
413 1826 521 1886 sedent,
538 1833 634 1880 exerta
651 1840 745 1886 uranu,
764 1830 879 1895 propter
920 1829 964 1878 est
977 1822 1145 1877 canendum.

91 1917 244 1988 hesperum
259 1923 336 1971 retro
353 1915 424 1970 rarsi
434 1915 526 1970 solent
541 1915 642 1969 leniter
655 1930 688 1968 ea
702 1912 820 1983 erigere,
830 1929 878 1967 eo·
955 1913 1094 1966 Caeterum
1107 1912 1172 1983 quia
1183 1911 1252 1966 nulli
1268 1912 1303 1966 ad
1313 1911 1427 1983 aliquod
1441 1913 1563 1968 officium
1578 1915 1719 1986 descripto

90 1995 199 2076 deinque
211 2005 295 2060 modo
311 2005 462 2076 prosonitu
475 2004 624 2059 devitando
634 2004 789 2075 deponere:
804 2002 879 2074 quod
919 2001 985 2055 licet
996 2000 1148 2071 negligere,
1165 2001 1232 2072 quin
1248 2000 1337 2072 pridie
1352 2002 1512 2072 praevideat,
1524 2003 1591 2073 quid
1606 2004 1641 2058 ad
1661 2005 1722 2059 No·

90 2101 114 2148 et
131 2095 246 2166 quilibet
257 2110 355 2150 eorum
375 2093 523 2149 observare
544 2093 636 2154 debet,
658 2082 879 2164 quotiescunque
920 2096 1034 2145 cturnos
1049 2090 1150 2146 debeat
1165 2107 1248 2160 agere
1266 2108 1271 2143 :
1289 2090 1353 2144 binc
1377 2091 1400 2144 si
1426 2093 1491 2162 quis
1506 2109 1556 2162 pro
1572 2091 1617 2147 sui
1629 2093 1719 2164 negli-

89 2185 125 2237 rel
142 2185 228 2248 solus,
240 2184 282 2236 rel
298 2199 361 2238 cum
377 2184 440 2238 aliis
454 2182 542 2238 sedet.
559 2181 605 2237 Illi
620 2197 693 2240 vero.
716 2181 764 2252 qui
778 2181 808 2235 iu
822 2197 881 2234 sca·
919 2179 1016 2250 gentia
1035 2180 1088 2234 hoc
1114 2195 1169 2234 non
1194 2195 1367 2251 procurasse,
1384 2181 1433 2234 sed
1448 2189 1584 2236 nocturno
1598 2183 1720 2254 tempori

91 2273 162 2338 aruis,
173 2290 238 2343 quse
254 2271 329 2326 inire
343 2273 377 2327 ad
390 2273 494 2327 formas
506 2271 596 2344 posita
609 2279 686 2327 sunt.
702 2271 809 2326 sedent.
824 2286 879 2326 non
922 2285 1090 2328 reservasse,
1106 2274 1135 2323 et
1146 2269 1199 2322 hoc
1213 2268 1241 2322 in
1256 2285 1308 2323 usu
1322 2268 1424 2324 habere
1442 2269 1633 2341 deprehensus
1658 2272 1721 2326 sue·

92 2367 148 2416 ωηο
161 2378 200 2416 se.
213 2361 289 2416 sicut
303 2377 354 2415 nec
369 2361 520 2432 aliquando
541 2369 617 2416 retro
637 2364 816 2422 sustentant;
832 2359 881 2414 sed
922 2357 976 2425 rit;
994 2357 1111 2428 publieae
1127 2357 1319 2427 redargutioni
1331 2359 1391 2412 sine
1404 2358 1489 2414 dubio
1506 2360 1720 2430 subjacebitnlt·

91 2450 126 2504 ita
147 2451 271 2504 sedendo
295 2451 322 2504 in
338 2451 480 2510 anteriora
494 2458 631 2522 quantum
643 2451 744 2512 valent,
761 2465 791 2503 se
805 2447 882 2502 incli-
922 2451 1027 2511 tamen,
1045 2447 1068 2501 si
1084 2448 1137 2502 hoc
1151 2447 1258 2517 pridem
1283 2455 1364 2502 caute
1384 2448 1447 2518 quis
1467 2450 1616 2521 prospexit,
1631 2451 1721 2506 noctis

90 2545 161 2594 aaut.
182 2540 415 2611 Quandocunque
438 2539 501 2611 quis
523 2557 609 2612 super
624 2539 753 2594 sedilium
772 2537 881 2591 miseri·
922 2534 1080 2590 interventu
1103 2535 1232 2590 oblivioni
1252 2536 1369 2590 forsitan
1388 2537 1545 2596 tradiderit.
1571 2538 1614 2594 vel
1640 2540 1664 2594 si
1685 2539 1721 2594 ab

90 2628 190 2682 conlisa
204 2629 259 2696 (aa
281 2629 422 2683 habuerit.
439 2646 470 2683 se
489 2637 629 2684 sustentat
642 2628 690 2694 ibi,
705 2627 777 2682 sicut
791 2635 834 2681 est
846 2626 883 2680 ad
923 2624 979 2678 alio
994 2625 1117 2679 fratrein
1129 2626 1181 2679 hoc
1190 2629 1326 2680 nocturno
1335 2627 1469 2698 temporis
1478 2628 1596 2682 articulo
1605 2632 1721 2699 rogatus

90 2717 176 2771 diaria
200 2720 291 2783 Patri,
307 2722 376 2772 tunc
396 2717 444 2772 alii
467 2717 575 2789 absque
596 2717 787 2772 sustentaculo
807 2719 884 2770 stant
923 2712 1037 2784 aliquod
1048 2713 1169 2768 cilicium
1197 2729 1247 2785 pro
1262 2730 1294 2767 eo
1309 2730 1393 2786 agere
1408 2715 1526 2770 voluerit
1543 2734 1549 2769 :
1566 2716 1614 2787 qui
1625 2721 1721 2774 tamen

89 2803 219 2861 inclinati.
252 2806 370 2871 Quando
389 2815 483 2862 autem
503 2807 596 2862 cuncti
615 2804 885 2861 debentesscincli·
924 2802 959 2856 de
975 2801 1036 2866 hoc,
1056 2801 1110 2856 nisi
1138 2802 1289 2857 necessitas
1310 2803 1721 2874 cogeretaquoquaminter-

90 2906 181 2948 nantes
197 2895 317 2966 longiori
334 2911 421 2958 mora,
438 2899 511 2951 sicut
526 2895 616 2950 estad
638 2911 734 2967 preces
748 2895 884 2949 etsullra-
926 2890 1022 2961 paliari
1044 2907 1100 2945 non
1123 2891 1229 2946 debuit.
1255 2891 1299 2946 Sic
1321 2891 1362 2945 rel
1389 2891 1461 2946 infra
1481 2892 1641 2963 quindecim
1655 2909 1721 2964 gra-

89 2983 138 3052 gia,
151 2983 209 3046 isri,
226 2990 258 3038 ut
274 2985 437 3055 praedictum
462 2991 513 3051 est,
530 2985 629 3040 sedent
652 3001 737 3056 super
757 2999 882 3040 scamna.
924 2980 1010 3034 duum
1025 2979 1147 3050 psalmos
1164 2997 1169 3032 :
1187 2997 1219 3035 eo
1241 2987 1335 3035 tamen
1352 2980 1459 3042 ordine.
1482 2998 1537 3052 quo
1555 2981 1721 3052 praedictum

91 3071 151 3126 item
171 3073 342 3128 inclinantes
366 3073 395 3128 in
419 3074 561 3130 anteriora
581 3073 714 3146 :quando
735 3073 776 3127 illi
799 3088 884 3143 super
924 3075 976 3134 est,
993 3069 1035 3122 rel
1062 3074 1167 3141 postea,
1186 3070 1409 3140 quandocunque
1422 3075 1611 3156 opportunum
1626 3069 1722 3136 fuerit,

89 3160 196 3228 formas,
221 3162 268 3216 isti
285 3163 333 3234 qui
348 3169 425 3217 stant
446 3169 511 3218 ante
534 3163 649 3227 formas,
670 3179 755 3234 super
764 3162 884 3217 scabella
924 3156 1045 3212 breviter
1059 3157 1162 3215 videre.
1176 3159 1250 3229 quod
1267 3159 1332 3218 vult.
1352 3159 1463 3231 poterit.
1480 3158 1533 3214 Sed
1550 3164 1578 3213 ct
1602 3159 1654 3213 hoc
1669 3160 1724 3214 fre·

90 3259 149 3304 ante
163 3267 193 3305 se
211 3251 303 3323 posita
317 3253 423 3322 jacent.
438 3252 581 3324 Quotquot
603 3259 697 3307 autem
716 3251 751 3306 de
766 3250 819 3316 his,
836 3249 884 3322 qui
925 3254 1063 3318 quentare
1081 3253 1168 3310 caret,
1197 3247 1221 3302 si
1243 3247 1470 3302 inclamationem
1490 3249 1612 3318 effugere
1626 3264 1723 3303 curam

90 3341 192 3409 priores
203 3348 272 3395 sunt
284 3341 320 3395 ad
336 3341 438 3396 lineam
454 3343 573 3412 positam
586 3341 750 3404 ascendunt,
759 3347 788 3396 et
799 3357 885 3412 super
925 3335 1010 3391 habet
1023 3337 1082 3390 lloc
1095 3342 1189 3391 autem
1201 3352 1431 3408 unumquemque
1445 3337 1516 3391 scire
1526 3342 1637 3408 oportet
1649 3337 1724 3408 quod

91 3425 187 3483 termas
206 3440 383 3486 transversas
397 3436 494 3486 contra
509 3433 598 3487 altare
619 3431 774 3502 procidunt,
790 3429 883 3486 caeteri
925 3425 1122 3480 adlectionem
1142 3424 1264 3497 aliquem
1285 3425 1418 3480 vicarium
1439 3425 1491 3480 sibi
1510 3426 1655 3498 acquirere
1667 3443 1724 3480 non

92 3518 133 3588 qai
146 3520 240 3575 adbuc
256 3526 410 3590 supersunt
430 3537 515 3592 super
539 3521 665 3591 ejusdem
691 3520 772 3575 linere
785 3519 884 3575 sedilia
925 3513 1017 3576 debet,
1036 3515 1090 3569 nisi
1105 3514 1190 3569 talem
1213 3515 1262 3587 qui
1276 3515 1311 3569 ad
1326 3523 1458 3570 neutrum
1473 3516 1573 3570 horum
1588 3522 1632 3571 est
1647 3519 1725 3571 nota-

90 3608 282 3676 procumbunt
305 3608 336 3663 Si
357 3608 444 3680 aliqui
465 3609 499 3663 de
512 3608 566 3676 his,
583 3609 630 3680 qui
645 3617 735 3664 certas
750 3607 884 3663 stationes
925 3610 980 3658 tus.
1003 3603 1075 3658 Nam
1095 3605 1495 3660 secundumconsuetudinem
1520 3622 1602 3660 nemo
1615 3605 1724 3661 duobus

90 3696 198 3765 babent,
213 3700 307 3754 adhuc
323 3705 483 3770 supersunt,
503 3699 532 3754 bi
545 3699 580 3754 od
599 3700 717 3770 gradum
737 3699 837 3754 sedent
856 3699 885 3751 et
925 3692 969 3747 his
984 3692 1083 3747 olilciis
1099 3691 1128 3747 in
1144 3709 1200 3748 une
1215 3701 1295 3748 nocte
1310 3694 1426 3766 agendis
1440 3701 1483 3749 est
1493 3694 1651 3766 descriptus
1673 3712 1679 3747 :
1700 3694 1725 3750 si

88 3787 289 3856 praecumbunt.
305 3787 348 3842 nd
370 3787 530 3844 Nocturnas
552 3805 617 3843 vero
642 3789 664 3844 si
680 3795 837 3860 opportune
855 3784 884 3839 in
925 3787 1020 3836 temen
1034 3783 1114 3853 copia
1128 3783 1194 3836 talis
1206 3782 1240 3836 ad
1255 3783 1387 3837 lectorem
1405 3788 1434 3838 et
1447 3790 1636 3839 cantorem...
1652 3782 1725 3848 Quia

88 3875 167 3930 ebom
177 3893 240 3932 esse
259 3893 319 3931 non
340 3884 465 3948 possunt,
486 3883 565 3933 extra
584 3877 719 3932 secedunt
744 3877 816 3931 Nara
833 3875 885 3928 hoc
926 3887 990 3924 vero
1005 3871 1154 3941 prodictus
1169 3870 1240 3926 liber
1253 3877 1281 3926 et
1293 3869 1389 3925 tabula
1403 3871 1438 3924 ad
1455 3873 1622 3927 alterutrum
1637 3871 1726 3926 divisa

85 3981 195 4037 semper
211 3971 379 4028 cavetur,ne
387 3972 462 4020 retro
476 3967 510 4021 ad
526 3966 630 4022 sornras
640 3973 716 4022 stent
724 3981 817 4021 eorem
832 3962 882 4028 ris,
925 3959 954 4014 in
983 3960 1103 4030 singulis
1125 3960 1193 4014 locis
1214 3975 1281 4014 sunt
1307 3959 1407 4031 posita,
1427 3959 1522 4014 tabula
1540 3961 1647 4014 scilicet
1658 3965 1724 4015 ante

87 4053 190 4109 scilicet
204 4053 252 4126 qui
278 4055 316 4109 ad
338 4054 458 4125 parietes
476 4055 567 4110 locum
593 4055 706 4112 babent.
722 4053 884 4110 Notandum
925 4048 1083 4107 ecclesiam.
1106 4046 1177 4103 liber
1199 4065 1264 4103 rero
1289 4048 1433 4104 inira:ad
1461 4055 1593 4104 neutrum
1626 4065 1726 4103 eorum

87 4152 178 4198 autem
194 4143 271 4216 quod
293 4144 387 4200 nullus
411 4144 474 4199 illas
496 4151 555 4200 tres
578 4146 719 4201 orationes
743 4161 805 4217 quae
825 4148 888 4216 post
928 4137 1184 4209 aliquandoplures
1199 4137 1722 4209 quarnduosimulconsistuntsratres,

89 4229 309 4303 Completorium
320 4233 711 4304 procidendoagunturextra
723 4235 887 4288 formasaut
927 4243 1018 4297 neque
1035 4226 1065 4280 hi
1084 4226 1201 4281 invicem
1225 4233 1284 4281 tarn
1307 4243 1402 4298 prope,
1417 4226 1553 4288 atsimul,
1568 4225 1725 4298 quodprae-

86 4320 210 4389 parietes
223 4321 300 4382 lacit.
323 4322 379 4377 nisi
394 4323 470 4378 solus
489 4325 565 4394 prior
578 4339 641 4378 curn
652 4321 761 4378 duobus
774 4290 1044 4376 collate-Deiotaro.
1066 4317 1177 4371 valeant
1198 4316 1354 4386 inspicere3
1371 4316 1419 4371 sed
1435 4332 1498 4371 cum
1517 4332 1592 4370 unua
1605 4329 1726 4370 recesse-

85 4408 204 4463 mlibus.
225 4409 331 4464 Similis
348 4426 459 4482 quoque
474 4411 541 4465 ordo
560 4411 595 4465 ad
610 4417 758 4482 utramque
771 4409 884 4464 missam
927 4405 974 4462 rit.
989 4405 1062 4460 alius
1077 4406 1103 4460 ei
1118 4406 1315 4461 adridendum
1332 4405 1463 4460 succedit.

83 4495 157 4551 inira
184 4497 343 4564 Cononem,
367 4499 450 4553 etad
472 4515 594 4563 versum,
611 4499 659 4571 qui
680 4499 808 4571 sequitur
824 4501 887 4568 post
962 4495 1122 4549 Lectionum
1139 4511 1223 4566 quam
1239 4495 1442 4549 adNocturnos
1456 4494 1620 4565 logerequis
1631 4493 1724 4560 debet,

82 4587 247 4655 prandium,
259 4587 302 4642 rel
317 4587 353 4642 ad
368 4588 523 4643 arationem
538 4604 659 4660 quoque,
675 4603 736 4660 quae
748 4588 773 4641 in
785 4593 886 4659 quarta
927 4585 957 4639 in
971 4585 1023 4638 hoc
1037 4589 1164 4655 ternpore
1179 4599 1357 4655 nequaquam
1373 4582 1506 4654 providet
1529 4580 1646 4638 Interim
1661 4599 1726 4638 cum

82 4683 211 4731 etsexta
229 4675 300 4731 feria
319 4683 385 4731 ante
400 4678 604 4750 processionem
624 4677 728 4748 agitur,
749 4675 885 4731 abomni·
927 4681 991 4746 post
1018 4674 1147 4745 prefatos
1179 4673 1302 4745 psalmos
1334 4673 1390 4728 duo
1419 4673 1462 4726 rel
1494 4675 1575 4744 plura
1600 4673 1635 4727 ad
1667 4673 1726 4728 No·
1773 4690 1775 4694 ’

79 4763 191 4820 busest
204 4765 395 4821 observandus
417 4767 475 4822 lloc
488 4783 599 4839 quoque
613 4766 816 4822 observandum
832 4771 884 4831 est,
928 4769 1042 4819 cturnos
1057 4763 1139 4835 signa
1152 4764 1311 4835 pulsantur,
1331 4761 1371 4825 hi,
1393 4761 1441 4834 qui
1461 4771 1552 4817 certas
1573 4762 1649 4834 leges
1675 4761 1727 4817 ha·

78 4863 108 4909 ut
131 4855 250 4928 quoties
273 4855 313 4924 bi,
336 4856 385 4928 qui
406 4856 441 4910 ed
465 4857 604 4912 cancellos
618 4863 646 4910 et
660 4855 782 4928 parietes
797 4859 884 4921 stant,
926 4851 1003 4914 bent,
1014 4850 1117 4906 ibidem
1134 4850 1355 4922 persistuntQui
1371 4857 1468 4905 autem
1480 4851 1516 4905 ad
1529 4850 1636 4922 gradus
1649 4849 1728 4922 prius

77 4963 163 5017 saper
179 4945 289 4999 formas
313 4944 511 5016 procumbunt,
527 4945 645 5001 extremi
664 4945 798 5002 intereos
812 4943 886 5000 tanti
927 4941 1071 4998 sedebant.
1093 4940 1117 4995 ei
1131 4939 1194 4995 talis
1204 4943 1248 4995 est
1261 4939 1320 4994 dies
1346 4939 1402 4994 illic
1417 4940 1446 4994 in
1461 4940 1559 4995 ordine
1573 4956 1624 4994 suo
1640 4944 1726 5006 stant,

78 5034 193 5088 aliasad
205 5033 444 5106 procumbendum
460 5035 604 5093 secedunt.
618 5041 651 5089 ut
666 5033 774 5106 priores
788 5049 886 5088 eorum
928 5031 1098 5103 usquedum
1116 5029 1222 5102 pariter
1242 5028 1426 5100 procumbant
1442 5029 1553 5092 ibidem,
1566 5033 1595 5083 et
1608 5033 1676 5081 ωηο
1685 5025 1728 5080 vel

78 5139 165 5195 super
178 5122 288 5178 formas
295 5123 391 5194 jacere
402 5124 524 5178 valeant.
540 5123 606 5178 Sive
618 5127 713 5179 autem
727 5123 765 5178 sit
776 5129 887 5194 tempus
928 5137 1034 5187 omnes,
1052 5119 1095 5174 rel
1119 5119 1234 5191 quidam
1258 5135 1367 5196 eorum,
1391 5119 1416 5173 si
1440 5117 1516 5172 intus
1539 5124 1614 5171 stare
1630 5113 1729 5186 nequi-

112 5281 176 5360 (90)
190 5289 340 5343 incisionis
363 5283 654 5358 sectionescapitula.
930 5288 1016 5340 stant.
1475 5345 1481 5360 ι
1543 5346 1550 5360 ·
1666 5346 1671 5358 .
1706 5341 1712 5357 .

114 5355 155 5425 [91
191 5358 398 5416 Misericordia.
414 5357 519 5413 sellulas
532 5358 631 5412 erectis
647 5357 801 5412 formarum
821 5355 889 5412 sub·
967 5353 1021 5425 raa)
1031 5353 1088 5409 Sub
1101 5353 1223 5410 aristodia
1241 5353 1333 5420 pan‘tr',
1346 5349 1393 5422 qui
1408 5353 1570 5419 magisterio
1585 5364 1636 5405 seu
1646 5347 1727 5404 dracr-

80 5428 172 5486 aelliis
187 5426 706 5501 appositaquibasstantibussenibus
716 5430 756 5486 rel
768 5422 890 5485 infirmis
931 5426 1014 5500 plina
1028 5424 1153 5481 veterani
1163 5423 1310 5496 cujusdam
1326 5421 1454 5477 monachi
1465 5418 1594 5474 subsunt.

76 5515 132 5568 pra
166 5503 365 5559 misericordia
392 5499 516 5556 insidere
543 5500 714 5573 conceditur,
744 5501 813 5558 dum
841 5499 893 5557 alii
