<?xml version="1.0" encoding="UTF-8"?>
<!DOCTYPE html PUBLIC "-//W3C//DTD XHTML 1.0 Transitional//EN"
    "http://www.w3.org/TR/xhtml1/DTD/xhtml1-transitional.dtd">
<html xmlns="http://www.w3.org/1999/xhtml" xml:lang="en" lang="en">
 <head>
  <title>
</title>
<meta http-equiv="Content-Type" content="text/html;charset=utf-8" />
  <meta name='ocr-system' content='tesseract 3.04.00' />
  <meta name='ocr-capabilities' content='ocr_page ocr_carea ocr_par ocr_line ocrx_word'/>
</head>
<body>
  <div class='ocr_page' id='page_1' title='image "./patrologiaecurs92unkngoog_0255.png"; bbox 0 0 3856 6176; ppageno 0'>
   <div class='ocr_carea' id='block_1_1' title="bbox 203 255 1809 324">
    <p class='ocr_par' dir='ltr' id='par_1_1' title="bbox 203 255 1809 324">
     <span class='ocr_line' id='line_1_1' title="bbox 203 255 1809 324; baseline -0.003 -2"><span class='ocrx_word' id='word_1_1' title='bbox 203 261 256 324; x_wconf 74' lang='grc'><strong>499</strong></span> <span class='ocrx_word' id='word_1_2' title='bbox 697 263 730 320; x_wconf 87' lang='grc' dir='ltr'><strong>Β.</strong></span> <span class='ocrx_word' id='word_1_3' title='bbox 750 263 958 322; x_wconf 70' lang='lat' dir='ltr'><strong>muranum</strong></span> <span class='ocrx_word' id='word_1_4' title='bbox 977 259 1158 320; x_wconf 70' lang='lat' dir='ltr'><strong>onumen</strong></span> <span class='ocrx_word' id='word_1_5' title='bbox 1178 255 1345 316; x_wconf 75' lang='lat' dir='ltr'><strong>Auernae.</strong></span> <span class='ocrx_word' id='word_1_6' title='bbox 1764 259 1809 317; x_wconf 76' lang='lat'><strong>500</strong></span> 
     </span>
    </p>
   </div>
   <div class='ocr_carea' id='block_1_2' title="bbox 158 375 1873 5630">
    <p class='ocr_par' dir='ltr' id='par_1_2' title="bbox 204 375 1813 552">
     <span class='ocr_line' id='line_1_2' title="bbox 204 375 1813 466; baseline -0.007 -17"><span class='ocrx_word' id='word_1_7' title='bbox 204 394 338 466; x_wconf 80' lang='lat' dir='ltr'><strong>gueutm.</strong></span> <span class='ocrx_word' id='word_1_8' title='bbox 351 391 452 448; x_wconf 80' lang='lat' dir='ltr'><strong>Postea</strong></span> <span class='ocrx_word' id='word_1_9' title='bbox 465 387 594 461; x_wconf 89' lang='lat' dir='ltr'><strong>designet</strong></span> <span class='ocrx_word' id='word_1_10' title='bbox 605 375 692 445; x_wconf 85' lang='lat' dir='ltr'><strong>abbas</strong></span> <span class='ocrx_word' id='word_1_11' title='bbox 705 390 731 446; x_wconf 90' lang='lat' dir='ltr'><strong>ei</strong></span> <span class='ocrx_word' id='word_1_12' title='bbox 745 391 837 446; x_wconf 91' lang='lat' dir='ltr'><strong>locum</strong></span> <span class='ocrx_word' id='word_1_13' title='bbox 852 391 900 447; x_wconf 92' lang='lat' dir='ltr'><strong>ubi</strong></span> <span class='ocrx_word' id='word_1_14' title='bbox 919 390 1034 452; x_wconf 73' lang='lat' dir='ltr'><strong>debetA</strong></span> <span class='ocrx_word' id='word_1_15' title='bbox 1043 388 1104 460; x_wconf 88' lang='lat' dir='ltr'><strong>ipsa</strong></span> <span class='ocrx_word' id='word_1_16' title='bbox 1118 384 1308 442; x_wconf 71' lang='lat' dir='ltr'><strong>satisfactione</strong></span> <span class='ocrx_word' id='word_1_17' title='bbox 1322 382 1426 438; x_wconf 88' lang='lat' dir='ltr'><strong>habeat</strong></span> <span class='ocrx_word' id='word_1_18' title='bbox 1442 397 1481 447; x_wconf 85' lang='lat' dir='ltr'><strong>se,</strong></span> <span class='ocrx_word' id='word_1_19' title='bbox 1507 380 1579 436; x_wconf 85' lang='lat' dir='ltr'><strong>sicut</strong></span> <span class='ocrx_word' id='word_1_20' title='bbox 1591 379 1710 452; x_wconf 84' lang='lat' dir='ltr'><strong>superius</strong></span> <span class='ocrx_word' id='word_1_21' title='bbox 1722 381 1813 441; x_wconf 79' lang='lat' dir='ltr'><strong>dictum</strong></span> 
     </span>
     <span class='ocr_line' id='line_1_3' title="bbox 205 472 1564 552; baseline -0.011 -14"><span class='ocrx_word' id='word_1_22' title='bbox 205 496 276 548; x_wconf 79' lang='lat' dir='ltr'><strong>aare,</strong></span> <span class='ocrx_word' id='word_1_23' title='bbox 288 487 317 536; x_wconf 89' lang='lat' dir='ltr'><strong>et</strong></span> <span class='ocrx_word' id='word_1_24' title='bbox 330 497 363 535; x_wconf 88' lang='lat' dir='ltr'><strong>ao</strong></span> <span class='ocrx_word' id='word_1_25' title='bbox 373 473 553 552; x_wconf 78' lang='lat' dir='ltr'><strong>praecipiente</strong></span> <span class='ocrx_word' id='word_1_26' title='bbox 562 495 671 534; x_wconf 84' lang='lat' dir='ltr'><strong>sessum</strong></span> <span class='ocrx_word' id='word_1_27' title='bbox 683 480 774 535; x_wconf 90' lang='lat' dir='ltr'><strong>vadat.</strong></span> <span class='ocrx_word' id='word_1_28' title='bbox 1045 483 1097 545; x_wconf 89' lang='lat' dir='ltr'><strong>est,</strong></span> <span class='ocrx_word' id='word_1_29' title='bbox 1111 493 1174 532; x_wconf 90' lang='lat' dir='ltr'><strong>curn</strong></span> <span class='ocrx_word' id='word_1_30' title='bbox 1189 476 1224 530; x_wconf 89' lang='lat' dir='ltr'><strong>de</strong></span> <span class='ocrx_word' id='word_1_31' title='bbox 1237 473 1315 546; x_wconf 86' lang='lat' dir='ltr'><strong>gravi</strong></span> <span class='ocrx_word' id='word_1_32' title='bbox 1329 472 1411 544; x_wconf 92' lang='lat' dir='ltr'><strong>culpa</strong></span> <span class='ocrx_word' id='word_1_33' title='bbox 1425 475 1564 541; x_wconf 82' lang='lat' dir='ltr'><strong>ageretur.</strong></span> 
     </span>
    </p>

    <p class='ocr_par' dir='ltr' id='par_1_3' title="bbox 204 557 1820 908">
     <span class='ocr_line' id='line_1_4' title="bbox 241 557 1815 642; baseline -0.007 -16"><span class='ocrx_word' id='word_1_34' title='bbox 241 571 307 626; x_wconf 83' lang='lat' dir='ltr'><strong>Haec</strong></span> <span class='ocrx_word' id='word_1_35' title='bbox 321 569 434 640; x_wconf 90' lang='lat' dir='ltr'><strong>quidem</strong></span> <span class='ocrx_word' id='word_1_36' title='bbox 457 568 539 641; x_wconf 89' lang='lat' dir='ltr'><strong>culpa</strong></span> <span class='ocrx_word' id='word_1_37' title='bbox 554 568 590 622; x_wconf 90' lang='lat' dir='ltr'><strong>ad</strong></span> <span class='ocrx_word' id='word_1_38' title='bbox 604 567 733 624; x_wconf 80' lang='lat' dir='ltr'><strong>abbatem</strong></span> <span class='ocrx_word' id='word_1_39' title='bbox 747 569 858 642; x_wconf 88' lang='lat' dir='ltr'><strong>pmpria</strong></span> <span class='ocrx_word' id='word_1_40' title='bbox 879 570 1004 642; x_wconf 84' lang='lat' dir='ltr'><strong>pertinet</strong></span> <span class='ocrx_word' id='word_1_41' title='bbox 1083 566 1112 622; x_wconf 86' lang='lat' dir='ltr'><strong>si</strong></span> <span class='ocrx_word' id='word_1_42' title='bbox 1122 564 1238 636; x_wconf 83' lang='lat' dir='ltr'><strong>abjectis</strong></span> <span class='ocrx_word' id='word_1_43' title='bbox 1250 562 1380 618; x_wconf 83' lang='lat' dir='ltr'><strong>monachi</strong></span> <span class='ocrx_word' id='word_1_44' title='bbox 1394 559 1568 616; x_wconf 84' lang='lat' dir='ltr'><strong>vestimentis</strong></span> <span class='ocrx_word' id='word_1_45' title='bbox 1582 557 1610 612; x_wconf 94' lang='lat' dir='ltr'><strong>in</strong></span> <span class='ocrx_word' id='word_1_46' title='bbox 1622 559 1738 614; x_wconf 79' lang='lat' dir='ltr'><strong>seculari</strong></span> <span class='ocrx_word' id='word_1_47' title='bbox 1747 558 1815 616; x_wconf 87' lang='lat' dir='ltr'><strong>hahi-</strong></span> 
     </span>
     <span class='ocr_line' id='line_1_5' title="bbox 205 647 1816 731; baseline -0.007 -15"><span class='ocrx_word' id='word_1_48' title='bbox 205 658 384 731; x_wconf 83' lang='lat' dir='ltr'><strong>corrigenda;</strong></span> <span class='ocrx_word' id='word_1_49' title='bbox 401 657 450 730; x_wconf 90' lang='lat' dir='ltr'><strong>qui</strong></span> <span class='ocrx_word' id='word_1_50' title='bbox 460 663 557 713; x_wconf 88' lang='lat' dir='ltr'><strong>tamen</strong></span> <span class='ocrx_word' id='word_1_51' title='bbox 572 657 678 712; x_wconf 90' lang='lat' dir='ltr'><strong>sidesit</strong></span> <span class='ocrx_word' id='word_1_52' title='bbox 691 659 819 729; x_wconf 89' lang='lat' dir='ltr'><strong>apatria,</strong></span> <span class='ocrx_word' id='word_1_53' title='bbox 834 675 885 714; x_wconf 92' lang='lat' dir='ltr'><strong>nec</strong></span> <span class='ocrx_word' id='word_1_54' title='bbox 895 659 1004 730; x_wconf 83' lang='lat' dir='ltr'><strong>adprae·</strong></span> <span class='ocrx_word' id='word_1_55' title='bbox 1046 662 1078 711; x_wconf 88' lang='lat' dir='ltr'><strong>tu</strong></span> <span class='ocrx_word' id='word_1_56' title='bbox 1092 656 1127 710; x_wconf 88' lang='lat' dir='ltr'><strong>ad</strong></span> <span class='ocrx_word' id='word_1_57' title='bbox 1141 653 1341 710; x_wconf 90' lang='lat' dir='ltr'><strong>monasterium</strong></span> <span class='ocrx_word' id='word_1_58' title='bbox 1354 651 1436 716; x_wconf 91' lang='lat' dir='ltr'><strong>redit,</strong></span> <span class='ocrx_word' id='word_1_59' title='bbox 1443 647 1561 703; x_wconf 81' lang='lat' dir='ltr'><strong>servatis</strong></span> <span class='ocrx_word' id='word_1_60' title='bbox 1570 647 1642 701; x_wconf 90' lang='lat' dir='ltr'><strong>circa</strong></span> <span class='ocrx_word' id='word_1_61' title='bbox 1648 651 1816 714; x_wconf 76' lang='lat' dir='ltr'><strong>eutncaeteris,</strong></span> 
     </span>
     <span class='ocr_line' id='line_1_6' title="bbox 205 736 1817 819; baseline -0.007 -15"><span class='ocrx_word' id='word_1_62' title='bbox 205 764 280 814; x_wconf 86' lang='lat' dir='ltr'><strong>aeus,</strong></span> <span class='ocrx_word' id='word_1_63' title='bbox 292 747 621 819; x_wconf 84' lang='lat' dir='ltr'><strong>utveniatexspectatur,</strong></span> <span class='ocrx_word' id='word_1_64' title='bbox 636 763 653 800; x_wconf 91' lang='lat' dir='ltr'><strong>a</strong></span> <span class='ocrx_word' id='word_1_65' title='bbox 671 747 764 818; x_wconf 89' lang='lat' dir='ltr'><strong>priore</strong></span> <span class='ocrx_word' id='word_1_66' title='bbox 786 748 889 819; x_wconf 78' lang='lat' dir='ltr'><strong>corrigi</strong></span> <span class='ocrx_word' id='word_1_67' title='bbox 912 745 1005 819; x_wconf 84' lang='lat' dir='ltr'><strong>p‘otest</strong></span> <span class='ocrx_word' id='word_1_68' title='bbox 1044 761 1106 817; x_wconf 81' lang='lat' dir='ltr'><strong>quea</strong></span> <span class='ocrx_word' id='word_1_69' title='bbox 1119 741 1334 814; x_wconf 89' lang='lat' dir='ltr'><strong>superiusdicta</strong></span> <span class='ocrx_word' id='word_1_70' title='bbox 1347 745 1422 805; x_wconf 89' lang='lat' dir='ltr'><strong>sunt,</strong></span> <span class='ocrx_word' id='word_1_71' title='bbox 1434 737 1560 793; x_wconf 79' lang='lat' dir='ltr'><strong>saeculari</strong></span> <span class='ocrx_word' id='word_1_72' title='bbox 1576 741 1648 790; x_wconf 80' lang='lat' dir='ltr'><strong>veste</strong></span> <span class='ocrx_word' id='word_1_73' title='bbox 1666 736 1693 790; x_wconf 94' lang='lat' dir='ltr'><strong>in</strong></span> <span class='ocrx_word' id='word_1_74' title='bbox 1712 754 1761 808; x_wconf 87' lang='lat' dir='ltr'><strong>qua</strong></span> <span class='ocrx_word' id='word_1_75' title='bbox 1780 755 1817 792; x_wconf 89' lang='lat' dir='ltr'><strong>re-</strong></span> 
     </span>
     <span class='ocr_line' id='line_1_7' title="bbox 204 824 1820 908; baseline -0.007 -15"><span class='ocrx_word' id='word_1_76' title='bbox 204 837 292 893; x_wconf 81' lang='lat' dir='ltr'><strong>totius</strong></span> <span class='ocrx_word' id='word_1_77' title='bbox 306 836 530 908; x_wconf 89' lang='lat' dir='ltr'><strong>congregationis</strong></span> <span class='ocrx_word' id='word_1_78' title='bbox 539 851 665 891; x_wconf 86' lang='lat' dir='ltr'><strong>assensu.</strong></span> <span class='ocrx_word' id='word_1_79' title='bbox 1043 849 1140 888; x_wconf 87' lang='lat' dir='ltr'><strong>versus</strong></span> <span class='ocrx_word' id='word_1_80' title='bbox 1150 837 1194 888; x_wconf 91' lang='lat' dir='ltr'><strong>est</strong></span> <span class='ocrx_word' id='word_1_81' title='bbox 1204 829 1428 894; x_wconf 88' lang='lat' dir='ltr'><strong>circumcinctus,</strong></span> <span class='ocrx_word' id='word_1_82' title='bbox 1440 827 1513 882; x_wconf 92' lang='lat' dir='ltr'><strong>sicut</strong></span> <span class='ocrx_word' id='word_1_83' title='bbox 1523 841 1606 896; x_wconf 86' lang='lat' dir='ltr'><strong>supra</strong></span> <span class='ocrx_word' id='word_1_84' title='bbox 1616 824 1650 878; x_wconf 92' lang='lat' dir='ltr'><strong>de</strong></span> <span class='ocrx_word' id='word_1_85' title='bbox 1659 826 1778 880; x_wconf 89' lang='lat' dir='ltr'><strong>staminia</strong></span> <span class='ocrx_word' id='word_1_86' title='bbox 1787 827 1820 882; x_wconf 92' lang='lat' dir='ltr'><strong>di-</strong></span> 
     </span>
    </p>

    <p class='ocr_par' dir='ltr' id='par_1_4' title="bbox 158 912 1840 2687">
     <span class='ocr_line' id='line_1_8' title="bbox 242 912 1821 998; baseline -0.01 -17"><span class='ocrx_word' id='word_1_87' title='bbox 242 925 272 981; x_wconf 90' lang='lat' dir='ltr'><strong>Si</strong></span> <span class='ocrx_word' id='word_1_88' title='bbox 285 925 374 981; x_wconf 86' lang='lat' dir='ltr'><strong>irater</strong></span> <span class='ocrx_word' id='word_1_89' title='bbox 391 941 509 998; x_wconf 90' lang='lat' dir='ltr'><strong>peccans</strong></span> <span class='ocrx_word' id='word_1_90' title='bbox 523 930 668 996; x_wconf 86' lang='lat' dir='ltr'><strong>peccatum</strong></span> <span class='ocrx_word' id='word_1_91' title='bbox 682 941 765 981; x_wconf 89' lang='lat' dir='ltr'><strong>suum</strong></span> <span class='ocrx_word' id='word_1_92' title='bbox 787 926 935 980; x_wconf 81' lang='lat' dir='ltr'><strong>defendere</strong></span> <span class='ocrx_word' id='word_1_93' title='bbox 952 943 1003 997; x_wconf 91' lang='lat' dir='ltr'><strong>po·</strong></span> <span class='ocrx_word' id='word_1_94' title='bbox 1045 927 1121 978; x_wconf 93' lang='lat' dir='ltr'><strong>ctum</strong></span> <span class='ocrx_word' id='word_1_95' title='bbox 1134 926 1185 986; x_wconf 91' lang='lat' dir='ltr'><strong>est,</strong></span> <span class='ocrx_word' id='word_1_96' title='bbox 1200 924 1230 975; x_wconf 88' lang='lat' dir='ltr'><strong>et</strong></span> <span class='ocrx_word' id='word_1_97' title='bbox 1240 935 1296 975; x_wconf 91' lang='lat' dir='ltr'><strong>non</strong></span> <span class='ocrx_word' id='word_1_98' title='bbox 1307 923 1422 990; x_wconf 89' lang='lat' dir='ltr'><strong>portans</strong></span> <span class='ocrx_word' id='word_1_99' title='bbox 1431 914 1579 978; x_wconf 86' lang='lat' dir='ltr'><strong>cucullum,</strong></span> <span class='ocrx_word' id='word_1_100' title='bbox 1591 912 1821 984; x_wconf 77' lang='lat' dir='ltr'><strong>capitulumingre</strong></span> 
     </span>
     <span class='ocr_line' id='line_1_9' title="bbox 205 1002 1821 1087; baseline -0.007 -17"><span class='ocrx_word' id='word_1_101' title='bbox 205 1013 263 1071; x_wconf 85' lang='lat' dir='ltr'><strong>tius</strong></span> <span class='ocrx_word' id='word_1_102' title='bbox 277 1032 361 1087; x_wconf 91' lang='lat' dir='ltr'><strong>quam</strong></span> <span class='ocrx_word' id='word_1_103' title='bbox 375 1019 582 1086; x_wconf 87' lang='lat' dir='ltr'><strong>cognoscereet</strong></span> <span class='ocrx_word' id='word_1_104' title='bbox 596 1015 746 1069; x_wconf 89' lang='lat' dir='ltr'><strong>emendare</strong></span> <span class='ocrx_word' id='word_1_105' title='bbox 758 1015 885 1080; x_wconf 87' lang='lat' dir='ltr'><strong>voluerit,</strong></span> <span class='ocrx_word' id='word_1_106' title='bbox 896 1015 1005 1087; x_wconf 88' lang='lat' dir='ltr'><strong>procla·</strong></span> <span class='ocrx_word' id='word_1_107' title='bbox 1046 1011 1150 1074; x_wconf 87' lang='lat' dir='ltr'><strong>dintur,</strong></span> <span class='ocrx_word' id='word_1_108' title='bbox 1164 1014 1269 1081; x_wconf 88' lang='lat' dir='ltr'><strong>etpost</strong></span> <span class='ocrx_word' id='word_1_109' title='bbox 1283 1011 1441 1077; x_wconf 75' lang='lat' dir='ltr'><strong>susceptam</strong></span> <span class='ocrx_word' id='word_1_110' title='bbox 1452 1003 1637 1074; x_wconf 82' lang='lat' dir='ltr'><strong>disciplinam,</strong></span> <span class='ocrx_word' id='word_1_111' title='bbox 1648 1002 1772 1056; x_wconf 78' lang='lat' dir='ltr'><strong>cucullae</strong></span> <span class='ocrx_word' id='word_1_112' title='bbox 1782 1019 1821 1059; x_wconf 87' lang='lat' dir='ltr'><strong>oa·</strong></span> 
     </span>
     <span class='ocr_line' id='line_1_10' title="bbox 206 1091 1823 1176; baseline -0.009 -17"><span class='ocrx_word' id='word_1_113' title='bbox 206 1110 302 1159; x_wconf 90' lang='lat' dir='ltr'><strong>matus</strong></span> <span class='ocrx_word' id='word_1_114' title='bbox 320 1104 405 1159; x_wconf 89' lang='lat' dir='ltr'><strong>eliam</strong></span> <span class='ocrx_word' id='word_1_115' title='bbox 427 1103 522 1158; x_wconf 86' lang='lat' dir='ltr'><strong>abbati</strong></span> <span class='ocrx_word' id='word_1_116' title='bbox 535 1103 577 1158; x_wconf 83' lang='lat' dir='ltr'><strong>rel</strong></span> <span class='ocrx_word' id='word_1_117' title='bbox 588 1103 674 1174; x_wconf 91' lang='lat' dir='ltr'><strong>priori</strong></span> <span class='ocrx_word' id='word_1_118' title='bbox 684 1103 1007 1176; x_wconf 83' lang='lat' dir='ltr'><strong>contumaciterrcspnn·</strong></span> <span class='ocrx_word' id='word_1_119' title='bbox 1048 1099 1168 1156; x_wconf 88' lang='lat' dir='ltr'><strong>merario</strong></span> <span class='ocrx_word' id='word_1_120' title='bbox 1183 1107 1248 1153; x_wconf 88' lang='lat' dir='ltr'><strong>ante</strong></span> <span class='ocrx_word' id='word_1_121' title='bbox 1262 1097 1353 1169; x_wconf 89' lang='lat' dir='ltr'><strong>ipsum</strong></span> <span class='ocrx_word' id='word_1_122' title='bbox 1369 1095 1469 1168; x_wconf 85' lang='lat' dir='ltr'><strong>posita,</strong></span> <span class='ocrx_word' id='word_1_123' title='bbox 1484 1094 1519 1148; x_wconf 89' lang='lat' dir='ltr'><strong>ab</strong></span> <span class='ocrx_word' id='word_1_124' title='bbox 1528 1109 1561 1147; x_wconf 93' lang='lat' dir='ltr'><strong>eo</strong></span> <span class='ocrx_word' id='word_1_125' title='bbox 1575 1091 1746 1164; x_wconf 87' lang='lat' dir='ltr'><strong>suscipiatur,</strong></span> <span class='ocrx_word' id='word_1_126' title='bbox 1760 1091 1823 1145; x_wconf 91' lang='lat' dir='ltr'><strong>etibi</strong></span> 
     </span>
     <span class='ocr_line' id='line_1_11' title="bbox 205 1188 1299 1265; baseline -0.006 -17"><span class='ocrx_word' id='word_1_127' title='bbox 205 1191 274 1249; x_wconf 91' lang='lat' dir='ltr'><strong>dere</strong></span> <span class='ocrx_word' id='word_1_128' title='bbox 283 1192 502 1265; x_wconf 64' lang='lat' dir='ltr'><strong>presumpserit,</strong></span> <span class='ocrx_word' id='word_1_129' title='bbox 516 1191 676 1247; x_wconf 90' lang='lat' dir='ltr'><strong>admonitus</strong></span> <span class='ocrx_word' id='word_1_130' title='bbox 691 1209 802 1265; x_wconf 90' lang='lat' dir='ltr'><strong>quoque</strong></span> <span class='ocrx_word' id='word_1_131' title='bbox 816 1199 849 1248; x_wconf 94' lang='lat' dir='ltr'><strong>ut</strong></span> <span class='ocrx_word' id='word_1_132' title='bbox 862 1193 1007 1264; x_wconf 81' lang='lat' dir='ltr'><strong>resipiscat</strong></span> <span class='ocrx_word' id='word_1_133' title='bbox 1046 1190 1141 1246; x_wconf 90' lang='lat' dir='ltr'><strong>statim</strong></span> <span class='ocrx_word' id='word_1_134' title='bbox 1155 1188 1299 1243; x_wconf 88' lang='lat' dir='ltr'><strong>induatur.</strong></span> 
     </span>
     <span class='ocr_line' id='line_1_12' title="bbox 205 1272 1551 1353; baseline -0.008 -15"><span class='ocrx_word' id='word_1_135' title='bbox 205 1281 237 1338; x_wconf 89' lang='lat' dir='ltr'><strong>in</strong></span> <span class='ocrx_word' id='word_1_136' title='bbox 252 1297 303 1336; x_wconf 88' lang='lat' dir='ltr'><strong>sua</strong></span> <span class='ocrx_word' id='word_1_137' title='bbox 315 1281 469 1353; x_wconf 88' lang='lat' dir='ltr'><strong>pertinacia</strong></span> <span class='ocrx_word' id='word_1_138' title='bbox 482 1297 648 1352; x_wconf 90' lang='lat' dir='ltr'><strong>permanere</strong></span> <span class='ocrx_word' id='word_1_139' title='bbox 660 1281 822 1342; x_wconf 86' lang='lat' dir='ltr'><strong>decreverit,</strong></span> <span class='ocrx_word' id='word_1_140' title='bbox 838 1281 1005 1336; x_wconf 87' lang='lat' dir='ltr'><strong>hunctalem</strong></span> <span class='ocrx_word' id='word_1_141' title='bbox 1334 1274 1451 1330; x_wconf 81' lang='lat' dir='ltr'><strong>CAPUT</strong></span> <span class='ocrx_word' id='word_1_142' title='bbox 1465 1272 1551 1328; x_wconf 82' lang='lat' dir='ltr'><strong>xvii.</strong></span> 
     </span>
     <span class='ocr_line' id='line_1_13' title="bbox 207 1361 1627 1442; baseline -0.007 -17"><span class='ocrx_word' id='word_1_143' title='bbox 207 1377 356 1442; x_wconf 80' lang='lat' dir='ltr'><strong>surgentes</strong></span> <span class='ocrx_word' id='word_1_144' title='bbox 369 1369 472 1425; x_wconf 81' lang='lat' dir='ltr'><strong>iratres</strong></span> <span class='ocrx_word' id='word_1_145' title='bbox 483 1375 589 1441; x_wconf 88' lang='lat' dir='ltr'><strong>quotet</strong></span> <span class='ocrx_word' id='word_1_146' title='bbox 605 1369 706 1440; x_wconf 89' lang='lat' dir='ltr'><strong>quibus</strong></span> <span class='ocrx_word' id='word_1_147' title='bbox 721 1370 832 1442; x_wconf 87' lang='lat' dir='ltr'><strong>jussum</strong></span> <span class='ocrx_word' id='word_1_148' title='bbox 848 1371 933 1426; x_wconf 81' lang='lat' dir='ltr'><strong>fuerit</strong></span> <span class='ocrx_word' id='word_1_149' title='bbox 945 1371 1005 1425; x_wconf 91' lang='lat' dir='ltr'><strong>vio·</strong></span> <span class='ocrx_word' id='word_1_150' title='bbox 1259 1366 1295 1419; x_wconf 83' lang='lat' dir='ltr'><strong>oc</strong></span> <span class='ocrx_word' id='word_1_151' title='bbox 1311 1366 1422 1418; x_wconf 82' lang='lat' dir='ltr'><strong>novitiis</strong></span> <span class='ocrx_word' id='word_1_152' title='bbox 1437 1361 1627 1431; x_wconf 76' lang='lat' dir='ltr'><strong>suscpicndis.</strong></span> 
     </span>
     <span class='ocr_line' id='line_1_14' title="bbox 206 1444 1826 1529; baseline -0.01 -14"><span class='ocrx_word' id='word_1_153' title='bbox 206 1462 299 1516; x_wconf 89' lang='lat' dir='ltr'><strong>lenter</strong></span> <span class='ocrx_word' id='word_1_154' title='bbox 312 1459 459 1529; x_wconf 87' lang='lat' dir='ltr'><strong>arripiant,</strong></span> <span class='ocrx_word' id='word_1_155' title='bbox 476 1465 505 1513; x_wconf 91' lang='lat' dir='ltr'><strong>et</strong></span> <span class='ocrx_word' id='word_1_156' title='bbox 518 1458 1006 1529; x_wconf 86' lang='lat' dir='ltr'><strong>incarceremhujusmodiarrogan·</strong></span> <span class='ocrx_word' id='word_1_157' title='bbox 1082 1455 1205 1510; x_wconf 85' lang='lat' dir='ltr'><strong>Veniens</strong></span> <span class='ocrx_word' id='word_1_158' title='bbox 1224 1451 1325 1524; x_wconf 87' lang='lat' dir='ltr'><strong>aliquis</strong></span> <span class='ocrx_word' id='word_1_159' title='bbox 1344 1451 1379 1505; x_wconf 87' lang='lat' dir='ltr'><strong>ad</strong></span> <span class='ocrx_word' id='word_1_160' title='bbox 1399 1449 1608 1508; x_wconf 87' lang='lat' dir='ltr'><strong>conversionem</strong></span> <span class='ocrx_word' id='word_1_161' title='bbox 1629 1448 1664 1502; x_wconf 92' lang='lat' dir='ltr'><strong>de</strong></span> <span class='ocrx_word' id='word_1_162' title='bbox 1685 1444 1786 1511; x_wconf 75' lang='lat' dir='ltr'><strong>seculo,</strong></span> <span class='ocrx_word' id='word_1_163' title='bbox 1801 1445 1826 1498; x_wconf 93' lang='lat' dir='ltr'><strong>in</strong></span> 
     </span>
     <span class='ocr_line' id='line_1_15' title="bbox 158 1533 1826 1620; baseline -0.012 -13"><span class='ocrx_word' id='word_1_164' title='bbox 158 1589 165 1608; x_wconf 76' lang='lat'><strong>.</strong></span> <span class='ocrx_word' id='word_1_165' title='bbox 206 1549 282 1604; x_wconf 85' lang='lat' dir='ltr'><strong>tibus</strong></span> <span class='ocrx_word' id='word_1_166' title='bbox 289 1547 454 1620; x_wconf 87' lang='lat' dir='ltr'><strong>deputatum</strong></span> <span class='ocrx_word' id='word_1_167' title='bbox 464 1547 588 1612; x_wconf 88' lang='lat' dir='ltr'><strong>trahant,</strong></span> <span class='ocrx_word' id='word_1_168' title='bbox 599 1547 640 1601; x_wconf 91' lang='lat' dir='ltr'><strong>vel</strong></span> <span class='ocrx_word' id='word_1_169' title='bbox 652 1548 753 1614; x_wconf 86' lang='lat' dir='ltr'><strong>ierant,</strong></span> <span class='ocrx_word' id='word_1_170' title='bbox 764 1547 1006 1619; x_wconf 90' lang='lat' dir='ltr'><strong>ibiquedepositus</strong></span> <span class='ocrx_word' id='word_1_171' title='bbox 1048 1543 1156 1617; x_wconf 88' lang='lat' dir='ltr'><strong>primis,</strong></span> <span class='ocrx_word' id='word_1_172' title='bbox 1177 1543 1250 1597; x_wconf 87' lang='lat' dir='ltr'><strong>sicut</strong></span> <span class='ocrx_word' id='word_1_173' title='bbox 1267 1541 1316 1596; x_wconf 87' lang='lat' dir='ltr'><strong>alii</strong></span> <span class='ocrx_word' id='word_1_174' title='bbox 1335 1538 1470 1611; x_wconf 85' lang='lat' dir='ltr'><strong>hospites,</strong></span> <span class='ocrx_word' id='word_1_175' title='bbox 1486 1533 1826 1609; x_wconf 88' lang='lat' dir='ltr'><strong>suscipiaturinhospitlo;</strong></span> 
     </span>
     <span class='ocr_line' id='line_1_16' title="bbox 206 1623 1828 1708; baseline -0.01 -17"><span class='ocrx_word' id='word_1_176' title='bbox 206 1636 307 1692; x_wconf 85' lang='lat' dir='ltr'><strong>tandiu</strong></span> <span class='ocrx_word' id='word_1_177' title='bbox 321 1639 432 1690; x_wconf 87' lang='lat' dir='ltr'><strong>servata</strong></span> <span class='ocrx_word' id='word_1_178' title='bbox 450 1634 618 1690; x_wconf 87' lang='lat' dir='ltr'><strong>discretione</strong></span> <span class='ocrx_word' id='word_1_179' title='bbox 636 1636 789 1706; x_wconf 88' lang='lat' dir='ltr'><strong>allligetur,</strong></span> <span class='ocrx_word' id='word_1_180' title='bbox 810 1653 955 1708; x_wconf 89' lang='lat' dir='ltr'><strong>quousque</strong></span> <span class='ocrx_word' id='word_1_181' title='bbox 963 1653 1008 1690; x_wconf 89' lang='lat' dir='ltr'><strong>su·</strong></span> <span class='ocrx_word' id='word_1_182' title='bbox 1048 1636 1128 1705; x_wconf 83' lang='lat' dir='ltr'><strong>cujus</strong></span> <span class='ocrx_word' id='word_1_183' title='bbox 1139 1623 1828 1699; x_wconf 52' lang='lat' dir='ltr'><strong>voluntatem&amp;cognita,lrater,quicellaehospi·</strong></span> 
     </span>
     <span class='ocr_line' id='line_1_17' title="bbox 205 1713 1829 1797; baseline -0.007 -19"><span class='ocrx_word' id='word_1_184' title='bbox 205 1723 333 1797; x_wconf 89' lang='lat' dir='ltr'><strong>perbiam</strong></span> <span class='ocrx_word' id='word_1_185' title='bbox 363 1723 495 1795; x_wconf 90' lang='lat' dir='ltr'><strong>deponat,</strong></span> <span class='ocrx_word' id='word_1_186' title='bbox 531 1724 643 1794; x_wconf 88' lang='lat' dir='ltr'><strong>culpam</strong></span> <span class='ocrx_word' id='word_1_187' title='bbox 675 1730 834 1796; x_wconf 85' lang='lat' dir='ltr'><strong>cognoscat,</strong></span> <span class='ocrx_word' id='word_1_188' title='bbox 862 1713 1108 1780; x_wconf 79' lang='lat' dir='ltr'><strong>humiliterssmm</strong></span> <span class='ocrx_word' id='word_1_189' title='bbox 1119 1718 1452 1794; x_wconf 71' lang='lat' dir='ltr'><strong>procuratorestmbbati,</strong></span> <span class='ocrx_word' id='word_1_190' title='bbox 1469 1718 1510 1772; x_wconf 91' lang='lat' dir='ltr'><strong>vel</strong></span> <span class='ocrx_word' id='word_1_191' title='bbox 1519 1716 1635 1772; x_wconf 88' lang='lat' dir='ltr'><strong>absente</strong></span> <span class='ocrx_word' id='word_1_192' title='bbox 1644 1713 1829 1783; x_wconf 85' lang='lat' dir='ltr'><strong>abbate,eiqui</strong></span> 
     </span>
     <span class='ocr_line' id='line_1_18' title="bbox 205 1802 1828 1886; baseline -0.009 -17"><span class='ocrx_word' id='word_1_193' title='bbox 205 1813 432 1870; x_wconf 87' lang='lat' dir='ltr'><strong>emendationem</strong></span> <span class='ocrx_word' id='word_1_194' title='bbox 452 1813 607 1884; x_wconf 87' lang='lat' dir='ltr'><strong>promittat.</strong></span> <span class='ocrx_word' id='word_1_195' title='bbox 629 1813 709 1878; x_wconf 87' lang='lat' dir='ltr'><strong>Quod</strong></span> <span class='ocrx_word' id='word_1_196' title='bbox 727 1814 750 1867; x_wconf 91' lang='lat' dir='ltr'><strong>si</strong></span> <span class='ocrx_word' id='word_1_197' title='bbox 774 1813 931 1886; x_wconf 87' lang='lat' dir='ltr'><strong>inspirante</strong></span> <span class='ocrx_word' id='word_1_198' title='bbox 949 1815 1007 1869; x_wconf 90' lang='lat' dir='ltr'><strong>Deo</strong></span> <span class='ocrx_word' id='word_1_199' title='bbox 1048 1815 1174 1868; x_wconf 89' lang='lat' dir='ltr'><strong>ordinem</strong></span> <span class='ocrx_word' id='word_1_200' title='bbox 1188 1817 1265 1867; x_wconf 89' lang='lat' dir='ltr'><strong>tenet</strong></span> <span class='ocrx_word' id='word_1_201' title='bbox 1276 1827 1335 1865; x_wconf 92' lang='lat' dir='ltr'><strong>rem</strong></span> <span class='ocrx_word' id='word_1_202' title='bbox 1347 1809 1467 1865; x_wconf 89' lang='lat' dir='ltr'><strong>nuntiet.</strong></span> <span class='ocrx_word' id='word_1_203' title='bbox 1480 1809 1733 1878; x_wconf 81' lang='lat' dir='ltr'><strong>Loqueturcumeo</strong></span> <span class='ocrx_word' id='word_1_204' title='bbox 1745 1802 1828 1868; x_wconf 89' lang='lat' dir='ltr'><strong>abbas,</strong></span> 
     </span>
     <span class='ocr_line' id='line_1_19' title="bbox 206 1893 1831 1974; baseline -0.008 -16"><span class='ocrx_word' id='word_1_205' title='bbox 206 1902 340 1968; x_wconf 84' lang='lat' dir='ltr'><strong>evenerit,</strong></span> <span class='ocrx_word' id='word_1_206' title='bbox 349 1901 479 1972; x_wconf 88' lang='lat' dir='ltr'><strong>resprius</strong></span> <span class='ocrx_word' id='word_1_207' title='bbox 492 1902 522 1955; x_wconf 92' lang='lat' dir='ltr'><strong>in</strong></span> <span class='ocrx_word' id='word_1_208' title='bbox 537 1901 661 1973; x_wconf 86' lang='lat' dir='ltr'><strong>capitulo</strong></span> <span class='ocrx_word' id='word_1_209' title='bbox 674 1904 848 1970; x_wconf 83' lang='lat' dir='ltr'><strong>ostendatur,</strong></span> <span class='ocrx_word' id='word_1_210' title='bbox 871 1903 972 1958; x_wconf 87' lang='lat' dir='ltr'><strong>dehinc</strong></span> <span class='ocrx_word' id='word_1_211' title='bbox 991 1920 1008 1956; x_wconf 87' lang='lat' dir='ltr'><strong>a</strong></span> <span class='ocrx_word' id='word_1_212' title='bbox 1050 1904 1092 1957; x_wconf 88' lang='lat' dir='ltr'><strong>vel</strong></span> <span class='ocrx_word' id='word_1_213' title='bbox 1106 1903 1190 1974; x_wconf 89' lang='lat' dir='ltr'><strong>prior,</strong></span> <span class='ocrx_word' id='word_1_214' title='bbox 1204 1900 1246 1955; x_wconf 89' lang='lat' dir='ltr'><strong>rel</strong></span> <span class='ocrx_word' id='word_1_215' title='bbox 1260 1899 1362 1970; x_wconf 84' lang='lat' dir='ltr'><strong>aliquis</strong></span> <span class='ocrx_word' id='word_1_216' title='bbox 1372 1897 1526 1969; x_wconf 85' lang='lat' dir='ltr'><strong>spiritualis</strong></span> <span class='ocrx_word' id='word_1_217' title='bbox 1536 1897 1624 1950; x_wconf 87' lang='lat' dir='ltr'><strong>irater</strong></span> <span class='ocrx_word' id='word_1_218' title='bbox 1636 1893 1831 1962; x_wconf 86' lang='lat' dir='ltr'><strong>cuiinjunctum</strong></span> 
     </span>
     <span class='ocr_line' id='line_1_20' title="bbox 205 1981 1832 2063; baseline -0.007 -16"><span class='ocrx_word' id='word_1_219' title='bbox 205 1991 305 2055; x_wconf 76' lang='lat' dir='ltr'><strong>fratre,</strong></span> <span class='ocrx_word' id='word_1_220' title='bbox 321 1990 365 2044; x_wconf 90' lang='lat' dir='ltr'><strong>cui</strong></span> <span class='ocrx_word' id='word_1_221' title='bbox 379 1989 542 2060; x_wconf 89' lang='lat' dir='ltr'><strong>hujusmodi</strong></span> <span class='ocrx_word' id='word_1_222' title='bbox 551 1991 750 2060; x_wconf 89' lang='lat' dir='ltr'><strong>curainjuncta</strong></span> <span class='ocrx_word' id='word_1_223' title='bbox 760 1993 843 2058; x_wconf 88' lang='lat' dir='ltr'><strong>sit,in</strong></span> <span class='ocrx_word' id='word_1_224' title='bbox 853 1993 1007 2063; x_wconf 90' lang='lat' dir='ltr'><strong>capitulum</strong></span> <span class='ocrx_word' id='word_1_225' title='bbox 1049 1991 1142 2047; x_wconf 85' lang='lat' dir='ltr'><strong>suerit.</strong></span> <span class='ocrx_word' id='word_1_226' title='bbox 1157 1989 1237 2055; x_wconf 88' lang='lat' dir='ltr'><strong>Quod</strong></span> <span class='ocrx_word' id='word_1_227' title='bbox 1248 1989 1273 2043; x_wconf 89' lang='lat' dir='ltr'><strong>si</strong></span> <span class='ocrx_word' id='word_1_228' title='bbox 1287 1987 1456 2042; x_wconf 88' lang='lat' dir='ltr'><strong>desiderium</strong></span> <span class='ocrx_word' id='word_1_229' title='bbox 1469 1985 1590 2057; x_wconf 86' lang='lat' dir='ltr'><strong>petentis</strong></span> <span class='ocrx_word' id='word_1_230' title='bbox 1603 2001 1635 2038; x_wconf 86' lang='lat' dir='ltr'><strong>ex</strong></span> <span class='ocrx_word' id='word_1_231' title='bbox 1650 1981 1707 2036; x_wconf 88' lang='lat' dir='ltr'><strong>Deo</strong></span> <span class='ocrx_word' id='word_1_232' title='bbox 1721 1998 1778 2036; x_wconf 90' lang='lat' dir='ltr'><strong>esse</strong></span> <span class='ocrx_word' id='word_1_233' title='bbox 1795 1997 1832 2036; x_wconf 79' lang='lat' dir='ltr'><strong>co</strong></span> 
     </span>
     <span class='ocr_line' id='line_1_21' title="bbox 206 2071 1834 2152; baseline -0.007 -17"><span class='ocrx_word' id='word_1_234' title='bbox 206 2079 373 2143; x_wconf 88' lang='lat' dir='ltr'><strong>deducatur,</strong></span> <span class='ocrx_word' id='word_1_235' title='bbox 399 2077 522 2133; x_wconf 88' lang='lat' dir='ltr'><strong>introeat</strong></span> <span class='ocrx_word' id='word_1_236' title='bbox 548 2084 643 2133; x_wconf 88' lang='lat' dir='ltr'><strong>autem</strong></span> <span class='ocrx_word' id='word_1_237' title='bbox 662 2080 704 2134; x_wconf 92' lang='lat' dir='ltr'><strong>vel</strong></span> <span class='ocrx_word' id='word_1_238' title='bbox 724 2081 824 2148; x_wconf 90' lang='lat' dir='ltr'><strong>nudus,</strong></span> <span class='ocrx_word' id='word_1_239' title='bbox 845 2081 917 2136; x_wconf 90' lang='lat' dir='ltr'><strong>sicut</strong></span> <span class='ocrx_word' id='word_1_240' title='bbox 933 2081 1008 2151; x_wconf 85' lang='lat' dir='ltr'><strong>fugi·</strong></span> <span class='ocrx_word' id='word_1_241' title='bbox 1048 2081 1186 2152; x_wconf 86' lang='lat' dir='ltr'><strong>gnoverit,</strong></span> <span class='ocrx_word' id='word_1_242' title='bbox 1203 2079 1421 2134; x_wconf 87' lang='lat' dir='ltr'><strong>ostendaturres</strong></span> <span class='ocrx_word' id='word_1_243' title='bbox 1439 2074 1573 2130; x_wconf 85' lang='lat' dir='ltr'><strong>iratribus</strong></span> <span class='ocrx_word' id='word_1_244' title='bbox 1588 2073 1619 2128; x_wconf 93' lang='lat' dir='ltr'><strong>in</strong></span> <span class='ocrx_word' id='word_1_245' title='bbox 1629 2071 1758 2144; x_wconf 90' lang='lat' dir='ltr'><strong>capitulo,</strong></span> <span class='ocrx_word' id='word_1_246' title='bbox 1772 2085 1834 2141; x_wconf 92' lang='lat' dir='ltr'><strong>quo·</strong></span> 
     </span>
     <span class='ocr_line' id='line_1_22' title="bbox 206 2157 1834 2242; baseline -0.007 -19"><span class='ocrx_word' id='word_1_247' title='bbox 206 2167 281 2224; x_wconf 86' lang='lat' dir='ltr'><strong>tirus</strong></span> <span class='ocrx_word' id='word_1_248' title='bbox 291 2166 456 2226; x_wconf 89' lang='lat' dir='ltr'><strong>monachus.</strong></span> <span class='ocrx_word' id='word_1_249' title='bbox 472 2167 515 2221; x_wconf 85' lang='lat' dir='ltr'><strong>rel</strong></span> <span class='ocrx_word' id='word_1_250' title='bbox 529 2167 655 2234; x_wconf 88' lang='lat' dir='ltr'><strong>indutus,</strong></span> <span class='ocrx_word' id='word_1_251' title='bbox 677 2175 762 2239; x_wconf 91' lang='lat' dir='ltr'><strong>prout</strong></span> <span class='ocrx_word' id='word_1_252' title='bbox 780 2187 825 2224; x_wconf 90' lang='lat' dir='ltr'><strong>res</strong></span> <span class='ocrx_word' id='word_1_253' title='bbox 840 2169 1006 2242; x_wconf 79' lang='lat' dir='ltr'><strong>poposcerit,</strong></span> <span class='ocrx_word' id='word_1_254' title='bbox 1049 2188 1112 2225; x_wconf 88' lang='lat' dir='ltr'><strong>rum</strong></span> <span class='ocrx_word' id='word_1_255' title='bbox 1127 2169 1223 2225; x_wconf 86' lang='lat' dir='ltr'><strong>audito</strong></span> <span class='ocrx_word' id='word_1_256' title='bbox 1238 2167 1363 2230; x_wconf 90' lang='lat' dir='ltr'><strong>consilio,</strong></span> <span class='ocrx_word' id='word_1_257' title='bbox 1374 2163 1686 2235; x_wconf 88' lang='lat' dir='ltr'><strong>sisuscipicndumeum</strong></span> <span class='ocrx_word' id='word_1_258' title='bbox 1697 2157 1834 2214; x_wconf 84' lang='lat' dir='ltr'><strong>esseabbas</strong></span> 
     </span>
     <span class='ocr_line' id='line_1_23' title="bbox 207 2247 1835 2330; baseline -0.007 -17"><span class='ocrx_word' id='word_1_259' title='bbox 207 2255 385 2314; x_wconf 86' lang='lat' dir='ltr'><strong>considerata</strong></span> <span class='ocrx_word' id='word_1_260' title='bbox 402 2255 539 2327; x_wconf 87' lang='lat' dir='ltr'><strong>qualitate</strong></span> <span class='ocrx_word' id='word_1_261' title='bbox 557 2261 585 2310; x_wconf 91' lang='lat' dir='ltr'><strong>et</strong></span> <span class='ocrx_word' id='word_1_262' title='bbox 604 2258 761 2328; x_wconf 87' lang='lat' dir='ltr'><strong>quantitate</strong></span> <span class='ocrx_word' id='word_1_263' title='bbox 771 2259 813 2314; x_wconf 87' lang='lat' dir='ltr'><strong>vel</strong></span> <span class='ocrx_word' id='word_1_264' title='bbox 827 2257 1008 2330; x_wconf 81' lang='lat' dir='ltr'><strong>praecedentis</strong></span> <span class='ocrx_word' id='word_1_265' title='bbox 1049 2259 1211 2323; x_wconf 84' lang='lat' dir='ltr'><strong>decreverit,</strong></span> <span class='ocrx_word' id='word_1_266' title='bbox 1228 2261 1335 2312; x_wconf 88' lang='lat' dir='ltr'><strong>statuta</strong></span> <span class='ocrx_word' id='word_1_267' title='bbox 1347 2255 1402 2319; x_wconf 87' lang='lat' dir='ltr'><strong>dic,</strong></span> <span class='ocrx_word' id='word_1_268' title='bbox 1424 2254 1543 2308; x_wconf 91' lang='lat' dir='ltr'><strong>ducente</strong></span> <span class='ocrx_word' id='word_1_269' title='bbox 1558 2267 1624 2306; x_wconf 91' lang='lat' dir='ltr'><strong>eum</strong></span> <span class='ocrx_word' id='word_1_270' title='bbox 1649 2248 1776 2322; x_wconf 84' lang='lat' dir='ltr'><strong>prredicto</strong></span> <span class='ocrx_word' id='word_1_271' title='bbox 1791 2247 1835 2300; x_wconf 89' lang='lat' dir='ltr'><strong>ho-</strong></span> 
     </span>
     <span class='ocr_line' id='line_1_24' title="bbox 205 2337 1838 2420; baseline -0.008 -18"><span class='ocrx_word' id='word_1_272' title='bbox 205 2347 295 2418; x_wconf 82' lang='lat' dir='ltr'><strong>culpae</strong></span> <span class='ocrx_word' id='word_1_273' title='bbox 314 2346 357 2399; x_wconf 90' lang='lat' dir='ltr'><strong>vel</strong></span> <span class='ocrx_word' id='word_1_274' title='bbox 375 2343 571 2415; x_wconf 90' lang='lat' dir='ltr'><strong>subsequentis</strong></span> <span class='ocrx_word' id='word_1_275' title='bbox 590 2348 777 2418; x_wconf 82' lang='lat' dir='ltr'><strong>arrogantiae;</strong></span> <span class='ocrx_word' id='word_1_276' title='bbox 799 2355 896 2419; x_wconf 86' lang='lat' dir='ltr'><strong>postea</strong></span> <span class='ocrx_word' id='word_1_277' title='bbox 910 2355 1009 2402; x_wconf 89' lang='lat' dir='ltr'><strong>tracte·</strong></span> <span class='ocrx_word' id='word_1_278' title='bbox 1050 2349 1153 2420; x_wconf 89' lang='lat' dir='ltr'><strong>spitum</strong></span> <span class='ocrx_word' id='word_1_279' title='bbox 1170 2352 1340 2417; x_wconf 87' lang='lat' dir='ltr'><strong>susceptore,</strong></span> <span class='ocrx_word' id='word_1_280' title='bbox 1357 2349 1386 2398; x_wconf 90' lang='lat' dir='ltr'><strong>et</strong></span> <span class='ocrx_word' id='word_1_281' title='bbox 1404 2343 1502 2397; x_wconf 89' lang='lat' dir='ltr'><strong>doctus</strong></span> <span class='ocrx_word' id='word_1_282' title='bbox 1517 2341 1552 2396; x_wconf 89' lang='lat' dir='ltr'><strong>ab</strong></span> <span class='ocrx_word' id='word_1_283' title='bbox 1566 2341 1666 2395; x_wconf 92' lang='lat' dir='ltr'><strong>eodem</strong></span> <span class='ocrx_word' id='word_1_284' title='bbox 1675 2337 1791 2410; x_wconf 86' lang='lat' dir='ltr'><strong>qualiter</strong></span> <span class='ocrx_word' id='word_1_285' title='bbox 1800 2351 1838 2406; x_wconf 76' lang='lat' dir='ltr'><strong>pe·</strong></span> 
     </span>
     <span class='ocr_line' id='line_1_25' title="bbox 206 2425 1836 2508; baseline -0.007 -18"><span class='ocrx_word' id='word_1_286' title='bbox 206 2441 255 2491; x_wconf 91' lang='lat' dir='ltr'><strong>tur</strong></span> <span class='ocrx_word' id='word_1_287' title='bbox 273 2434 347 2489; x_wconf 89' lang='lat' dir='ltr'><strong>sicut</strong></span> <span class='ocrx_word' id='word_1_288' title='bbox 355 2432 485 2504; x_wconf 87' lang='lat' dir='ltr'><strong>superius</strong></span> <span class='ocrx_word' id='word_1_289' title='bbox 499 2432 668 2500; x_wconf 90' lang='lat' dir='ltr'><strong>dictumest,</strong></span> <span class='ocrx_word' id='word_1_290' title='bbox 680 2436 732 2490; x_wconf 87' lang='lat' dir='ltr'><strong>hoc</strong></span> <span class='ocrx_word' id='word_1_291' title='bbox 751 2441 802 2496; x_wconf 81' lang='lat' dir='ltr'><strong>est,</strong></span> <span class='ocrx_word' id='word_1_292' title='bbox 816 2437 858 2490; x_wconf 89' lang='lat' dir='ltr'><strong>vel</strong></span> <span class='ocrx_word' id='word_1_293' title='bbox 872 2437 1007 2508; x_wconf 81' lang='lat' dir='ltr'><strong>graviter,</strong></span> <span class='ocrx_word' id='word_1_294' title='bbox 1049 2437 1177 2492; x_wconf 87' lang='lat' dir='ltr'><strong>titionem</strong></span> <span class='ocrx_word' id='word_1_295' title='bbox 1189 2436 1280 2491; x_wconf 84' lang='lat' dir='ltr'><strong>iacere</strong></span> <span class='ocrx_word' id='word_1_296' title='bbox 1294 2435 1403 2499; x_wconf 89' lang='lat' dir='ltr'><strong>debeat,</strong></span> <span class='ocrx_word' id='word_1_297' title='bbox 1416 2433 1445 2486; x_wconf 92' lang='lat' dir='ltr'><strong>in</strong></span> <span class='ocrx_word' id='word_1_298' title='bbox 1457 2432 1614 2504; x_wconf 88' lang='lat' dir='ltr'><strong>capitulum</strong></span> <span class='ocrx_word' id='word_1_299' title='bbox 1629 2427 1722 2483; x_wconf 89' lang='lat' dir='ltr'><strong>veniat</strong></span> <span class='ocrx_word' id='word_1_300' title='bbox 1738 2425 1836 2490; x_wconf 85' lang='lat' dir='ltr'><strong>inloco,</strong></span> 
     </span>
     <span class='ocr_line' id='line_1_26' title="bbox 208 2512 1837 2598; baseline -0.004 -25"><span class='ocrx_word' id='word_1_301' title='bbox 208 2525 233 2580; x_wconf 84' lang='lat' dir='ltr'><strong>si</strong></span> <span class='ocrx_word' id='word_1_302' title='bbox 245 2522 341 2594; x_wconf 78' lang='lat' dir='ltr'><strong>gravi3</strong></span> <span class='ocrx_word' id='word_1_303' title='bbox 362 2521 406 2576; x_wconf 89' lang='lat' dir='ltr'><strong>vel</strong></span> <span class='ocrx_word' id='word_1_304' title='bbox 425 2520 533 2588; x_wconf 88' lang='lat' dir='ltr'><strong>leviter,</strong></span> <span class='ocrx_word' id='word_1_305' title='bbox 553 2523 576 2576; x_wconf 88' lang='lat' dir='ltr'><strong>si</strong></span> <span class='ocrx_word' id='word_1_306' title='bbox 605 2523 658 2578; x_wconf 88' lang='lat' dir='ltr'><strong>levi</strong></span> <span class='ocrx_word' id='word_1_307' title='bbox 677 2524 765 2597; x_wconf 83' lang='lat' dir='ltr'><strong>culpae</strong></span> <span class='ocrx_word' id='word_1_308' title='bbox 783 2525 868 2580; x_wconf 84' lang='lat' dir='ltr'><strong>luerit</strong></span> <span class='ocrx_word' id='word_1_309' title='bbox 890 2527 1010 2598; x_wconf 87' lang='lat' dir='ltr'><strong>deputa·</strong></span> <span class='ocrx_word' id='word_1_310' title='bbox 1051 2526 1097 2582; x_wconf 94' lang='lat' dir='ltr'><strong>ubi</strong></span> <span class='ocrx_word' id='word_1_311' title='bbox 1112 2527 1253 2597; x_wconf 86' lang='lat' dir='ltr'><strong>prosterni</strong></span> <span class='ocrx_word' id='word_1_312' title='bbox 1268 2524 1348 2586; x_wconf 88' lang='lat' dir='ltr'><strong>solet,</strong></span> <span class='ocrx_word' id='word_1_313' title='bbox 1360 2539 1389 2576; x_wconf 89' lang='lat' dir='ltr'><strong>se</strong></span> <span class='ocrx_word' id='word_1_314' title='bbox 1401 2526 1569 2592; x_wconf 85' lang='lat' dir='ltr'><strong>prosternat,</strong></span> <span class='ocrx_word' id='word_1_315' title='bbox 1582 2512 1837 2587; x_wconf 87' lang='lat' dir='ltr'><strong>interrogatusquid</strong></span> 
     </span>
     <span class='ocr_line' id='line_1_27' title="bbox 208 2601 1840 2687; baseline -0.011 -15"><span class='ocrx_word' id='word_1_316' title='bbox 208 2621 265 2672; x_wconf 85' lang='lat' dir='ltr'><strong>tus.</strong></span> <span class='ocrx_word' id='word_1_317' title='bbox 1051 2616 1135 2682; x_wconf 88' lang='lat' dir='ltr'><strong>dicat,</strong></span> <span class='ocrx_word' id='word_1_318' title='bbox 1151 2631 1236 2687; x_wconf 90' lang='lat' dir='ltr'><strong>quarn</strong></span> <span class='ocrx_word' id='word_1_319' title='bbox 1257 2613 1400 2669; x_wconf 88' lang='lat' dir='ltr'><strong>humiliter</strong></span> <span class='ocrx_word' id='word_1_320' title='bbox 1412 2609 1524 2683; x_wconf 90' lang='lat' dir='ltr'><strong>poterit,</strong></span> <span class='ocrx_word' id='word_1_321' title='bbox 1540 2609 1568 2663; x_wconf 89' lang='lat' dir='ltr'><strong>in</strong></span> <span class='ocrx_word' id='word_1_322' title='bbox 1584 2607 1639 2673; x_wconf 91' lang='lat' dir='ltr'><strong>his,</strong></span> <span class='ocrx_word' id='word_1_323' title='bbox 1654 2606 1697 2660; x_wconf 92' lang='lat' dir='ltr'><strong>vel</strong></span> <span class='ocrx_word' id='word_1_324' title='bbox 1709 2605 1737 2658; x_wconf 93' lang='lat' dir='ltr'><strong>in</strong></span> <span class='ocrx_word' id='word_1_325' title='bbox 1752 2601 1840 2657; x_wconf 89' lang='lat' dir='ltr'><strong>simili-</strong></span> 
     </span>
    </p>

    <p class='ocr_par' dir='ltr' id='par_1_5' title="bbox 209 2692 1845 3308">
     <span class='ocr_line' id='line_1_28' title="bbox 243 2692 1842 2781; baseline -0.013 -16"><span class='ocrx_word' id='word_1_326' title='bbox 243 2709 323 2774; x_wconf 89' lang='lat' dir='ltr'><strong>Quod</strong></span> <span class='ocrx_word' id='word_1_327' title='bbox 337 2709 360 2764; x_wconf 90' lang='lat' dir='ltr'><strong>si</strong></span> <span class='ocrx_word' id='word_1_328' title='bbox 374 2707 475 2781; x_wconf 87' lang='lat' dir='ltr'><strong>spiritu</strong></span> <span class='ocrx_word' id='word_1_329' title='bbox 490 2704 627 2762; x_wconf 89' lang='lat' dir='ltr'><strong>diabolico</strong></span> <span class='ocrx_word' id='word_1_330' title='bbox 644 2705 744 2775; x_wconf 90' lang='lat' dir='ltr'><strong>plenus</strong></span> <span class='ocrx_word' id='word_1_331' title='bbox 758 2704 905 2778; x_wconf 86' lang='lat' dir='ltr'><strong>superbire</strong></span> <span class='ocrx_word' id='word_1_332' title='bbox 920 2703 1009 2776; x_wconf 82' lang='lat' dir='ltr'><strong>magis</strong></span> <span class='ocrx_word' id='word_1_333' title='bbox 1049 2704 1101 2760; x_wconf 91' lang='lat' dir='ltr'><strong>bus</strong></span> <span class='ocrx_word' id='word_1_334' title='bbox 1115 2703 1204 2758; x_wconf 90' lang='lat' dir='ltr'><strong>verbis</strong></span> <span class='ocrx_word' id='word_1_335' title='bbox 1219 2702 1382 2775; x_wconf 88' lang='lat' dir='ltr'><strong>petitionem</strong></span> <span class='ocrx_word' id='word_1_336' title='bbox 1393 2717 1474 2755; x_wconf 90' lang='lat' dir='ltr'><strong>suam</strong></span> <span class='ocrx_word' id='word_1_337' title='bbox 1487 2697 1588 2752; x_wconf 82' lang='lat' dir='ltr'><strong>iaciat:</strong></span> <span class='ocrx_word' id='word_1_338' title='bbox 1607 2695 1685 2752; x_wconf 74' lang='lat' dir='ltr'><strong>«Dei</strong></span> <span class='ocrx_word' id='word_1_339' title='bbox 1699 2692 1842 2748; x_wconf 79' lang='lat' dir='ltr'><strong>misericor</strong></span> 
     </span>
     <span class='ocr_line' id='line_1_29' title="bbox 209 2781 1841 2871; baseline -0.013 -17"><span class='ocrx_word' id='word_1_340' title='bbox 209 2815 293 2871; x_wconf 87' lang='lat' dir='ltr'><strong>quam</strong></span> <span class='ocrx_word' id='word_1_341' title='bbox 309 2797 472 2870; x_wconf 87' lang='lat' dir='ltr'><strong>promittere</strong></span> <span class='ocrx_word' id='word_1_342' title='bbox 487 2792 710 2852; x_wconf 87' lang='lat' dir='ltr'><strong>emendationem</strong></span> <span class='ocrx_word' id='word_1_343' title='bbox 722 2792 848 2863; x_wconf 84' lang='lat' dir='ltr'><strong>elegerit,</strong></span> <span class='ocrx_word' id='word_1_344' title='bbox 860 2794 1010 2848; x_wconf 88' lang='lat' dir='ltr'><strong>adhibean·</strong></span> <span class='ocrx_word' id='word_1_345' title='bbox 1050 2795 1136 2860; x_wconf 92' lang='lat' dir='ltr'><strong>diam,</strong></span> <span class='ocrx_word' id='word_1_346' title='bbox 1152 2798 1181 2848; x_wconf 89' lang='lat' dir='ltr'><strong>et</strong></span> <span class='ocrx_word' id='word_1_347' title='bbox 1194 2797 1313 2846; x_wconf 89' lang='lat' dir='ltr'><strong>vestram</strong></span> <span class='ocrx_word' id='word_1_348' title='bbox 1325 2790 1496 2855; x_wconf 88' lang='lat' dir='ltr'><strong>societatem,</strong></span> <span class='ocrx_word' id='word_1_349' title='bbox 1509 2793 1538 2842; x_wconf 89' lang='lat' dir='ltr'><strong>et</strong></span> <span class='ocrx_word' id='word_1_350' title='bbox 1547 2785 1755 2841; x_wconf 84' lang='lat' dir='ltr'><strong>fraternitatem</strong></span> <span class='ocrx_word' id='word_1_351' title='bbox 1768 2781 1841 2850; x_wconf 87' lang='lat' dir='ltr'><strong>lmjus</strong></span> 
     </span>
     <span class='ocr_line' id='line_1_30' title="bbox 209 2870 1843 2954; baseline -0.012 -12"><span class='ocrx_word' id='word_1_352' title='bbox 209 2893 258 2944; x_wconf 90' lang='lat' dir='ltr'><strong>tur</strong></span> <span class='ocrx_word' id='word_1_353' title='bbox 267 2888 399 2943; x_wconf 87' lang='lat' dir='ltr'><strong>eidetoto</strong></span> <span class='ocrx_word' id='word_1_354' title='bbox 406 2890 545 2942; x_wconf 91' lang='lat' dir='ltr'><strong>conventu</strong></span> <span class='ocrx_word' id='word_1_355' title='bbox 555 2883 715 2938; x_wconf 88' lang='lat' dir='ltr'><strong>orationum</strong></span> <span class='ocrx_word' id='word_1_356' title='bbox 732 2883 874 2954; x_wconf 73' lang='lat' dir='ltr'><strong>suffragia.</strong></span> <span class='ocrx_word' id='word_1_357' title='bbox 896 2883 925 2938; x_wconf 90' lang='lat' dir='ltr'><strong>Si</strong></span> <span class='ocrx_word' id='word_1_358' title='bbox 945 2900 1009 2938; x_wconf 86' lang='lat' dir='ltr'><strong>vero</strong></span> <span class='ocrx_word' id='word_1_359' title='bbox 1051 2882 1245 2954; x_wconf 88' lang='lat' dir='ltr'><strong>locircquiro;</strong></span> <span class='ocrx_word' id='word_1_360' title='bbox 1261 2881 1290 2936; x_wconf 92' lang='lat' dir='ltr'><strong>iu</strong></span> <span class='ocrx_word' id='word_1_361' title='bbox 1315 2882 1367 2935; x_wconf 89' lang='lat' dir='ltr'><strong>hoc</strong></span> <span class='ocrx_word' id='word_1_362' title='bbox 1378 2877 1547 2934; x_wconf 87' lang='lat' dir='ltr'><strong>monasterio</strong></span> <span class='ocrx_word' id='word_1_363' title='bbox 1561 2874 1719 2930; x_wconf 88' lang='lat' dir='ltr'><strong>monachus</strong></span> <span class='ocrx_word' id='word_1_364' title='bbox 1734 2870 1800 2934; x_wconf 80' lang='lat' dir='ltr'><strong>iteri,</strong></span> <span class='ocrx_word' id='word_1_365' title='bbox 1819 2875 1843 2922; x_wconf 88' lang='lat' dir='ltr'><strong>et</strong></span> 
     </span>
     <span class='ocr_line' id='line_1_31' title="bbox 209 2957 1842 3044; baseline -0.013 -12"><span class='ocrx_word' id='word_1_366' title='bbox 209 2977 296 3032; x_wconf 87' lang='lat' dir='ltr'><strong>abbas</strong></span> <span class='ocrx_word' id='word_1_367' title='bbox 325 2993 376 3032; x_wconf 90' lang='lat' dir='ltr'><strong>nee</strong></span> <span class='ocrx_word' id='word_1_368' title='bbox 404 2975 444 3030; x_wconf 87' lang='lat' dir='ltr'><strong>sic</strong></span> <span class='ocrx_word' id='word_1_369' title='bbox 468 2991 549 3030; x_wconf 90' lang='lat' dir='ltr'><strong>suam</strong></span> <span class='ocrx_word' id='word_1_370' title='bbox 575 2971 744 3026; x_wconf 90' lang='lat' dir='ltr'><strong>industriam</strong></span> <span class='ocrx_word' id='word_1_371' title='bbox 768 2969 917 3044; x_wconf 75' lang='lat' dir='ltr'><strong>prevalere</strong></span> <span class='ocrx_word' id='word_1_372' title='bbox 943 2989 1005 3027; x_wconf 89' lang='lat' dir='ltr'><strong>con-</strong></span> <span class='ocrx_word' id='word_1_373' title='bbox 1051 2975 1108 3028; x_wconf 80' lang='lat' dir='ltr'><strong>lieo</strong></span> <span class='ocrx_word' id='word_1_374' title='bbox 1118 2973 1222 3026; x_wconf 85' lang='lat' dir='ltr'><strong>servire</strong></span> <span class='ocrx_word' id='word_1_375' title='bbox 1236 2971 1401 3025; x_wconf 72' lang='lat' dir='ltr'><strong>desidero·</strong></span> <span class='ocrx_word' id='word_1_376' title='bbox 1430 2966 1591 3038; x_wconf 87' lang='lat' dir='ltr'><strong>Respondet</strong></span> <span class='ocrx_word' id='word_1_377' title='bbox 1601 2964 1628 3020; x_wconf 90' lang='lat' dir='ltr'><strong>ei</strong></span> <span class='ocrx_word' id='word_1_378' title='bbox 1643 2962 1739 3028; x_wconf 87' lang='lat' dir='ltr'><strong>abbas,</strong></span> <span class='ocrx_word' id='word_1_379' title='bbox 1751 2961 1789 3014; x_wconf 92' lang='lat' dir='ltr'><strong>vel</strong></span> <span class='ocrx_word' id='word_1_380' title='bbox 1800 2957 1842 3030; x_wconf 93' lang='lat' dir='ltr'><strong>qui</strong></span> 
     </span>
     <span class='ocr_line' id='line_1_32' title="bbox 209 3031 1845 3138; baseline -0.013 -17"><span class='ocrx_word' id='word_1_381' title='bbox 209 3065 342 3138; x_wconf 88' lang='lat' dir='ltr'><strong>spexerit,</strong></span> <span class='ocrx_word' id='word_1_382' title='bbox 358 3064 512 3136; x_wconf 88' lang='lat' dir='ltr'><strong>prudenter</strong></span> <span class='ocrx_word' id='word_1_383' title='bbox 538 3064 640 3116; x_wconf 89' lang='lat' dir='ltr'><strong>tractet</strong></span> <span class='ocrx_word' id='word_1_384' title='bbox 658 3077 722 3115; x_wconf 94' lang='lat' dir='ltr'><strong>cum</strong></span> <span class='ocrx_word' id='word_1_385' title='bbox 746 3061 862 3115; x_wconf 91' lang='lat' dir='ltr'><strong>consilio</strong></span> <span class='ocrx_word' id='word_1_386' title='bbox 883 3031 1041 3115; x_wconf 84' lang='lat' dir='ltr'><strong>omniumC</strong></span> <span class='ocrx_word' id='word_1_387' title='bbox 1052 3063 1111 3116; x_wconf 92' lang='lat' dir='ltr'><strong>loco</strong></span> <span class='ocrx_word' id='word_1_388' title='bbox 1126 3058 1332 3116; x_wconf 89' lang='lat' dir='ltr'><strong>abbatisordini</strong></span> <span class='ocrx_word' id='word_1_389' title='bbox 1344 3063 1467 3130; x_wconf 70' lang='lat' dir='ltr'><strong>praeest:</strong></span> <span class='ocrx_word' id='word_1_390' title='bbox 1487 3055 1693 3117; x_wconf 82' lang='lat' dir='ltr'><strong>nSocietatem‚</strong></span> <span class='ocrx_word' id='word_1_391' title='bbox 1705 3055 1845 3106; x_wconf 86' lang='lat' dir='ltr'><strong>etoonsor·</strong></span> 
     </span>
     <span class='ocr_line' id='line_1_33' title="bbox 209 3140 1845 3221; baseline -0.012 -13"><span class='ocrx_word' id='word_1_392' title='bbox 209 3153 329 3208; x_wconf 83' lang='lat' dir='ltr'><strong>fratrum</strong></span> <span class='ocrx_word' id='word_1_393' title='bbox 347 3157 444 3207; x_wconf 91' lang='lat' dir='ltr'><strong>utrum</strong></span> <span class='ocrx_word' id='word_1_394' title='bbox 460 3148 589 3221; x_wconf 85' lang='lat' dir='ltr'><strong>expediat</strong></span> <span class='ocrx_word' id='word_1_395' title='bbox 608 3163 673 3202; x_wconf 86' lang='lat' dir='ltr'><strong>eum</strong></span> <span class='ocrx_word' id='word_1_396' title='bbox 686 3147 730 3202; x_wconf 85' lang='lat' dir='ltr'><strong>vel</strong></span> <span class='ocrx_word' id='word_1_397' title='bbox 751 3147 857 3202; x_wconf 84' lang='lat' dir='ltr'><strong>diutius</strong></span> <span class='ocrx_word' id='word_1_398' title='bbox 879 3147 1009 3208; x_wconf 79' lang='lat' dir='ltr'><strong>detineri,</strong></span> <span class='ocrx_word' id='word_1_399' title='bbox 1051 3152 1123 3206; x_wconf 93' lang='lat' dir='ltr'><strong>tium</strong></span> <span class='ocrx_word' id='word_1_400' title='bbox 1138 3150 1289 3204; x_wconf 88' lang='lat' dir='ltr'><strong>electorum</strong></span> <span class='ocrx_word' id='word_1_401' title='bbox 1303 3164 1417 3203; x_wconf 90' lang='lat' dir='ltr'><strong>suorum</strong></span> <span class='ocrx_word' id='word_1_402' title='bbox 1434 3145 1569 3201; x_wconf 89' lang='lat' dir='ltr'><strong>concedat</strong></span> <span class='ocrx_word' id='word_1_403' title='bbox 1581 3143 1662 3198; x_wconf 82' lang='lat' dir='ltr'><strong>robis</strong></span> <span class='ocrx_word' id='word_1_404' title='bbox 1677 3140 1845 3210; x_wconf 91' lang='lat' dir='ltr'><strong>omnipotens</strong></span> 
     </span>
     <span class='ocr_line' id='line_1_34' title="bbox 209 3231 1844 3308; baseline -0.005 -18"><span class='ocrx_word' id='word_1_405' title='bbox 209 3241 253 3296; x_wconf 81' lang='lat' dir='ltr'><strong>vel</strong></span> <span class='ocrx_word' id='word_1_406' title='bbox 272 3241 308 3295; x_wconf 83' lang='lat' dir='ltr'><strong>de</strong></span> <span class='ocrx_word' id='word_1_407' title='bbox 317 3238 488 3294; x_wconf 81' lang='lat' dir='ltr'><strong>monasterio</strong></span> <span class='ocrx_word' id='word_1_408' title='bbox 499 3236 609 3308; x_wconf 88' lang='lat' dir='ltr'><strong>expelli.</strong></span> <span class='ocrx_word' id='word_1_409' title='bbox 1053 3241 1145 3306; x_wconf 84' lang='lat' dir='ltr'><strong>lleus;</strong></span> <span class='ocrx_word' id='word_1_410' title='bbox 1168 3257 1181 3292; x_wconf 80' lang='lat' dir='ltr'><strong>a</strong></span> <span class='ocrx_word' id='word_1_411' title='bbox 1202 3243 1231 3294; x_wconf 88' lang='lat' dir='ltr'><strong>et</strong></span> <span class='ocrx_word' id='word_1_412' title='bbox 1245 3253 1379 3308; x_wconf 90' lang='lat' dir='ltr'><strong>responso</strong></span> <span class='ocrx_word' id='word_1_413' title='bbox 1406 3253 1423 3290; x_wconf 88' lang='lat' dir='ltr'><strong>a</strong></span> <span class='ocrx_word' id='word_1_414' title='bbox 1446 3243 1506 3290; x_wconf 85' lang='lat' dir='ltr'><strong>toto</strong></span> <span class='ocrx_word' id='word_1_415' title='bbox 1524 3238 1677 3298; x_wconf 88' lang='lat' dir='ltr'><strong>conventu,</strong></span> <span class='ocrx_word' id='word_1_416' title='bbox 1696 3231 1844 3292; x_wconf 76' lang='lat' dir='ltr'><strong>‹Amenr</strong></span> 
     </span>
    </p>

    <p class='ocr_par' dir='ltr' id='par_1_6' title="bbox 211 3317 1857 4287">
     <span class='ocr_line' id='line_1_35' title="bbox 247 3317 1848 3400; baseline -0.011 -16"><span class='ocrx_word' id='word_1_417' title='bbox 247 3329 393 3400; x_wconf 83' lang='lat' dir='ltr'><strong>Fugitivus</strong></span> <span class='ocrx_word' id='word_1_418' title='bbox 403 3329 437 3382; x_wconf 93' lang='lat' dir='ltr'><strong>de</strong></span> <span class='ocrx_word' id='word_1_419' title='bbox 451 3325 620 3381; x_wconf 88' lang='lat' dir='ltr'><strong>monasterio</strong></span> <span class='ocrx_word' id='word_1_420' title='bbox 635 3324 799 3391; x_wconf 89' lang='lat' dir='ltr'><strong>monachus,</strong></span> <span class='ocrx_word' id='word_1_421' title='bbox 826 3325 850 3379; x_wconf 88' lang='lat' dir='ltr'><strong>si</strong></span> <span class='ocrx_word' id='word_1_422' title='bbox 870 3341 1012 3380; x_wconf 88' lang='lat' dir='ltr'><strong>reversum</strong></span> <span class='ocrx_word' id='word_1_423' title='bbox 1051 3330 1145 3399; x_wconf 83' lang='lat' dir='ltr'><strong>J&#39;ussus</strong></span> <span class='ocrx_word' id='word_1_424' title='bbox 1160 3317 1398 3398; x_wconf 68' lang='lat' dir='ltr'><strong>surgere&#39;surgat,</strong></span> <span class='ocrx_word' id='word_1_425' title='bbox 1415 3323 1637 3397; x_wconf 89' lang='lat' dir='ltr'><strong>pronuntientur</strong></span> <span class='ocrx_word' id='word_1_426' title='bbox 1647 3321 1674 3376; x_wconf 90' lang='lat' dir='ltr'><strong>ei</strong></span> <span class='ocrx_word' id='word_1_427' title='bbox 1684 3321 1756 3374; x_wconf 87' lang='lat' dir='ltr'><strong>dura</strong></span> <span class='ocrx_word' id='word_1_428' title='bbox 1770 3322 1797 3372; x_wconf 88' lang='lat' dir='ltr'><strong>et</strong></span> <span class='ocrx_word' id='word_1_429' title='bbox 1810 3331 1848 3368; x_wconf 89' lang='lat' dir='ltr'><strong>as·</strong></span> 
     </span>
     <span class='ocr_line' id='line_1_36' title="bbox 213 3403 1849 3489; baseline -0.009 -16"><span class='ocrx_word' id='word_1_430' title='bbox 213 3417 250 3473; x_wconf 91' lang='lat' dir='ltr'><strong>ad</strong></span> <span class='ocrx_word' id='word_1_431' title='bbox 260 3414 677 3485; x_wconf 89' lang='lat' dir='ltr'><strong>monasteriumsuscipiendum</strong></span> <span class='ocrx_word' id='word_1_432' title='bbox 691 3429 755 3469; x_wconf 91' lang='lat' dir='ltr'><strong>eum</strong></span> <span class='ocrx_word' id='word_1_433' title='bbox 773 3430 833 3468; x_wconf 88' lang='lat' dir='ltr'><strong>esse</strong></span> <span class='ocrx_word' id='word_1_434' title='bbox 847 3413 933 3469; x_wconf 86' lang='lat' dir='ltr'><strong>abbas</strong></span> <span class='ocrx_word' id='word_1_435' title='bbox 941 3414 1014 3484; x_wconf 88' lang='lat' dir='ltr'><strong>judi·</strong></span> <span class='ocrx_word' id='word_1_436' title='bbox 1054 3433 1131 3489; x_wconf 84' lang='lat' dir='ltr'><strong>pera,</strong></span> <span class='ocrx_word' id='word_1_437' title='bbox 1141 3433 1202 3488; x_wconf 77' lang='lat' dir='ltr'><strong>quse</strong></span> <span class='ocrx_word' id='word_1_438' title='bbox 1217 3417 1245 3470; x_wconf 93' lang='lat' dir='ltr'><strong>in</strong></span> <span class='ocrx_word' id='word_1_439' title='bbox 1261 3416 1312 3469; x_wconf 90' lang='lat' dir='ltr'><strong>hoc</strong></span> <span class='ocrx_word' id='word_1_440' title='bbox 1326 3414 1423 3469; x_wconf 86' lang='lat' dir='ltr'><strong>ordine</strong></span> <span class='ocrx_word' id='word_1_441' title='bbox 1438 3412 1583 3484; x_wconf 81' lang='lat' dir='ltr'><strong>perierunt</strong></span> <span class='ocrx_word' id='word_1_442' title='bbox 1595 3411 1646 3484; x_wconf 92' lang='lat' dir='ltr'><strong>qui</strong></span> <span class='ocrx_word' id='word_1_443' title='bbox 1658 3410 1738 3482; x_wconf 89' lang='lat' dir='ltr'><strong>pieet</strong></span> <span class='ocrx_word' id='word_1_444' title='bbox 1747 3403 1849 3478; x_wconf 85' lang='lat' dir='ltr'><strong>regula·</strong></span> 
     </span>
     <span class='ocr_line' id='line_1_37' title="bbox 212 3498 1848 3574; baseline -0.01 -12"><span class='ocrx_word' id='word_1_445' title='bbox 212 3507 328 3574; x_wconf 83' lang='lat' dir='ltr'><strong>caverit,</strong></span> <span class='ocrx_word' id='word_1_446' title='bbox 345 3506 398 3560; x_wconf 89' lang='lat' dir='ltr'><strong>hoc</strong></span> <span class='ocrx_word' id='word_1_447' title='bbox 412 3503 496 3558; x_wconf 90' lang='lat' dir='ltr'><strong>modo</strong></span> <span class='ocrx_word' id='word_1_448' title='bbox 515 3502 699 3574; x_wconf 89' lang='lat' dir='ltr'><strong>suscipiatur.</strong></span> <span class='ocrx_word' id='word_1_449' title='bbox 722 3503 755 3556; x_wconf 91' lang='lat' dir='ltr'><strong>ln</strong></span> <span class='ocrx_word' id='word_1_450' title='bbox 780 3503 912 3573; x_wconf 90' lang='lat' dir='ltr'><strong>hospitali</strong></span> <span class='ocrx_word' id='word_1_451' title='bbox 931 3503 1014 3558; x_wconf 90' lang='lat' dir='ltr'><strong>domo</strong></span> <span class='ocrx_word' id='word_1_452' title='bbox 1054 3506 1123 3561; x_wconf 86' lang='lat' dir='ltr'><strong>riter</strong></span> <span class='ocrx_word' id='word_1_453' title='bbox 1136 3505 1228 3560; x_wconf 78' lang='lat' dir='ltr'><strong>virere</strong></span> <span class='ocrx_word' id='word_1_454' title='bbox 1240 3505 1344 3558; x_wconf 87' lang='lat' dir='ltr'><strong>volunt.</strong></span> <span class='ocrx_word' id='word_1_455' title='bbox 1362 3505 1432 3559; x_wconf 91' lang='lat' dir='ltr'><strong>ltem</strong></span> <span class='ocrx_word' id='word_1_456' title='bbox 1446 3502 1561 3556; x_wconf 90' lang='lat' dir='ltr'><strong>duriora</strong></span> <span class='ocrx_word' id='word_1_457' title='bbox 1571 3505 1600 3555; x_wconf 90' lang='lat' dir='ltr'><strong>et</strong></span> <span class='ocrx_word' id='word_1_458' title='bbox 1614 3498 1771 3571; x_wconf 90' lang='lat' dir='ltr'><strong>asperiora,</strong></span> <span class='ocrx_word' id='word_1_459' title='bbox 1784 3509 1848 3565; x_wconf 80' lang='lat' dir='ltr'><strong>que,</strong></span> 
     </span>
     <span class='ocr_line' id='line_1_38' title="bbox 213 3582 1847 3666; baseline -0.009 -17"><span class='ocrx_word' id='word_1_460' title='bbox 213 3593 366 3666; x_wconf 87' lang='lat' dir='ltr'><strong>aliquantis</strong></span> <span class='ocrx_word' id='word_1_461' title='bbox 385 3591 484 3647; x_wconf 91' lang='lat' dir='ltr'><strong>diebus</strong></span> <span class='ocrx_word' id='word_1_462' title='bbox 508 3592 631 3664; x_wconf 85' lang='lat' dir='ltr'><strong>primurn</strong></span> <span class='ocrx_word' id='word_1_463' title='bbox 652 3596 774 3656; x_wconf 88' lang='lat' dir='ltr'><strong>maneat,</strong></span> <span class='ocrx_word' id='word_1_464' title='bbox 795 3591 830 3647; x_wconf 92' lang='lat' dir='ltr'><strong>ad</strong></span> <span class='ocrx_word' id='word_1_465' title='bbox 849 3592 1012 3658; x_wconf 87' lang='lat' dir='ltr'><strong>claustrum,</strong></span> <span class='ocrx_word' id='word_1_466' title='bbox 1055 3595 1079 3650; x_wconf 94' lang='lat' dir='ltr'><strong>si</strong></span> <span class='ocrx_word' id='word_1_467' title='bbox 1092 3594 1299 3666; x_wconf 88' lang='lat' dir='ltr'><strong>indisciplinate</strong></span> <span class='ocrx_word' id='word_1_468' title='bbox 1313 3609 1342 3646; x_wconf 90' lang='lat' dir='ltr'><strong>se</strong></span> <span class='ocrx_word' id='word_1_469' title='bbox 1357 3591 1468 3657; x_wconf 88' lang='lat' dir='ltr'><strong>habeat,</strong></span> <span class='ocrx_word' id='word_1_470' title='bbox 1493 3589 1545 3645; x_wconf 91' lang='lat' dir='ltr'><strong>sibi</strong></span> <span class='ocrx_word' id='word_1_471' title='bbox 1568 3594 1709 3660; x_wconf 90' lang='lat' dir='ltr'><strong>poterunt</strong></span> <span class='ocrx_word' id='word_1_472' title='bbox 1736 3582 1847 3640; x_wconf 83' lang='lat' dir='ltr'><strong>evenire.</strong></span> 
     </span>
     <span class='ocr_line' id='line_1_39' title="bbox 212 3671 1849 3752; baseline -0.004 -14"><span class='ocrx_word' id='word_1_473' title='bbox 212 3683 257 3739; x_wconf 89' lang='lat' dir='ltr'><strong>vel</strong></span> <span class='ocrx_word' id='word_1_474' title='bbox 276 3683 312 3738; x_wconf 89' lang='lat' dir='ltr'><strong>ad</strong></span> <span class='ocrx_word' id='word_1_475' title='bbox 331 3681 457 3738; x_wconf 89' lang='lat' dir='ltr'><strong>oisscinas</strong></span> <span class='ocrx_word' id='word_1_476' title='bbox 476 3681 600 3744; x_wconf 89' lang='lat' dir='ltr'><strong>claustri,</strong></span> <span class='ocrx_word' id='word_1_477' title='bbox 621 3680 663 3734; x_wconf 92' lang='lat' dir='ltr'><strong>vel</strong></span> <span class='ocrx_word' id='word_1_478' title='bbox 681 3681 716 3736; x_wconf 88' lang='lat' dir='ltr'><strong>ad</strong></span> <span class='ocrx_word' id='word_1_479' title='bbox 735 3681 948 3748; x_wconf 86' lang='lat' dir='ltr'><strong>monasterium,</strong></span> <span class='ocrx_word' id='word_1_480' title='bbox 960 3680 1014 3736; x_wconf 92' lang='lat' dir='ltr'><strong>nisi</strong></span> <span class='ocrx_word' id='word_1_481' title='bbox 1056 3683 1163 3749; x_wconf 85' lang='lat' dir='ltr'><strong>Quibus</strong></span> <span class='ocrx_word' id='word_1_482' title='bbox 1172 3683 1285 3749; x_wconf 89' lang='lat' dir='ltr'><strong>auditis,</strong></span> <span class='ocrx_word' id='word_1_483' title='bbox 1302 3682 1325 3736; x_wconf 93' lang='lat' dir='ltr'><strong>si</strong></span> <span class='ocrx_word' id='word_1_484' title='bbox 1338 3681 1429 3736; x_wconf 90' lang='lat' dir='ltr'><strong>adhuc</strong></span> <span class='ocrx_word' id='word_1_485' title='bbox 1438 3681 1468 3735; x_wconf 94' lang='lat' dir='ltr'><strong>in</strong></span> <span class='ocrx_word' id='word_1_486' title='bbox 1479 3679 1683 3752; x_wconf 85' lang='lat' dir='ltr'><strong>propositosuo</strong></span> <span class='ocrx_word' id='word_1_487' title='bbox 1693 3671 1849 3749; x_wconf 76' lang='lat' dir='ltr'><strong>perstiterit.</strong></span> 
     </span>
     <span class='ocr_line' id='line_1_40' title="bbox 211 3760 1852 3844; baseline -0.008 -17"><span class='ocrx_word' id='word_1_488' title='bbox 211 3775 308 3844; x_wconf 87' lang='lat' dir='ltr'><strong>jussus</strong></span> <span class='ocrx_word' id='word_1_489' title='bbox 322 3771 483 3826; x_wconf 86' lang='lat' dir='ltr'><strong>nullatenus</strong></span> <span class='ocrx_word' id='word_1_490' title='bbox 501 3769 625 3834; x_wconf 78' lang='lat' dir='ltr'><strong>accedat,</strong></span> <span class='ocrx_word' id='word_1_491' title='bbox 646 3776 677 3825; x_wconf 91' lang='lat' dir='ltr'><strong>ut</strong></span> <span class='ocrx_word' id='word_1_492' title='bbox 700 3770 812 3824; x_wconf 90' lang='lat' dir='ltr'><strong>interim</strong></span> <span class='ocrx_word' id='word_1_493' title='bbox 832 3770 1015 3841; x_wconf 74' lang='lat' dir='ltr'><strong>poenitudinis</strong></span> <span class='ocrx_word' id='word_1_494' title='bbox 1056 3779 1085 3829; x_wconf 89' lang='lat' dir='ltr'><strong>et</strong></span> <span class='ocrx_word' id='word_1_495' title='bbox 1095 3773 1210 3828; x_wconf 90' lang='lat' dir='ltr'><strong>duriora</strong></span> <span class='ocrx_word' id='word_1_496' title='bbox 1222 3778 1252 3826; x_wconf 86' lang='lat' dir='ltr'><strong>et</strong></span> <span class='ocrx_word' id='word_1_497' title='bbox 1263 3771 1407 3843; x_wconf 84' lang='lat' dir='ltr'><strong>asperiora</strong></span> <span class='ocrx_word' id='word_1_498' title='bbox 1425 3787 1455 3825; x_wconf 89' lang='lat' dir='ltr'><strong>se</strong></span> <span class='ocrx_word' id='word_1_499' title='bbox 1470 3773 1599 3842; x_wconf 88' lang='lat' dir='ltr'><strong>paratum</strong></span> <span class='ocrx_word' id='word_1_500' title='bbox 1616 3767 1744 3840; x_wconf 80' lang='lat' dir='ltr'><strong>perform</strong></span> <span class='ocrx_word' id='word_1_501' title='bbox 1753 3760 1852 3834; x_wconf 90' lang='lat' dir='ltr'><strong>promi-</strong></span> 
     </span>
     <span class='ocr_line' id='line_1_41' title="bbox 215 3855 1852 3932; baseline -0.01 -15"><span class='ocrx_word' id='word_1_502' title='bbox 215 3877 283 3928; x_wconf 81' lang='lat' dir='ltr'><strong>sure,</strong></span> <span class='ocrx_word' id='word_1_503' title='bbox 300 3866 329 3915; x_wconf 91' lang='lat' dir='ltr'><strong>et</strong></span> <span class='ocrx_word' id='word_1_504' title='bbox 342 3858 519 3924; x_wconf 90' lang='lat' dir='ltr'><strong>humilitatis,</strong></span> <span class='ocrx_word' id='word_1_505' title='bbox 538 3865 566 3914; x_wconf 88' lang='lat' dir='ltr'><strong>st</strong></span> <span class='ocrx_word' id='word_1_506' title='bbox 584 3858 726 3930; x_wconf 76' lang='lat' dir='ltr'><strong>patientiae</strong></span> <span class='ocrx_word' id='word_1_507' title='bbox 739 3859 851 3930; x_wconf 89' lang='lat' dir='ltr'><strong>aliquod</strong></span> <span class='ocrx_word' id='word_1_508' title='bbox 866 3859 1015 3914; x_wconf 89' lang='lat' dir='ltr'><strong>documen·</strong></span> <span class='ocrx_word' id='word_1_509' title='bbox 1057 3863 1134 3928; x_wconf 84' lang='lat' dir='ltr'><strong>serit,</strong></span> <span class='ocrx_word' id='word_1_510' title='bbox 1152 3861 1356 3932; x_wconf 85' lang='lat' dir='ltr'><strong>respondentur</strong></span> <span class='ocrx_word' id='word_1_511' title='bbox 1375 3860 1401 3914; x_wconf 91' lang='lat' dir='ltr'><strong>ei</strong></span> <span class='ocrx_word' id='word_1_512' title='bbox 1416 3857 1451 3913; x_wconf 89' lang='lat' dir='ltr'><strong>ab</strong></span> <span class='ocrx_word' id='word_1_513' title='bbox 1467 3875 1499 3913; x_wconf 93' lang='lat' dir='ltr'><strong>eo</strong></span> <span class='ocrx_word' id='word_1_514' title='bbox 1516 3857 1563 3928; x_wconf 92' lang='lat' dir='ltr'><strong>qui</strong></span> <span class='ocrx_word' id='word_1_515' title='bbox 1579 3857 1741 3929; x_wconf 87' lang='lat' dir='ltr'><strong>capitulum</strong></span> <span class='ocrx_word' id='word_1_516' title='bbox 1762 3855 1852 3908; x_wconf 88' lang='lat' dir='ltr'><strong>tenet:</strong></span> 
     </span>
     <span class='ocr_line' id='line_1_42' title="bbox 213 3941 1854 4020; baseline -0.008 -14"><span class='ocrx_word' id='word_1_517' title='bbox 213 3954 277 4007; x_wconf 87' lang='lat' dir='ltr'><strong>tum</strong></span> <span class='ocrx_word' id='word_1_518' title='bbox 306 3951 445 4017; x_wconf 89' lang='lat' dir='ltr'><strong>ostendat,</strong></span> <span class='ocrx_word' id='word_1_519' title='bbox 472 3949 567 4004; x_wconf 89' lang='lat' dir='ltr'><strong>nullus</strong></span> <span class='ocrx_word' id='word_1_520' title='bbox 590 3948 677 4002; x_wconf 88' lang='lat' dir='ltr'><strong>irater</strong></span> <span class='ocrx_word' id='word_1_521' title='bbox 705 3965 799 4004; x_wconf 89' lang='lat' dir='ltr'><strong>secum</strong></span> <span class='ocrx_word' id='word_1_522' title='bbox 825 3955 1013 4016; x_wconf 87' lang='lat' dir='ltr'><strong>conversetur,</strong></span> <span class='ocrx_word' id='word_1_523' title='bbox 1060 3951 1226 4006; x_wconf 80' lang='lat' dir='ltr'><strong>cDominus</strong></span> <span class='ocrx_word' id='word_1_524' title='bbox 1240 3949 1460 4004; x_wconf 83' lang='lat' dir='ltr'><strong>lesusOhristus</strong></span> <span class='ocrx_word' id='word_1_525' title='bbox 1474 3941 1854 4020; x_wconf 84' lang='lat' dir='ltr'><strong>sicperllciatinvobisquod</strong></span> 
     </span>
     <span class='ocr_line' id='line_1_43' title="bbox 214 4031 1855 4112; baseline -0.008 -17"><span class='ocrx_word' id='word_1_526' title='bbox 214 4039 310 4095; x_wconf 85' lang='lat' dir='ltr'><strong>nullus</strong></span> <span class='ocrx_word' id='word_1_527' title='bbox 325 4037 351 4094; x_wconf 91' lang='lat' dir='ltr'><strong>ei</strong></span> <span class='ocrx_word' id='word_1_528' title='bbox 365 4038 395 4093; x_wconf 91' lang='lat' dir='ltr'><strong>in</strong></span> <span class='ocrx_word' id='word_1_529' title='bbox 409 4038 505 4111; x_wconf 91' lang='lat' dir='ltr'><strong>aliquo</strong></span> <span class='ocrx_word' id='word_1_530' title='bbox 520 4038 670 4104; x_wconf 87' lang='lat' dir='ltr'><strong>consortio,</strong></span> <span class='ocrx_word' id='word_1_531' title='bbox 685 4038 728 4092; x_wconf 91' lang='lat' dir='ltr'><strong>vel</strong></span> <span class='ocrx_word' id='word_1_532' title='bbox 744 4039 881 4109; x_wconf 90' lang='lat' dir='ltr'><strong>colloquio</strong></span> <span class='ocrx_word' id='word_1_533' title='bbox 901 4041 1017 4109; x_wconf 89' lang='lat' dir='ltr'><strong>conjun-</strong></span> <span class='ocrx_word' id='word_1_534' title='bbox 1058 4057 1108 4112; x_wconf 89' lang='lat' dir='ltr'><strong>pro</strong></span> <span class='ocrx_word' id='word_1_535' title='bbox 1119 4042 1284 4110; x_wconf 83' lang='lat' dir='ltr'><strong>ejusomore</strong></span> <span class='ocrx_word' id='word_1_536' title='bbox 1298 4038 1464 4109; x_wconf 89' lang='lat' dir='ltr'><strong>promittitis</strong></span> <span class='ocrx_word' id='word_1_537' title='bbox 1477 4049 1510 4093; x_wconf 87' lang='lat' dir='ltr'><strong>ut</strong></span> <span class='ocrx_word' id='word_1_538' title='bbox 1523 4038 1583 4106; x_wconf 86' lang='lat' dir='ltr'><strong>ojus</strong></span> <span class='ocrx_word' id='word_1_539' title='bbox 1595 4037 1724 4108; x_wconf 85' lang='lat' dir='ltr'><strong>gratiam</strong></span> <span class='ocrx_word' id='word_1_540' title='bbox 1738 4039 1767 4088; x_wconf 92' lang='lat' dir='ltr'><strong>et</strong></span> <span class='ocrx_word' id='word_1_541' title='bbox 1776 4031 1855 4085; x_wconf 82' lang='lat' dir='ltr'><strong>vitam</strong></span> 
     </span>
     <span class='ocr_line' id='line_1_44' title="bbox 215 4123 1856 4200; baseline -0.008 -17"><span class='ocrx_word' id='word_1_542' title='bbox 215 4133 311 4200; x_wconf 87' lang='lat' dir='ltr'><strong>gatur,</strong></span> <span class='ocrx_word' id='word_1_543' title='bbox 322 4127 377 4183; x_wconf 90' lang='lat' dir='ltr'><strong>nisi</strong></span> <span class='ocrx_word' id='word_1_544' title='bbox 388 4127 413 4182; x_wconf 91' lang='lat' dir='ltr'><strong>ei</strong></span> <span class='ocrx_word' id='word_1_545' title='bbox 428 4127 463 4182; x_wconf 89' lang='lat' dir='ltr'><strong>ab</strong></span> <span class='ocrx_word' id='word_1_546' title='bbox 477 4126 647 4198; x_wconf 63' lang='lat' dir='ltr'><strong>abbate,:vel</strong></span> <span class='ocrx_word' id='word_1_547' title='bbox 658 4143 675 4180; x_wconf 92' lang='lat' dir='ltr'><strong>a</strong></span> <span class='ocrx_word' id='word_1_548' title='bbox 687 4127 790 4197; x_wconf 89' lang='lat' dir='ltr'><strong>priore,</strong></span> <span class='ocrx_word' id='word_1_549' title='bbox 806 4128 848 4182; x_wconf 86' lang='lat' dir='ltr'><strong>vel</strong></span> <span class='ocrx_word' id='word_1_550' title='bbox 868 4127 903 4182; x_wconf 89' lang='lat' dir='ltr'><strong>ab</strong></span> <span class='ocrx_word' id='word_1_551' title='bbox 921 4145 954 4184; x_wconf 91' lang='lat' dir='ltr'><strong>eo</strong></span> <span class='ocrx_word' id='word_1_552' title='bbox 969 4127 1017 4199; x_wconf 92' lang='lat' dir='ltr'><strong>qui</strong></span> <span class='ocrx_word' id='word_1_553' title='bbox 1058 4135 1191 4185; x_wconf 80' lang='lat' dir='ltr'><strong>eternam</strong></span> <span class='ocrx_word' id='word_1_554' title='bbox 1207 4127 1310 4182; x_wconf 88' lang='lat' dir='ltr'><strong>habere</strong></span> <span class='ocrx_word' id='word_1_555' title='bbox 1324 4127 1446 4199; x_wconf 88' lang='lat' dir='ltr'><strong>possitis.</strong></span> <span class='ocrx_word' id='word_1_556' title='bbox 1469 4148 1482 4178; x_wconf 72' lang='lat' dir='ltr'><strong>n</strong></span> <span class='ocrx_word' id='word_1_557' title='bbox 1501 4126 1535 4181; x_wconf 86' lang='lat' dir='ltr'><strong>Et</strong></span> <span class='ocrx_word' id='word_1_558' title='bbox 1550 4123 1791 4197; x_wconf 86' lang='lat' dir='ltr'><strong>respondentibus</strong></span> <span class='ocrx_word' id='word_1_559' title='bbox 1804 4133 1856 4171; x_wconf 89' lang='lat' dir='ltr'><strong>om·</strong></span> 
     </span>
     <span class='ocr_line' id='line_1_45' title="bbox 216 4213 1857 4287; baseline -0.01 -13"><span class='ocrx_word' id='word_1_560' title='bbox 216 4223 309 4274; x_wconf 85' lang='lat' dir='ltr'><strong>servat</strong></span> <span class='ocrx_word' id='word_1_561' title='bbox 322 4217 450 4272; x_wconf 90' lang='lat' dir='ltr'><strong>ordinem</strong></span> <span class='ocrx_word' id='word_1_562' title='bbox 463 4216 606 4287; x_wconf 85' lang='lat' dir='ltr'><strong>jubeatur.</strong></span> <span class='ocrx_word' id='word_1_563' title='bbox 1059 4217 1151 4284; x_wconf 90' lang='lat' dir='ltr'><strong>nibus,</strong></span> <span class='ocrx_word' id='word_1_564' title='bbox 1169 4239 1180 4266; x_wconf 86' lang='grc' dir='ltr'>ι</span> <span class='ocrx_word' id='word_1_565' title='bbox 1196 4218 1296 4282; x_wconf 82' lang='lat' dir='ltr'><strong>Amen,</strong></span> <span class='ocrx_word' id='word_1_566' title='bbox 1314 4233 1327 4269; x_wconf 80' lang='lat' dir='ltr'><strong>s</strong></span> <span class='ocrx_word' id='word_1_567' title='bbox 1341 4216 1491 4286; x_wconf 87' lang='lat' dir='ltr'><strong>subjungat</strong></span> <span class='ocrx_word' id='word_1_568' title='bbox 1501 4233 1506 4270; x_wconf 96' lang='lat'><strong>:</strong></span> <span class='ocrx_word' id='word_1_569' title='bbox 1517 4213 1571 4269; x_wconf 78' lang='lat' dir='ltr'><strong>«Et</strong></span> <span class='ocrx_word' id='word_1_570' title='bbox 1580 4213 1857 4285; x_wconf 86' lang='lat' dir='ltr'><strong>nosproejusamore</strong></span> 
     </span>
    </p>

    <p class='ocr_par' dir='ltr' id='par_1_7' title="bbox 170 4297 1864 4914">
     <span class='ocr_line' id='line_1_46' title="bbox 252 4297 1855 4378; baseline -0.009 -16"><span class='ocrx_word' id='word_1_571' title='bbox 252 4307 365 4362; x_wconf 86' lang='lat' dir='ltr'><strong>Eavero</strong></span> <span class='ocrx_word' id='word_1_572' title='bbox 379 4306 424 4361; x_wconf 90' lang='lat' dir='ltr'><strong>die</strong></span> <span class='ocrx_word' id='word_1_573' title='bbox 441 4323 497 4377; x_wconf 91' lang='lat' dir='ltr'><strong>qua</strong></span> <span class='ocrx_word' id='word_1_574' title='bbox 509 4306 538 4360; x_wconf 93' lang='lat' dir='ltr'><strong>in</strong></span> <span class='ocrx_word' id='word_1_575' title='bbox 560 4305 716 4378; x_wconf 87' lang='lat' dir='ltr'><strong>capitulum</strong></span> <span class='ocrx_word' id='word_1_576' title='bbox 731 4306 888 4362; x_wconf 90' lang='lat' dir='ltr'><strong>intraturus</strong></span> <span class='ocrx_word' id='word_1_577' title='bbox 914 4313 967 4374; x_wconf 90' lang='lat' dir='ltr'><strong>est,</strong></span> <span class='ocrx_word' id='word_1_578' title='bbox 987 4308 1016 4364; x_wconf 91' lang='lat' dir='ltr'><strong>in</strong></span> <span class='ocrx_word' id='word_1_579' title='bbox 1060 4307 1112 4362; x_wconf 92' lang='lat' dir='ltr'><strong>hoc</strong></span> <span class='ocrx_word' id='word_1_580' title='bbox 1125 4305 1409 4362; x_wconf 87' lang='lat' dir='ltr'><strong>tenorecoucedimus</strong></span> <span class='ocrx_word' id='word_1_581' title='bbox 1421 4304 1505 4370; x_wconf 89' lang='lat' dir='ltr'><strong>vobis,</strong></span> <span class='ocrx_word' id='word_1_582' title='bbox 1523 4304 1598 4376; x_wconf 91' lang='lat' dir='ltr'><strong>quod</strong></span> <span class='ocrx_word' id='word_1_583' title='bbox 1622 4311 1684 4358; x_wconf 87' lang='lat' dir='ltr'><strong>tam</strong></span> <span class='ocrx_word' id='word_1_584' title='bbox 1707 4297 1855 4356; x_wconf 85' lang='lat' dir='ltr'><strong>humiliter,</strong></span> 
     </span>
     <span class='ocr_line' id='line_1_47' title="bbox 214 4385 1859 4466; baseline -0.004 -16"><span class='ocrx_word' id='word_1_585' title='bbox 214 4395 353 4451; x_wconf 88' lang='lat' dir='ltr'><strong>locutorio</strong></span> <span class='ocrx_word' id='word_1_586' title='bbox 359 4394 532 4450; x_wconf 90' lang='lat' dir='ltr'><strong>vestimentis</strong></span> <span class='ocrx_word' id='word_1_587' title='bbox 540 4396 734 4461; x_wconf 82' lang='lat' dir='ltr'><strong>suisseexust,</strong></span> <span class='ocrx_word' id='word_1_588' title='bbox 747 4395 889 4462; x_wconf 87' lang='lat' dir='ltr'><strong>staminia,</strong></span> <span class='ocrx_word' id='word_1_589' title='bbox 905 4397 927 4451; x_wconf 89' lang='lat' dir='ltr'><strong>si</strong></span> <span class='ocrx_word' id='word_1_590' title='bbox 939 4396 1016 4451; x_wconf 74' lang='lat' dir='ltr'><strong>habi·</strong></span> <span class='ocrx_word' id='word_1_591' title='bbox 1058 4403 1087 4451; x_wconf 86' lang='lat' dir='ltr'><strong>et</strong></span> <span class='ocrx_word' id='word_1_592' title='bbox 1101 4403 1158 4452; x_wconf 87' lang='lat' dir='ltr'><strong>tam</strong></span> <span class='ocrx_word' id='word_1_593' title='bbox 1170 4400 1331 4451; x_wconf 87' lang='lat' dir='ltr'><strong>constanter</strong></span> <span class='ocrx_word' id='word_1_594' title='bbox 1344 4393 1496 4466; x_wconf 87' lang='lat' dir='ltr'><strong>requiritis.</strong></span> <span class='ocrx_word' id='word_1_595' title='bbox 1517 4413 1528 4445; x_wconf 75' lang='lat' dir='ltr'><strong>a</strong></span> <span class='ocrx_word' id='word_1_596' title='bbox 1543 4393 1604 4448; x_wconf 89' lang='lat' dir='ltr'><strong>lloc</strong></span> <span class='ocrx_word' id='word_1_597' title='bbox 1614 4393 1719 4448; x_wconf 87' lang='lat' dir='ltr'><strong>audito</strong></span> <span class='ocrx_word' id='word_1_598' title='bbox 1743 4385 1859 4445; x_wconf 74' lang='lat' dir='ltr'><strong>novitius</strong></span> 
     </span>
     <span class='ocr_line' id='line_1_48' title="bbox 216 4477 1860 4555; baseline -0.007 -15"><span class='ocrx_word' id='word_1_599' title='bbox 216 4483 471 4553; x_wconf 87' lang='lat' dir='ltr'><strong>tumnonreliquit,</strong></span> <span class='ocrx_word' id='word_1_600' title='bbox 483 4483 683 4554; x_wconf 86' lang='lat' dir='ltr'><strong>circumposito</strong></span> <span class='ocrx_word' id='word_1_601' title='bbox 691 4485 802 4555; x_wconf 87' lang='lat' dir='ltr'><strong>cingulo</strong></span> <span class='ocrx_word' id='word_1_602' title='bbox 812 4485 1016 4541; x_wconf 88' lang='lat' dir='ltr'><strong>secircumcin-</strong></span> <span class='ocrx_word' id='word_1_603' title='bbox 1057 4487 1149 4550; x_wconf 86' lang='lat' dir='ltr'><strong>vadat,</strong></span> <span class='ocrx_word' id='word_1_604' title='bbox 1170 4490 1199 4540; x_wconf 89' lang='lat' dir='ltr'><strong>et</strong></span> <span class='ocrx_word' id='word_1_605' title='bbox 1227 4484 1372 4539; x_wconf 89' lang='lat' dir='ltr'><strong>humiliter</strong></span> <span class='ocrx_word' id='word_1_606' title='bbox 1398 4484 1540 4539; x_wconf 85' lang='lat' dir='ltr'><strong>osculetur</strong></span> <span class='ocrx_word' id='word_1_607' title='bbox 1558 4481 1646 4554; x_wconf 88' lang='lat' dir='ltr'><strong>pedes</strong></span> <span class='ocrx_word' id='word_1_608' title='bbox 1661 4481 1764 4554; x_wconf 91' lang='lat' dir='ltr'><strong>ipsius.</strong></span> <span class='ocrx_word' id='word_1_609' title='bbox 1788 4477 1860 4532; x_wconf 83' lang='lat' dir='ltr'><strong>Tunc</strong></span> 
     </span>
     <span class='ocr_line' id='line_1_49' title="bbox 216 4564 1861 4647; baseline -0.004 -21"><span class='ocrx_word' id='word_1_610' title='bbox 216 4571 392 4645; x_wconf 87' lang='lat' dir='ltr'><strong>gat,sinistro</strong></span> <span class='ocrx_word' id='word_1_611' title='bbox 401 4571 657 4628; x_wconf 83' lang='lat' dir='ltr'><strong>brachiocucullam</strong></span> <span class='ocrx_word' id='word_1_612' title='bbox 667 4573 810 4645; x_wconf 88' lang='lat' dir='ltr'><strong>plicatam,</strong></span> <span class='ocrx_word' id='word_1_613' title='bbox 822 4579 850 4629; x_wconf 89' lang='lat' dir='ltr'><strong>et</strong></span> <span class='ocrx_word' id='word_1_614' title='bbox 864 4575 892 4629; x_wconf 91' lang='lat' dir='ltr'><strong>in</strong></span> <span class='ocrx_word' id='word_1_615' title='bbox 902 4574 1017 4631; x_wconf 82' lang='lat' dir='ltr'><strong>dextera</strong></span> <span class='ocrx_word' id='word_1_616' title='bbox 1057 4576 1118 4647; x_wconf 91' lang='lat' dir='ltr'><strong>ipso</strong></span> <span class='ocrx_word' id='word_1_617' title='bbox 1131 4574 1308 4647; x_wconf 79' lang='lat' dir='ltr'><strong>precipiente</strong></span> <span class='ocrx_word' id='word_1_618' title='bbox 1320 4573 1405 4627; x_wconf 87' lang='lat' dir='ltr'><strong>ducat</strong></span> <span class='ocrx_word' id='word_1_619' title='bbox 1419 4588 1483 4627; x_wconf 92' lang='lat' dir='ltr'><strong>eum</strong></span> <span class='ocrx_word' id='word_1_620' title='bbox 1499 4572 1636 4643; x_wconf 84' lang='lat' dir='ltr'><strong>magister</strong></span> <span class='ocrx_word' id='word_1_621' title='bbox 1651 4569 1824 4626; x_wconf 90' lang='lat' dir='ltr'><strong>novitiorum</strong></span> <span class='ocrx_word' id='word_1_622' title='bbox 1834 4564 1861 4618; x_wconf 93' lang='lat' dir='ltr'><strong>in</strong></span> 
     </span>
     <span class='ocr_line' id='line_1_50' title="bbox 219 4656 1864 4734; baseline -0.005 -18"><span class='ocrx_word' id='word_1_623' title='bbox 219 4659 688 4731; x_wconf 87' lang='lat' dir='ltr'><strong>manuvirgassumat,etsicnudis</strong></span> <span class='ocrx_word' id='word_1_624' title='bbox 698 4663 824 4734; x_wconf 90' lang='lat' dir='ltr'><strong>pedibus,</strong></span> <span class='ocrx_word' id='word_1_625' title='bbox 838 4669 866 4718; x_wconf 92' lang='lat' dir='ltr'><strong>et</strong></span> <span class='ocrx_word' id='word_1_626' title='bbox 877 4664 952 4719; x_wconf 92' lang='lat' dir='ltr'><strong>nudo</strong></span> <span class='ocrx_word' id='word_1_627' title='bbox 967 4664 1016 4720; x_wconf 91' lang='lat' dir='ltr'><strong>de·</strong></span> <span class='ocrx_word' id='word_1_628' title='bbox 1058 4663 1212 4728; x_wconf 86' lang='lat' dir='ltr'><strong>ecclesiam,</strong></span> <span class='ocrx_word' id='word_1_629' title='bbox 1224 4661 1317 4733; x_wconf 90' lang='lat' dir='ltr'><strong>ibique</strong></span> <span class='ocrx_word' id='word_1_630' title='bbox 1334 4676 1427 4716; x_wconf 92' lang='lat' dir='ltr'><strong>coram</strong></span> <span class='ocrx_word' id='word_1_631' title='bbox 1442 4659 1567 4732; x_wconf 87' lang='lat' dir='ltr'><strong>quolibet</strong></span> <span class='ocrx_word' id='word_1_632' title='bbox 1581 4661 1670 4716; x_wconf 86' lang='lat' dir='ltr'><strong>altari</strong></span> <span class='ocrx_word' id='word_1_633' title='bbox 1701 4666 1781 4713; x_wconf 86' lang='lat' dir='ltr'><strong>extra</strong></span> <span class='ocrx_word' id='word_1_634' title='bbox 1804 4656 1864 4709; x_wconf 89' lang='lat' dir='ltr'><strong>cho·</strong></span> 
     </span>
     <span class='ocr_line' id='line_1_51' title="bbox 217 4743 1863 4822; baseline -0.003 -18"><span class='ocrx_word' id='word_1_635' title='bbox 217 4748 1019 4822; x_wconf 83' lang='lat' dir='ltr'><strong>supercorporeducenteeumiratrecuiinjunctumluerit</strong></span> <span class='ocrx_word' id='word_1_636' title='bbox 1058 4769 1120 4808; x_wconf 91' lang='lat' dir='ltr'><strong>rum</strong></span> <span class='ocrx_word' id='word_1_637' title='bbox 1149 4752 1249 4806; x_wconf 89' lang='lat' dir='ltr'><strong>sedens</strong></span> <span class='ocrx_word' id='word_1_638' title='bbox 1273 4751 1459 4822; x_wconf 86' lang='lat' dir='ltr'><strong>praestoletur,</strong></span> <span class='ocrx_word' id='word_1_639' title='bbox 1484 4751 1572 4804; x_wconf 91' lang='lat' dir='ltr'><strong>donec</strong></span> <span class='ocrx_word' id='word_1_640' title='bbox 1594 4749 1760 4821; x_wconf 89' lang='lat' dir='ltr'><strong>capitulum</strong></span> <span class='ocrx_word' id='word_1_641' title='bbox 1786 4743 1863 4800; x_wconf 85' lang='lat' dir='ltr'><strong>linis·</strong></span> 
     </span>
     <span class='ocr_line' id='line_1_52' title="bbox 170 4836 1114 4914; baseline 0.004 -23"><span class='ocrx_word' id='word_1_642' title='bbox 170 4855 173 4864; x_wconf 72' lang='grc'><em>’</em></span> <span class='ocrx_word' id='word_1_643' title='bbox 218 4836 248 4892; x_wconf 93' lang='lat' dir='ltr'><strong>in</strong></span> <span class='ocrx_word' id='word_1_644' title='bbox 259 4836 412 4908; x_wconf 89' lang='lat' dir='ltr'><strong>capitulum</strong></span> <span class='ocrx_word' id='word_1_645' title='bbox 428 4838 528 4894; x_wconf 85' lang='lat' dir='ltr'><strong>veniat.</strong></span> <span class='ocrx_word' id='word_1_646' title='bbox 543 4839 604 4904; x_wconf 88' lang='lat' dir='ltr'><strong>Quo</strong></span> <span class='ocrx_word' id='word_1_647' title='bbox 614 4840 768 4911; x_wconf 84' lang='lat' dir='ltr'><strong>ingressus,</strong></span> <span class='ocrx_word' id='word_1_648' title='bbox 784 4840 812 4895; x_wconf 93' lang='lat' dir='ltr'><strong>in</strong></span> <span class='ocrx_word' id='word_1_649' title='bbox 824 4843 883 4896; x_wconf 91' lang='lat' dir='ltr'><strong>loco</strong></span> <span class='ocrx_word' id='word_1_650' title='bbox 895 4841 942 4897; x_wconf 91' lang='lat' dir='ltr'><strong>ubi</strong></span> <span class='ocrx_word' id='word_1_651' title='bbox 953 4859 1017 4914; x_wconf 90' lang='lat' dir='ltr'><strong>pro·</strong></span> <span class='ocrx_word' id='word_1_652' title='bbox 1058 4847 1114 4896; x_wconf 90' lang='lat' dir='ltr'><strong>tur.</strong></span> 
     </span>
    </p>

    <p class='ocr_par' dir='ltr' id='par_1_8' title="bbox 218 4925 1865 5002">
     <span class='ocr_line' id='line_1_53' title="bbox 218 4925 1865 5002; baseline -0.002 -20"><span class='ocrx_word' id='word_1_653' title='bbox 218 4926 384 4982; x_wconf 86' lang='lat' dir='ltr'><strong>sternisolet</strong></span> <span class='ocrx_word' id='word_1_654' title='bbox 393 4927 488 4982; x_wconf 88' lang='lat' dir='ltr'><strong>statim</strong></span> <span class='ocrx_word' id='word_1_655' title='bbox 506 4944 536 4982; x_wconf 89' lang='lat' dir='ltr'><strong>se</strong></span> <span class='ocrx_word' id='word_1_656' title='bbox 550 4934 719 5000; x_wconf 87' lang='lat' dir='ltr'><strong>prosternat,</strong></span> <span class='ocrx_word' id='word_1_657' title='bbox 732 4930 921 5002; x_wconf 88' lang='lat' dir='ltr'><strong>interrogatus</strong></span> <span class='ocrx_word' id='word_1_658' title='bbox 942 4949 1019 4987; x_wconf 88' lang='lat' dir='ltr'><strong>more</strong></span> <span class='ocrx_word' id='word_1_659' title='bbox 1096 4931 1157 4994; x_wconf 88' lang='lat' dir='ltr'><strong>Quo</strong></span> <span class='ocrx_word' id='word_1_660' title='bbox 1169 4929 1258 4996; x_wconf 89' lang='lat' dir='ltr'><strong>linito,</strong></span> <span class='ocrx_word' id='word_1_661' title='bbox 1271 4931 1355 4985; x_wconf 90' lang='lat' dir='ltr'><strong>ducat</strong></span> <span class='ocrx_word' id='word_1_662' title='bbox 1366 4946 1429 4985; x_wconf 90' lang='lat' dir='ltr'><strong>eum</strong></span> <span class='ocrx_word' id='word_1_663' title='bbox 1440 4929 1589 5002; x_wconf 78' lang='lat' dir='ltr'><strong>praedictus</strong></span> <span class='ocrx_word' id='word_1_664' title='bbox 1600 4929 1745 5001; x_wconf 89' lang='lat' dir='ltr'><strong>magister</strong></span> <span class='ocrx_word' id='word_1_665' title='bbox 1758 4943 1825 4983; x_wconf 88' lang='lat' dir='ltr'><strong>suus</strong></span> <span class='ocrx_word' id='word_1_666' title='bbox 1839 4925 1865 4979; x_wconf 92' lang='lat' dir='ltr'><strong>in</strong></span> 
     </span>
    </p>

    <p class='ocr_par' dir='ltr' id='par_1_9' title="bbox 219 5013 1866 5091">
     <span class='ocr_line' id='line_1_54' title="bbox 219 5013 1866 5091; baseline -0.003 -18"><span class='ocrx_word' id='word_1_667' title='bbox 219 5015 302 5073; x_wconf 87' lang='lat' dir='ltr'><strong>solito</strong></span> <span class='ocrx_word' id='word_1_668' title='bbox 316 5017 427 5088; x_wconf 90' lang='lat' dir='ltr'><strong>culpam</strong></span> <span class='ocrx_word' id='word_1_669' title='bbox 442 5017 532 5084; x_wconf 74' lang='lat' dir='ltr'><strong>dicat,</strong></span> <span class='ocrx_word' id='word_1_670' title='bbox 545 5017 647 5072; x_wconf 90' lang='lat' dir='ltr'><strong>dehinc</strong></span> <span class='ocrx_word' id='word_1_671' title='bbox 658 5018 758 5073; x_wconf 89' lang='lat' dir='ltr'><strong>sedens</strong></span> <span class='ocrx_word' id='word_1_672' title='bbox 778 5022 950 5091; x_wconf 89' lang='lat' dir='ltr'><strong>corporalem</strong></span> <span class='ocrx_word' id='word_1_673' title='bbox 975 5021 1018 5075; x_wconf 93' lang='lat' dir='ltr'><strong>di·</strong></span> <span class='ocrx_word' id='word_1_674' title='bbox 1060 5019 1157 5074; x_wconf 87' lang='lat' dir='ltr'><strong>cellam</strong></span> <span class='ocrx_word' id='word_1_675' title='bbox 1171 5019 1328 5082; x_wconf 86' lang='lat' dir='ltr'><strong>camerarii,</strong></span> <span class='ocrx_word' id='word_1_676' title='bbox 1345 5019 1387 5073; x_wconf 85' lang='lat' dir='ltr'><strong>rei</strong></span> <span class='ocrx_word' id='word_1_677' title='bbox 1399 5020 1427 5074; x_wconf 91' lang='lat' dir='ltr'><strong>in</strong></span> <span class='ocrx_word' id='word_1_678' title='bbox 1439 5019 1521 5074; x_wconf 86' lang='lat' dir='ltr'><strong>aliam</strong></span> <span class='ocrx_word' id='word_1_679' title='bbox 1536 5019 1666 5084; x_wconf 88' lang='lat' dir='ltr'><strong>domum,</strong></span> <span class='ocrx_word' id='word_1_680' title='bbox 1687 5018 1739 5074; x_wconf 90' lang='lat' dir='ltr'><strong>ubi</strong></span> <span class='ocrx_word' id='word_1_681' title='bbox 1753 5018 1781 5072; x_wconf 91' lang='lat' dir='ltr'><strong>id</strong></span> <span class='ocrx_word' id='word_1_682' title='bbox 1795 5013 1866 5088; x_wconf 91' lang='lat' dir='ltr'><strong>quod</strong></span> 
     </span>
    </p>

    <p class='ocr_par' dir='ltr' id='par_1_10' title="bbox 197 5103 1873 5630">
     <span class='ocr_line' id='line_1_55' title="bbox 217 5103 1867 5181; baseline -0.002 -21"><span class='ocrx_word' id='word_1_683' title='bbox 217 5103 365 5177; x_wconf 86' lang='lat' dir='ltr'><strong>scipliuam</strong></span> <span class='ocrx_word' id='word_1_684' title='bbox 380 5107 416 5160; x_wconf 91' lang='lat' dir='ltr'><strong>ad</strong></span> <span class='ocrx_word' id='word_1_685' title='bbox 429 5106 577 5178; x_wconf 89' lang='lat' dir='ltr'><strong>imperium</strong></span> <span class='ocrx_word' id='word_1_686' title='bbox 593 5106 702 5162; x_wconf 86' lang='lat' dir='ltr'><strong>abbatis</strong></span> <span class='ocrx_word' id='word_1_687' title='bbox 722 5109 864 5181; x_wconf 89' lang='lat' dir='ltr'><strong>suscipiat.</strong></span> <span class='ocrx_word' id='word_1_688' title='bbox 885 5111 944 5175; x_wconf 86' lang='lat' dir='ltr'><strong>Qua</strong></span> <span class='ocrx_word' id='word_1_689' title='bbox 960 5126 1018 5165; x_wconf 88' lang='lat' dir='ltr'><strong>sus·</strong></span> <span class='ocrx_word' id='word_1_690' title='bbox 1060 5109 1200 5178; x_wconf 87' lang='lat' dir='ltr'><strong>agendum</strong></span> <span class='ocrx_word' id='word_1_691' title='bbox 1226 5114 1277 5174; x_wconf 87' lang='lat' dir='ltr'><strong>ast,</strong></span> <span class='ocrx_word' id='word_1_692' title='bbox 1294 5111 1479 5180; x_wconf 86' lang='lat' dir='ltr'><strong>opportunius</strong></span> <span class='ocrx_word' id='word_1_693' title='bbox 1503 5108 1563 5164; x_wconf 82' lang='lat' dir='ltr'><strong>steri</strong></span> <span class='ocrx_word' id='word_1_694' title='bbox 1590 5111 1694 5180; x_wconf 89' lang='lat' dir='ltr'><strong>possit,</strong></span> <span class='ocrx_word' id='word_1_695' title='bbox 1722 5107 1867 5164; x_wconf 85' lang='lat' dir='ltr'><strong>benedicta</strong></span> 
     </span>
     <span class='ocr_line' id='line_1_56' title="bbox 217 5196 1870 5272; baseline -0.001 -22"><span class='ocrx_word' id='word_1_696' title='bbox 217 5203 309 5268; x_wconf 92' lang='lat' dir='ltr'><strong>cepta,</strong></span> <span class='ocrx_word' id='word_1_697' title='bbox 325 5196 558 5252; x_wconf 86' lang='lat' dir='ltr'><strong>cucullatuntum</strong></span> <span class='ocrx_word' id='word_1_698' title='bbox 578 5196 616 5250; x_wconf 89' lang='lat' dir='ltr'><strong>ibi</strong></span> <span class='ocrx_word' id='word_1_699' title='bbox 639 5197 749 5264; x_wconf 85' lang='lat' dir='ltr'><strong>induta,</strong></span> <span class='ocrx_word' id='word_1_700' title='bbox 764 5198 838 5254; x_wconf 90' lang='lat' dir='ltr'><strong>siout</strong></span> <span class='ocrx_word' id='word_1_701' title='bbox 860 5199 944 5264; x_wconf 86' lang='lat' dir='ltr'><strong>venit,</strong></span> <span class='ocrx_word' id='word_1_702' title='bbox 970 5201 1018 5255; x_wconf 90' lang='lat' dir='ltr'><strong>sed</strong></span> <span class='ocrx_word' id='word_1_703' title='bbox 1060 5197 1365 5270; x_wconf 84' lang='lat' dir='ltr'><strong>sibip1·iuscorona,si</strong></span> <span class='ocrx_word' id='word_1_704' title='bbox 1385 5200 1533 5264; x_wconf 89' lang='lat' dir='ltr'><strong>laicussit,</strong></span> <span class='ocrx_word' id='word_1_705' title='bbox 1560 5215 1624 5254; x_wconf 89' lang='lat' dir='ltr'><strong>cnm</strong></span> <span class='ocrx_word' id='word_1_706' title='bbox 1647 5197 1828 5272; x_wconf 86' lang='lat' dir='ltr'><strong>antiphonis,</strong></span> <span class='ocrx_word' id='word_1_707' title='bbox 1843 5199 1870 5249; x_wconf 92' lang='lat' dir='ltr'><strong>et</strong></span> 
     </span>
     <span class='ocr_line' id='line_1_57' title="bbox 197 5283 1869 5358; baseline -0.002 -18"><span class='ocrx_word' id='word_1_708' title='bbox 197 5283 201 5292; x_wconf 85' lang='grc'><strong>’</strong></span> <span class='ocrx_word' id='word_1_709' title='bbox 218 5299 275 5340; x_wconf 90' lang='lat' dir='ltr'><strong>non</strong></span> <span class='ocrx_word' id='word_1_710' title='bbox 288 5283 381 5340; x_wconf 81' lang='lat' dir='ltr'><strong>ferens</strong></span> <span class='ocrx_word' id='word_1_711' title='bbox 398 5283 500 5356; x_wconf 86' lang='lat' dir='ltr'><strong>virgas,</strong></span> <span class='ocrx_word' id='word_1_712' title='bbox 518 5283 547 5339; x_wconf 93' lang='lat' dir='ltr'><strong>in</strong></span> <span class='ocrx_word' id='word_1_713' title='bbox 563 5284 730 5340; x_wconf 88' lang='lat' dir='ltr'><strong>locutorium</strong></span> <span class='ocrx_word' id='word_1_714' title='bbox 745 5287 853 5348; x_wconf 88' lang='lat' dir='ltr'><strong>redeat.</strong></span> <span class='ocrx_word' id='word_1_715' title='bbox 867 5288 905 5342; x_wconf 92' lang='lat' dir='ltr'><strong>ibi</strong></span> <span class='ocrx_word' id='word_1_716' title='bbox 920 5306 950 5344; x_wconf 93' lang='lat' dir='ltr'><strong>se</strong></span> <span class='ocrx_word' id='word_1_717' title='bbox 961 5289 1024 5343; x_wconf 65' lang='lat' dir='ltr'><strong>cal-u</strong></span> <span class='ocrx_word' id='word_1_718' title='bbox 1061 5288 1185 5358; x_wconf 86' lang='lat' dir='ltr'><strong>psalmis,</strong></span> <span class='ocrx_word' id='word_1_719' title='bbox 1199 5294 1228 5342; x_wconf 92' lang='lat' dir='ltr'><strong>et</strong></span> <span class='ocrx_word' id='word_1_720' title='bbox 1241 5288 1374 5354; x_wconf 79' lang='lat' dir='ltr'><strong>collectis,</strong></span> <span class='ocrx_word' id='word_1_721' title='bbox 1390 5289 1426 5343; x_wconf 85' lang='lat' dir='ltr'><strong>nd</strong></span> <span class='ocrx_word' id='word_1_722' title='bbox 1448 5289 1500 5343; x_wconf 90' lang='lat' dir='ltr'><strong>hoc</strong></span> <span class='ocrx_word' id='word_1_723' title='bbox 1520 5287 1645 5342; x_wconf 83' lang='lat' dir='ltr'><strong>oificium</strong></span> <span class='ocrx_word' id='word_1_724' title='bbox 1661 5287 1815 5354; x_wconf 88' lang='lat' dir='ltr'><strong>ordinatis,</strong></span> <span class='ocrx_word' id='word_1_725' title='bbox 1829 5283 1869 5337; x_wconf 87' lang='lat' dir='ltr'><strong>rel</strong></span> 
     </span>
     <span class='ocr_line' id='line_1_58' title="bbox 218 5373 1871 5448; baseline 0.001 -20"><span class='ocrx_word' id='word_1_726' title='bbox 218 5377 280 5428; x_wconf 87' lang='lat' dir='ltr'><strong>caet</strong></span> <span class='ocrx_word' id='word_1_727' title='bbox 290 5379 318 5428; x_wconf 87' lang='lat' dir='ltr'><strong>et</strong></span> <span class='ocrx_word' id='word_1_728' title='bbox 328 5373 498 5445; x_wconf 86' lang='lat' dir='ltr'><strong>regulariter</strong></span> <span class='ocrx_word' id='word_1_729' title='bbox 512 5373 620 5439; x_wconf 88' lang='lat' dir='ltr'><strong>induat,</strong></span> <span class='ocrx_word' id='word_1_730' title='bbox 636 5380 665 5427; x_wconf 91' lang='lat' dir='ltr'><strong>et</strong></span> <span class='ocrx_word' id='word_1_731' title='bbox 679 5375 709 5429; x_wconf 94' lang='lat' dir='ltr'><strong>in</strong></span> <span class='ocrx_word' id='word_1_732' title='bbox 723 5377 876 5447; x_wconf 87' lang='lat' dir='ltr'><strong>capitulum</strong></span> <span class='ocrx_word' id='word_1_733' title='bbox 896 5377 1016 5446; x_wconf 87' lang='lat' dir='ltr'><strong>rediens,</strong></span> <span class='ocrx_word' id='word_1_734' title='bbox 1061 5377 1089 5432; x_wconf 92' lang='lat' dir='ltr'><strong>in</strong></span> <span class='ocrx_word' id='word_1_735' title='bbox 1104 5377 1220 5432; x_wconf 88' lang='lat' dir='ltr'><strong>ecclesia</strong></span> <span class='ocrx_word' id='word_1_736' title='bbox 1231 5383 1296 5432; x_wconf 88' lang='lat' dir='ltr'><strong>ante</strong></span> <span class='ocrx_word' id='word_1_737' title='bbox 1305 5376 1451 5432; x_wconf 89' lang='lat' dir='ltr'><strong>introitum</strong></span> <span class='ocrx_word' id='word_1_738' title='bbox 1465 5377 1555 5432; x_wconf 80' lang='lat' dir='ltr'><strong>missae</strong></span> <span class='ocrx_word' id='word_1_739' title='bbox 1570 5377 1604 5432; x_wconf 88' lang='lat' dir='ltr'><strong>ad</strong></span> <span class='ocrx_word' id='word_1_740' title='bbox 1614 5379 1747 5448; x_wconf 85' lang='lat' dir='ltr'><strong>gradum</strong></span> <span class='ocrx_word' id='word_1_741' title='bbox 1760 5377 1809 5432; x_wconf 91' lang='lat' dir='ltr'><strong>ubi</strong></span> <span class='ocrx_word' id='word_1_742' title='bbox 1823 5375 1871 5430; x_wconf 89' lang='lat' dir='ltr'><strong>bc·</strong></span> 
     </span>
     <span class='ocr_line' id='line_1_59' title="bbox 219 5461 1871 5538; baseline 0.001 -20"><span class='ocrx_word' id='word_1_743' title='bbox 219 5461 318 5518; x_wconf 85' lang='lat' dir='ltr'><strong>tandiu</strong></span> <span class='ocrx_word' id='word_1_744' title='bbox 343 5479 373 5518; x_wconf 87' lang='lat' dir='ltr'><strong>se</strong></span> <span class='ocrx_word' id='word_1_745' title='bbox 390 5467 559 5534; x_wconf 83' lang='lat' dir='ltr'><strong>prosternat,</strong></span> <span class='ocrx_word' id='word_1_746' title='bbox 575 5463 663 5519; x_wconf 88' lang='lat' dir='ltr'><strong>donec</strong></span> <span class='ocrx_word' id='word_1_747' title='bbox 683 5465 718 5519; x_wconf 89' lang='lat' dir='ltr'><strong>ab</strong></span> <span class='ocrx_word' id='word_1_748' title='bbox 732 5465 833 5521; x_wconf 90' lang='lat' dir='ltr'><strong>abbate</strong></span> <span class='ocrx_word' id='word_1_749' title='bbox 845 5467 955 5523; x_wconf 87' lang='lat' dir='ltr'><strong>dicatur</strong></span> <span class='ocrx_word' id='word_1_750' title='bbox 969 5467 994 5522; x_wconf 91' lang='lat' dir='ltr'><strong>ei</strong></span> <span class='ocrx_word' id='word_1_751' title='bbox 1010 5485 1015 5520; x_wconf 95' lang='lat'><strong>:</strong></span> <span class='ocrx_word' id='word_1_752' title='bbox 1059 5466 1231 5522; x_wconf 91' lang='lat' dir='ltr'><strong>nedictiones</strong></span> <span class='ocrx_word' id='word_1_753' title='bbox 1241 5467 1342 5521; x_wconf 83' lang='lat' dir='ltr'><strong>iratres</strong></span> <span class='ocrx_word' id='word_1_754' title='bbox 1352 5466 1501 5537; x_wconf 88' lang='lat' dir='ltr'><strong>accipiunt,</strong></span> <span class='ocrx_word' id='word_1_755' title='bbox 1517 5467 1562 5522; x_wconf 91' lang='lat' dir='ltr'><strong>vel</strong></span> <span class='ocrx_word' id='word_1_756' title='bbox 1572 5467 1728 5538; x_wconf 86' lang='lat' dir='ltr'><strong>incapella</strong></span> <span class='ocrx_word' id='word_1_757' title='bbox 1742 5469 1871 5523; x_wconf 82' lang='lat' dir='ltr'><strong>intirmo-</strong></span> 
     </span>
     <span class='ocr_line' id='line_1_60' title="bbox 220 5543 1873 5630; baseline 0.002 -24"><span class='ocrx_word' id='word_1_758' title='bbox 220 5551 356 5622; x_wconf 77' lang='lat' dir='ltr'><strong>Sufficiat.</strong></span> <span class='ocrx_word' id='word_1_759' title='bbox 372 5553 539 5624; x_wconf 77' lang='lat' dir='ltr'><strong>Iniungatur</strong></span> <span class='ocrx_word' id='word_1_760' title='bbox 551 5551 978 5628; x_wconf 67' lang='lat' dir='ltr'><strong>eisatisfacciogrcvisculpmec</strong></span> <span class='ocrx_word' id='word_1_761' title='bbox 989 5555 1018 5612; x_wconf 92' lang='lat' dir='ltr'><strong>in</strong></span> <span class='ocrx_word' id='word_1_762' title='bbox 1060 5573 1134 5625; x_wconf 87' lang='lat' dir='ltr'><strong>mm,</strong></span> <span class='ocrx_word' id='word_1_763' title='bbox 1152 5557 1243 5613; x_wconf 90' lang='lat' dir='ltr'><strong>autin</strong></span> <span class='ocrx_word' id='word_1_764' title='bbox 1258 5557 1366 5628; x_wconf 88' lang='lat' dir='ltr'><strong>capelia</strong></span> <span class='ocrx_word' id='word_1_765' title='bbox 1389 5554 1508 5624; x_wconf 88' lang='lat' dir='ltr'><strong>abbatis,</strong></span> <span class='ocrx_word' id='word_1_766' title='bbox 1533 5557 1695 5614; x_wconf 89' lang='lat' dir='ltr'><strong>secondum</strong></span> <span class='ocrx_word' id='word_1_767' title='bbox 1718 5556 1796 5630; x_wconf 91' lang='lat' dir='ltr'><strong>quod</strong></span> <span class='ocrx_word' id='word_1_768' title='bbox 1822 5543 1873 5629; x_wconf 82' lang='lat' dir='ltr'><strong>ipsi</strong></span> 
     </span>
    </p>
   </div>
   <div class='ocr_carea' id='block_1_3' title="bbox 0 0 1949 6176">
    <p class='ocr_par' dir='ltr' id='par_1_11' title="bbox 0 0 1949 6176">
     <span class='ocr_line' id='line_1_61' title="bbox 0 0 1949 6176; baseline 0 0"><span class='ocrx_word' id='word_1_769' title='bbox 0 0 1949 6176; x_wconf 95' lang='lat' dir='ltr'><strong> </strong></span> 
     </span>
    </p>
   </div>
  </div>
 </body>
</html>
