3882 6172
245 295 299 367 'tas
737 313 770 372 n.
789 311 997 373 mmmmm
1016 315 1197 376 emesan.
1217 317 1384 376 anemae.
1802 317 1848 380 tto

247 435 384 491 calculum
400 439 505 509 adjicit.
524 441 636 511 Suppar
649 441 679 496 B.
698 442 854 496 Laniranco
870 447 977 508 auctor,
990 442 1220 502 Ra-Atulrienda
1234 444 1494 515 corroborandaqua
1506 439 1721 500 auctoritatibus.
1732 441 1808 501 Liber
1814 448 1851 503 lie

248 524 370 596 dulpltus
384 525 502 593 Ardeae,
531 531 664 584 concione
688 531 717 584 in
738 531 837 584 litania
856 533 963 601 majore
980 536 1043 600 post
1082 551 1148 590 vera
1163 539 1190 589 et
1204 534 1274 588 salsa
1287 533 1414 588 doctrina
1438 533 1562 596 (nomine
1576 533 1606 587 B.
1622 534 1789 604 augustinia
1804 537 1850 605 ple

248 612 359 667 initium
385 633 424 669 :r
452 615 504 671 Gui
527 619 588 673 lieri
616 619 699 673 debet
721 619 876 673 consessio?
899 620 1042 673 Confessio
1083 624 1177 695 risque
1191 625 1316 690 citatus),
1328 639 1352 675 o.
1371 619 1413 686 ln,
1429 621 1458 675 in
1472 621 1696 692 appendicetom.
1712 623 1851 694 lVoperun

246 701 435 758 criminalium
451 705 533 760 debet
545 707 606 761 lieri
615 707 762 774 sacerdoti,
774 713 802 762 et
811 707 1042 777 nominatim,qui
1083 713 1210 785 eJ'usdem
1224 711 1384 782 Augustini,
1403 711 1463 766 haec
1475 710 1652 781 suppeditat:
1670 729 1682 761 ι
1701 711 1853 765 verecundia

248 789 326 844 solue
352 791 456 847 babeat
476 800 644 866 potestatem
668 796 774 867 ligandi
794 803 878 868 atque
905 798 1039 864 solvendi,
1083 817 1186 872 inagna
1199 806 1241 855 est
1256 815 1355 871 poena;
1372 799 1419 870 qui
1434 797 1574 854 erubescit
1586 814 1635 870 pro
1650 799 1754 853 cbristo
1767 799 1853 869 dignm

247 877 321 932 sient
334 885 363 933 et
384 881 467 952 lepra
483 884 621 952 judicium
645 886 711 940 solis
733 886 924 940 sacerdotibus
937 886 966 940 in
981 886 1042 957 lege
1084 886 1855 959 estrenia.vlltpostpauca:«Tantaitaquaslsconiessic

247 973 309 1021 erat
317 970 507 1025 commissum.
520 973 733 1028 tlont'essiorero
740 975 900 1030 venialium.
913 976 1042 1030 alterutri
1083 980 1126 1034 nis
1145 983 1188 1032 est
1210 982 1242 1032 ut
1262 977 1286 1031 si
1308 977 1387 1030 deest
1405 976 1544 1038 sacerdes,
1558 975 1722 1030 confiteatur·
1734 976 1853 1046 proximo.

247 1061 276 1108 ct
300 1057 423 1126 cuilibet,
451 1060 537 1116 etiam
563 1061 666 1116 minori
684 1068 777 1134 potest
797 1065 880 1118 lieri:
907 1065 1040 1135 quoniam
1084 1069 1163 1139 Saepe
1186 1067 1261 1122 enim
1284 1065 1422 1136 contingit
1448 1063 1521 1136 quod
1545 1065 1682 1136 punitam
1705 1079 1757 1117 uon
1778 1069 1857 1133 potest

246 1151 361 1216 propter
374 1147 493 1202 venialia
517 1163 572 1204 non
596 1157 744 1222 separatur
763 1153 846 1207 bomo
865 1154 966 1219 alteo,
986 1153 1041 1208 nisi
1084 1157 1210 1211 confiteri
1224 1169 1319 1210 coram
1344 1154 1498 1214 sacerdote,
1524 1167 1607 1224 quem
1631 1150 1792 1206 desideranti
1812 1165 1855 1205 nec

247 1249 298 1304 per
311 1235 448 1290 incuriam
465 1253 470 1289 :
487 1238 560 1292 sicut
582 1253 634 1293 nec
653 1256 704 1310 per
717 1241 848 1308 scabiem,
865 1243 907 1295 vel
923 1257 973 1312 per
986 1241 1041 1295 im·
1084 1246 1159 1300 locus
1174 1259 1226 1299 nec
1240 1249 1351 1314 tempus
1370 1243 1460 1296 ollert.
1481 1242 1515 1296 Et
1536 1241 1559 1295 si
1583 1241 1630 1295 ille
1645 1240 1688 1294 cui
1701 1239 1858 1294 confitebitur

248 1321 410 1390 petiginem,
427 1324 528 1395 aliquis
539 1326 566 1380 in
577 1327 638 1396 lege
649 1328 833 1398 separabatur
846 1347 862 1383 u
874 1329 982 1386 castris,
999 1330 1043 1383 Fit
1083 1339 1251 1406 potestatem
1272 1331 1397 1386 solvendi
1422 1345 1478 1384 non
1505 1327 1598 1392 habat,
1615 1329 1647 1383 nt
1664 1333 1755 1383 tamen
1772 1327 1857 1396 dignus

247 1415 340 1462 “utem
356 1411 414 1465 ¹¹1⁶ss
426 1413 570 1479 0⁰¹¹f⁰³8i⁰1
587 1431 643 1470 non
655 1417 729 1486 quod
744 1418 858 1487 possita
870 1418 1043 1488 peccatisab
1083 1424 1162 1478 venia
1176 1439 1207 1476 ex
1223 1421 1362 1476 desiderio
1379 1419 1542 1485 sacerdotis,
1564 1419 1612 1489 qui
1636 1417 1708 1471 socio
1728 1417 1858 1472 coalitum

247 1497 363 1564 solvere,
375 1501 422 1554 sed
435 1503 501 1572 quia
516 1509 630 1574 propter
643 1506 784 1576 propriam
803 1507 1037 1572 humiliationem,
1081 1511 1286 1584 turpitudinem
1302 1509 1437 1563 criminis.
1455 1507 1584 1562 nunnae
1596 1506 1671 1561 enim
1686 1501 1857 1574 conleprosi,

246 1589 275 1637 at
297 1595 475 1656 peccatorum
498 1599 659 1648 nostrorum
679 1595 895 1658 accusationem,
921 1596 1040 1648 munda·
1081 1602 1148 1657 dum
1165 1601 1239 1655 irent
1253 1594 1671 1660 ostendereorssacerdotibuS,
1683 1592 1859 1664 antequamad

241 1675 310 1728 'mur
324 1691 342 1728 a
357 1679 477 1748 peccatis
493 1697 499 1732 :
516 1681 595 1734 Unde
611 1687 639 1735 et
652 1698 708 1736 non
721 1683 916 1750 dicimuszllpo
931 1685 1040 1738 distritio
1082 1707 1129 1746 eos
1149 1687 1328 1761 pervenirent
1345 1689 1422 1755 (tuo.
1437 1697 1504 1751 xvir,
1524 1681 1577 1752 lt).
1594 1684 1674 1738 Unde
1692 1687 1766 1754 patet
1778 1681 1858 1735 Domi-

248 1764 299 1816 it'bi
310 1771 420 1832 pectilia
438 1774 486 1821 itta
494 1785 503 1832 ,‘
523 1770 572 1823 Sed
598 1771 717 1825 dicimus
731 1772 837 1826 orando
855 1791 861 1825 Ξ
878 1753 1151 1834 Misereotnrssnuffi
1164 1779 1199 1832 ad
1211 1793 1259 1830 cor
1270 1771 1712 1846 respicere,dum01necesg'rl320
1729 1769 1859 1841 prohiben-

249 1853 292 1906 tua'
310 1859 481 1923 canoipotcna
495 1860 575 1928 Dans,
593 1877 605 1910 a
622 1865 674 1914 etc.
688 1861 750 1914 lluc
763 1877 853 1932 usque
868 1861 1040 1932 Radulpnua
1082 1872 1131 1923 tur
1153 1866 1188 1921 ad
1213 1865 1373 1918 sacerdotes
1396 1863 1537 1916 accedere.
1562 1880 1574 1911 ι
1599 1861 1700 1916 Petrus
1719 1857 1858 1922 bombard,

248 1941 295 2012 qui
310 1944 413 1998 mirum
429 1946 458 1998 in
471 1947 584 2000 modum
609 1949 776 2004 sententiam
791 1950 864 2004 banc
878 1950 912 2003 de
927 1950 1043 2004 occultis
1084 1955 1147 2012 libr,
1163 1969 1200 2009 ιν,
1217 1955 1354 2008 Samene„
1378 1951 1502 2005 distinct,
1520 1947 1563 2004 ιι,
1582 1965 1596 2000 ι
1616 1948 1647 2003 Si
1660 1945 1775 2001 deluerit
1786 1959 1861 1998 sacer.

249 2035 277 2084 et
291 2032 396 2101 apertis
406 2033 515 2089 delictis
529 2036 661 2090 illustrat.
1084 2043 1145 2110 dos,
1161 2043 1287 2115 proximo
1315 2041 1359 2094 vel
1382 2039 1457 2094 socio
1483 2043 1526 2093 est
1545 2035 1674 2092 iacienda
1698 2035 1860 2090 confessio.)

282 2119 309 2174 3.
325 2119 380 2174 Per
389 2122 439 2176 illa
453 2123 546 2192 verba,
561 2129 675 2188 occulto,
684 2131 713 2180 et
720 2133 824 2196 opertu,
841 2127 1043 2184 contessionem
1084 2133 1167 2196 ltem,
1183 2131 1256 2185 infra
1272 2148 1278 2182 ε
1296 2149 1307 2181 ι
1333 2127 1506 2192 Quaerendus
1519 2131 1562 2180 cst
1576 2125 1708 2180 sacerdos
1722 2123 1823 2194 sapiens
1839 2125 1862 2174 et

247 2205 277 2260 in
290 2223 393 2278 genere
409 2225 442 2265 ae
455 2211 484 2265 in
499 2215 590 2283 specie
612 2216 704 2268 notari
723 2216 820 2269 volunt
840 2218 966 2270 nonnulli
984 2235 989 2270 :
1005 2218 1044 2272 si·
1085 2223 1233 2283 discretus,
1250 2219 1370 2290 quicum
1382 2220 1521 2288 potestate
1528 2215 1611 2270 simul
1624 2213 1724 2268 babeat
1731 2211 1860 2283 judicium

248 2296 362 2366 quidem
381 2315 445 2354 cum
464 2301 492 2354 in
511 2317 615 2372 genere
629 2304 749 2358 dicimus
765 2323 770 2356 :
789 2305 847 2374 Ego
861 2306 1043 2376 gravissimus
1084 2311 1131 2382 qui
1143 2311 1166 2364 si
1178 2310 1249 2363 sorte
1261 2306 1390 2370 desuerit,
1405 2304 1531 2358 confiteri
1541 2303 1625 2357 debet
1640 2302 1722 2356 socio.
1744 2319 1754 2351 ι
1770 2298 1860 2354 Deinde

249 2391 380 2454 peccator
402 2387 431 2442 in
452 2389 548 2444 multis
561 2392 725 2446 criminibus
745 2393 868 2447 divinam
887 2394 1042 2448 bonitatem
1084 2399 1181 2453 multis
1196 2395 1361 2464 interjectis,
1383 2395 1459 2448 exD.
1471 2389 1782 2464 chrysostomoproiert
1798 2388 1860 2441 ista:

248 2474 350 2529 offendi
367 2495 373 2529 ι
389 2491 452 2532 cum
467 2481 617 2535 recitamus
631 2482 837 2537 ConllteorDeo
847 2483 1042 2554 omnipotenti,
1088 2507 1099 2540 ι
1121 2487 1173 2551 Qui
1193 2487 1273 2540 timet
1286 2483 1421 2554 J'udicium
1437 2481 1497 2547 Dei,
1514 2487 1660 2552 peccatum
1675 2493 1729 2532 non
1743 2471 1864 2530 eruoadt

248 2568 313 2630 etc,
333 2566 504 2622 occultamus
526 2575 648 2638 peccata,
665 2571 891 2641 quandoquidem
909 2587 941 2624 ea
956 2573 1043 2626 nomi·
1085 2575 1222 2631 confiteri.
1240 2574 1383 2629 Perfectus
1394 2571 1481 2625 timor
1500 2568 1584 2625 solvit
1597 2583 1710 2623 omnem
1725 2565 1862 2637 pudorem

248 2653 337 2706 natim
356 2653 472 2710 minime
496 2658 682 2712 declaramus.
703 2660 853 2729 Speciatim
872 2665 967 2714 autem
992 2661 1044 2715 cri·
1084 2665 1220 2720 consessio
1229 2662 1332 2734 peccati
1344 2661 1480 2731 pudorem
1488 2659 1682 2729 babet,etipsa
1691 2652 1865 2710 erubescentia

248 2741 326 2796 mina
341 2757 393 2796 sua
404 2745 467 2815 quis
481 2747 591 2818 aperire
606 2747 740 2812 noscitur,
761 2747 827 2802 dum
850 2765 875 2802 v.
894 2766 922 2819 g.
940 2749 1045 2803 latetur
1085 2760 1128 2808 est
1138 2752 1231 2824 gravis
1245 2767 1335 2823 puna.
1351 2749 1472 2820 ideoque
1479 2747 1613 2818 jubemur
1622 2745 1747 2800 cantitari
1757 2749 1863 2816 peccata

250 2843 279 2883 se
293 2829 322 2884 ln
337 2830 551 2904 blasphemiam,
572 2835 794 2903 fornicationem,
816 2843 880 2902 etc,
898 2838 982 2891 toties
1004 2839 1045 2892 in·
1085 2840 1344 2897 utembescentiam
1355 2837 1653 2910 patiamurpcopnena.
1667 2829 1865 2890 carloman

249 2917 360 2974 cidisse.
378 2921 412 2975 Et
426 2924 574 2992 posteriori
596 2925 649 2978 hoc
665 2926 747 2978 modo
763 2931 876 2996 peccata
891 2926 941 2980 soli
957 2941 1046 2980 sacer·
1085 2931 1206 2994 isent,
1216 2929 1281 2984 dist.
1296 2926 1336 2992 ll,
1352 2944 1377 2997 q.
1393 2925 1418 2991 3,
1435 2931 1487 2979 art.
1504 2925 1531 2990 3,
1549 2924 1584 2977 ad
1604 2941 1612 2976 ι
1627 2939 1713 2993 agens
1727 2920 1760 2974 de
1775 2916 1865 2972 mulas·

247 3007 316 3073 doti,
331 3007 491 3080 quiligandi
504 3011 606 3066 babent
620 3019 785 3084 potestatem
798 3021 825 3067 et
835 3015 969 3082 solvendi,
979 3020 1046 3070 sunt
1087 3020 1163 3074 sione
1178 3011 1391 3078 laicofacienda,
1406 3013 1453 3068 ubi
1468 3007 1804 3082 deestcopiasacerdotis,
1816 3006 1865 3060 ait:

248 3097 418 3152 confitenda.
433 3101 477 3154 lta
494 3100 652 3156 Alexander
663 3103 697 3156 de
706 3101 771 3156 Alis
787 3103 816 3156 in
829 3103 856 3158 t.
870 3111 943 3157 sent.
959 3119 985 3174 q.
998 3103 1042 3160 78.
1054 3108 1100 3169 ss«
1122 3107 1241 3172 Quando
1251 3105 1402 3160 necessitas
1410 3101 1548 3168 imminet,
1556 3095 1640 3156 debet
1647 3096 1866 3169 lacerepuenitens

247 3191 301 3241 ¹¹st-
318 3185 342 3244 1·
1085 3198 1159 3270 quod
1177 3213 1209 3250 ex
1222 3201 1301 3266 parte
1316 3209 1366 3248 suo
1381 3199 1433 3257 eat,
1457 3191 1563 3245 scilicet
1581 3189 1689 3246 conteri
1710 3194 1738 3242 et
1755 3183 1867 3241 conburi

283 3275 312 3331 t.
328 3275 475 3332 Rationem
491 3293 541 3333 cur
552 3280 618 3334 olim
633 3279 897 3352 fueritusurecepta
910 3281 1044 3336 confessio
1085 3287 1130 3341 cui
1144 3291 1245 3357 potest,
1262 3284 1308 3356 qui
1323 3281 1450 3355 quamvis
1460 3287 1668 3338 sacramentum
1683 3278 1866 3350 perlicerenon

248 3373 343 3417 coram
351 3365 433 3426 laico,
444 3366 579 3422 adierunt
587 3369 659 3422 banc
672 3369 806 3438 theologi,
819 3370 893 3439 quod
905 3370 1043 3439 ejusmodi
1085 3374 1172 3445 possit
1188 3377 1220 3428 ut
1234 3373 1318 3427 saciat
1334 3371 1361 3424 id
1381 3369 1455 3442 quod
1471 3383 1505 3423 ex
1520 3373 1600 3439 parta
1622 3365 1783 3430 sacerdotis,
1798 3361 1869 3416 abac·

247 3452 385 3506 consessio
393 3455 427 3507 ad
433 3455 623 3510 contusionem
631 3461 660 3510 et
667 3457 900 3514 erubescentiam.
911 3473 1043 3528 quaepurs
1084 3463 1219 3516 tutionem
1230 3461 1442 3522 scilicet,tamen
1451 3457 1589 3512 desectum
1596 3455 1867 3510 sacerdotisaummus

248 3543 292 3592 est
308 3557 328 3598 n
339 3547 401 3607 05
414 3543 622 3604 satisfactionis,
647 3545 806 3613 ordinetur3
820 3547 861 3600 illi
876 3548 980 3600 etenim
995 3548 1044 3618 qui
1085 3549 1224 3604 Sacerdos
1239 3548 1368 3621 supplet;
1384 3546 1567 3601 nibilominus
1589 3541 1726 3599 contessio
1750 3542 1817 3596 laico
1840 3551 1868 3591 ex

248 3626 328 3694 laico,
344 3645 394 3684 seu
418 3645 473 3686 non
496 3633 645 3699 sacerdoti,
668 3640 697 3688 et
720 3633 773 3688 sibi
794 3637 893 3708 aquali
913 3636 1044 3707 aperiunt
1085 3639 1223 3694 desiderio
1247 3637 1399 3692 sacerdotis
1414 3636 1497 3698 iacta,
1513 3633 1727 3689 sacramentalia
1749 3636 1790 3686 est
1808 3641 1868 3698 quo·

248 3717 354 3771 scelera
367 3733 428 3784 sua,
446 3720 474 3774 id
487 3735 519 3775 ex
535 3722 703 3778 contritione
715 3729 803 3794 agant
813 3739 927 3778 necesse
946 3730 998 3782 est.
1011 3741 1044 3779 ac
1084 3719 1868 3799 aamm0d0‚qnarnvlsnonsitsacramentumperlactum

248 3805 367 3874 proinde
384 3809 487 3863 virtute
513 3811 681 3866 humilitatis
702 3813 832 3884 supplere
857 3814 931 3868 Deus
955 3814 1043 3868 vicem
1085 3817 1152 3888 quia
1173 3815 1252 3871 deest
1275 3816 1301 3870 ei
1325 3816 1398 3886 quod
1424 3820 1468 3869 est
1490 3829 1523 3867 ex
1547 3817 1627 3884 parte
1638 3809 1800 3866 sacerdotis.
1814 3825 1826 3858 a
1841 3805 1870 3858 bt

248 3895 411 3963 sacerdotis,
435 3903 464 3952 et
485 3900 606 3969 gratiam
630 3903 695 3968 (non
716 3915 783 3956 sane
799 3903 1042 3970 sacramentalem,
1083 3905 1241 3978 paulopost
1269 3923 1281 3956 ι
1303 3904 1436 3969 Quamvis
1450 3903 1497 3956 ille
1518 3902 1567 3972 qui
1590 3901 1664 3955 laico
1684 3899 1821 3954 consessus
1834 3897 1871 3946 cst

248 3997 312 4038 cum
325 3990 536 4044 sacramentalis
550 3991 665 4046 minime
683 3992 769 4046 inerit
781 3993 925 4060 confessio)
942 3993 1044 4064 imper·
1084 3994 1114 4048 in
1133 3985 1868 4060 articulonecessitatis,consecutussitveniamalteo,

247 4071 295 4127 tiri
323 4075 427 4130 eisdam
456 4079 644 4148 praesumitur.
662 4075 705 4134 lta
728 4095 794 4150 ergo
820 4081 846 4134 ll.
871 4081 1044 4136 bantrancns
1085 4082 1203 4152 eoquod
1217 4081 1392 4154 propositum
1414 4077 1574 4144 confitendi,
1598 4078 1753 4133 secundum
1768 4071 1871 4128 manda·

248 4162 358 4217 occulta
381 4166 471 4220 solum
499 4166 576 4221 omni
600 4168 659 4222 viro
682 4166 867 4223 eeclesiastico
888 4170 1043 4240 detegenda
1084 4177 1144 4226 tum
1159 4171 1219 4237 Dei,
1231 4171 1304 4242 qnod
1318 4170 1452 4240 concepit,
1467 4169 1540 4223 siout
1553 4167 1654 4244 potuit,
1672 4163 1803 4237 implevit,
1823 4173 1871 4214 nvn

248 4253 378 4318 consulit,
395 4254 533 4326 siquidem
546 4271 579 4310 ex
593 4256 938 4328 hujusmodipeccatorum
952 4259 1044 4329 prodi·
1084 4265 1179 4316 tamen
1194 4261 1284 4314 adbuc
1300 4259 1427 4314 Ecclesiae
1437 4257 1692 4320 reconciliatusast,
1704 4261 1736 4310 ut
1745 4253 1780 4306 ad
1792 4259 1872 4304 sacra

248 4342 325 4395 dona
349 4349 502 4411 generatur
514 4346 681 4400 verecundia
702 4351 730 4400 et
743 4347 787 4400 sui
802 4347 889 4418 ipsius
903 4345 1021 4416 abjectio
1034 4363 1040 4408 ι
1052 4355 1180 4445 Dmenta
1196 4349 1324 4403 Ecclesiae
1339 4347 1449 4402 admitti
1462 4345 1572 4406 debeat,
1588 4344 1643 4398 nisi
1659 4343 1741 4415 prius
1758 4357 1775 4396 a
1793 4349 1873 4394 sacer·

247 4430 323 4484 unde
336 4431 472 4486 coalitam
496 4433 590 4489 divina
617 4435 808 4489 misericordia
831 4443 915 4507 atque
934 4437 1044 4506 integra
1065 4439 1151 4510 ,dote
1166 4438 1327 4492 absolvatur
1353 4455 1363 4488 ι
1380 4430 1529 4490 Rationem
1541 4432 1652 4488 atlertS
1676 4432 1871 4487 Beneventum.

247 4520 423 4588 peccatorum
441 4521 521 4576 venia
543 4524 576 4576 lit
595 4519 706 4593 dignus.
728 4525 768 4578 De
787 4525 892 4595 apertis
907 4541 981 4590 vero,
995 4540 1045 4580 seu
1087 4541 1174 4598 quare
1188 4526 1325 4580 consessio
1340 4525 1400 4579 fieri
1410 4523 1621 4595 possitsocioin
1634 4522 1649 4576 i
1663 4525 1748 4582 sent,
1762 4517 1824 4573 dist.
1835 4509 1872 4578 ll,

250 4606 367 4677 publicis
375 4610 488 4664 nonita.
496 4611 549 4674 Qui
559 4613 633 4666 enim
649 4613 1045 4684 sullunditurbumiliaturque
1086 4631 1145 4686 par.
1162 4627 1203 4682 ιιι,
1220 4614 1286 4669 dub.
1302 4615 1433 4670 tzaNon
1447 4612 1572 4676 ilteocio,
1587 4615 1619 4664 ut
1633 4607 1873 4681 suppleaturlocas

249 4695 344 4764 horno,
357 4713 422 4752 eum
437 4715 471 4753 ca
490 4713 551 4770 quae
568 4700 697 4754 omnibus
718 4707 786 4756 sunt
805 4708 872 4756 nota
896 4707 925 4756 et
949 4719 1044 4757 coram
1085 4705 1245 4768 sacerdotis,
1259 4703 1301 4757 vel
1330 4708 1362 4757 ut
1383 4700 1520 4756 consessio
1542 4704 1807 4754 sacramentorum
1828 4693 1874 4746 boc

250 4783 387 4840 universis
397 4789 670 4858 peraetaconlltetur
681 4789 807 4860 lNempe
824 4790 847 4844 si
862 4791 1004 4845 hominem
1015 4791 1044 4846 in
1086 4793 1233 4857 habeatur,
1257 4792 1304 4846 sed
1326 4797 1359 4845 ut
1377 4791 1506 4844 voluntas
1521 4788 1682 4843 contltentis
1694 4786 1834 4858 probetur,
1850 4785 1874 4833 et

248 4871 308 4927 soro
333 4873 395 4944 quis
425 4875 566 4944 occiderit,
596 4883 709 4948 propter
734 4877 935 4950 blasphemiam
960 4879 1046 4934 suerit
1086 4883 1252 4945 innotescat,
1270 4886 1301 4934 ut
1314 4886 1405 4934 totum
1426 4879 1500 4949 qnod
1523 4879 1551 4932 in
1572 4893 1602 4932 se
1621 4883 1665 4932 est
1688 4873 1783 4936 faciat,
1799 4891 1809 4924 a
1825 4875 1873 4924 etc.

248 4968 339 5017 morte
353 4963 512 5029 damnatus,
524 4965 553 5020 in
564 4967 765 5038 domoproprin
774 4967 915 5039 publicum
926 4969 1044 5039 lupanar
1086 4971 1236 5025 Durandus
1253 4969 1287 5023 de
1296 4969 1323 5027 S.
1334 4965 1479 5028 Porclano,
1491 4968 1521 5021 in
1532 4967 1578 5020 lib.
1593 4977 1630 5020 lv.
1649 4966 1720 5020 Sent
1733 5007 1739 5030 ,
1753 4963 1817 5017 dist.
1835 4959 1873 5021 li,

248 5051 350 5117 foveat,
360 5059 412 5108 etc.
425 5054 494 5108 nihil
504 5056 603 5110 exinde
613 5064 706 5111 sumet
723 5056 890 5111 humilitatis
904 5062 954 5110 aut
969 5073 1045 5111 rere·
1086 5075 1113 5130 q.
1128 5058 1208 5124 ll,ex
1222 5057 1354 5128 opinione
1364 5051 1550 5128 quorumdam
1564 5053 1719 5109 becbabet
1729 5071 1752 5110 :r
1764 5047 1874 5116 Quando

248 5142 366 5210 candiae,
384 5142 431 5198 ubi
442 5159 475 5198 ea
490 5145 565 5200 socio
579 5146 751 5212 revelaverit,
760 5161 851 5217 neque
862 5146 1043 5200 confessionis
1085 5147 1165 5202 deest
1179 5146 1332 5201 sacerdotis
1347 5146 1471 5215 copla,et
1479 5144 1631 5200 necessitas
1645 5141 1785 5206 imminet,
1799 5137 1876 5195 debet

247 5232 350 5288 virtute
363 5233 529 5288 delictorum
548 5234 751 5304 indulgentiam
769 5233 923 5289 merebitur
936 5235 1041 5301 ullam;
1084 5237 1175 5290 iacere
1191 5235 1330 5306 poenitens
1350 5235 1422 5304 quod
1442 5234 1471 5287 in
1488 5249 1522 5310 sa¹
1540 5239 1583 5287 est
1599 5231 1714 5300 (scilicet
1733 5223 1873 5284 cantarint

247 5323 351 5394 quippe
364 5319 452 5388 deest,
472 5322 517 5376 cui
532 5323 650 5393 aperuit,
667 5330 844 5393 peccatorum
866 5323 1042 5393 ligandorum
1084 5323 1211 5378 confiteri
1243 5319 1287 5377 cui
1325 5327 1425 5393 potest,
1450 5321 1550 5374 clerico
1577 5335 1634 5374 nun
1661 5315 1809 5380 sacerdoti,
1834 5311 1873 5364 vti

247 5412 500 5482 solvendorumque
514 5417 638 5482 potestas
658 5427 719 5482 quae
734 5412 785 5466 soli
800 5413 936 5482 competit
953 5425 1043 5466 sacer-
1084 5412 1175 5478 laico).
1197 5412 1251 5466 Sed
1274 5411 1349 5465 istud
1373 5425 1428 5464 non
1455 5409 1566 5463 videtur
1591 5406 1792 5463 necessarium.
1813 5401 1873 5473 quia

247 5500 317 5554 doti.
335 5503 427 5570 Atque
441 5502 500 5555 baec
515 5500 653 5572 posterior
673 5501 818 5556 sententia
837 5501 868 5554 Β.
894 5501 1043 5556 Lanlranci
1083 5505 1210 5555 cessante
1220 5497 1365 5572 principali
1374 5498 1670 5562 cessataccessorium3
1681 5494 1732 5549 sed
1742 5489 1873 5548 malceno

246 5585 517 5659 interpretatlomlbi
527 5589 737 5659 magisanidet,
745 5603 840 5643 verum
848 5587 1044 5660 theologorum
1084 5588 1317 5661 fitprinoipaliter
1331 5593 1446 5658 proptor
1459 5585 1665 5642 absolutionem
1677 5601 1683 5652 ;
1697 5581 1797 5652 ergosi
1806 5577 1874 5634 desit
