3970 6172
159 279 230 339 ttae
715 275 800 341 vita
819 280 1011 342 aauaatcn
1028 287 1109 343 ABR.
1132 281 1234 345 OLUS.
1725 285 1795 348 litt

156 413 216 463 tate
227 414 256 465 et
269 409 406 480 qualitate
424 409 591 479 corpusculo
602 405 751 482 ignorabat
770 427 892 482 parcere.
908 417 953 467 ta-
965 413 986 472 Α
996 408 1119 466 lebratas
1142 424 1296 468 convenere
1312 415 1474 486 trequentes
1487 416 1609 487 episcopi
1624 421 1653 470 et
1667 411 1792 486 abbates,

155 499 240 552 mctsi
257 498 372 554 morbus
387 498 433 553 ille
445 500 480 552 ob
493 499 553 556 boc.
570 507 602 553 ut
616 499 730 553 aiebant
741 499 804 560 sibi,
817 501 957 556 diceretur
996 502 1079 556 ricini
1104 503 1162 557 sere
1186 517 1283 558 omnes
1309 505 1404 559 clerici
1419 523 1452 560 ec
1473 506 1613 569 monachi,
1630 509 1794 564 catervatim

154 586 261 656 regius.
279 586 352 657 quod
368 585 508 657 regalibus
520 587 588 641 cibis
604 594 633 641 et
645 587 771 641 delicatis
786 589 898 642 ferculis
911 605 956 643 as-
998 607 1108 662 qnoque
1122 599 1293 646 concurrunt
1307 593 1379 654 laici.
1397 591 1519 650 militum
1534 601 1618 666 atque
1630 597 1795 666 pagensium

156 679 271 728 seratur
289 675 429 729 curabilis.
458 675 552 730 Multis
566 682 660 730 autem
676 675 715 730 illi
729 677 957 732 succensentibus
998 681 1145 752 utriusque
1159 697 1241 736 sexus
1256 683 1338 737 cunei
1353 701 1359 736 τ
1374 683 1421 738 alii
1442 684 1517 738 lama
1531 685 1687 740 sanctitatis
1701 687 1793 755 acciti,

156 769 187 816 et
200 763 368 828 dicentibus,
384 764 477 819 adbuc
488 763 567 819 illum
583 763 675 818 carnis
685 763 778 820 edulio
792 781 873 836 pesse
887 767 958 820 rela·
998 769 1125 840 plerique
1144 770 1290 824 charitatis
1306 773 1367 841 ejus
1386 773 1493 827 viscera
1513 781 1543 827 et
1554 775 1731 830 dulcedinem
1751 793 1796 830 ex-

156 853 227 910 xari.
245 853 286 908 sic
299 854 463 926 respondit:
483 874 494 906 ι
513 852 553 910 En
573 871 624 926 ego
643 855 758 922 morior,
774 862 802 910 et
811 857 956 911 comedam
997 857 1078 930 perti.
1095 859 1190 912 Fletus
1212 859 1241 912 in
1265 873 1432 928 commune3
1453 862 1591 932 praeclpue
1614 863 1675 933 ejus
1689 863 1796 918 alumni

159 943 280 997 carnes?
297 963 308 994 ι
376 929 381 939 ’
997 946 1092 1016 rigant
1105 946 1194 1000 solum
1206 946 1346 1018 lacrymis.
1364 949 1450 1019 Cujus
1465 950 1506 1004 rel
1517 961 1601 1004 saxea
1615 957 1728 1021 pectore
1738 969 1795 1008 non

195 1030 240 1088 tl.
256 1033 352 1088 Mortis
365 1036 503 1102 prescias,
520 1047 704 1088 successorum
718 1048 805 1088 mores
816 1036 956 1102 praevidet.
998 1043 1144 1091 mererent
1156 1037 1191 1090 ad
1211 1037 1353 1108 pietatem.
1376 1038 1523 1094 viduamm
1536 1045 1566 1094 at
1578 1053 1732 1112 pauperum
1753 1041 1795 1096 la·

159 1120 258 1176 Voluit
277 1130 371 1178 autem
397 1123 531 1178 Dominus
550 1139 659 1178 servum
683 1137 765 1178 snum
787 1121 860 1177 circa
874 1123 957 1176 tinem
999 1141 1111 1196 crymae.
1128 1141 1198 1194 quos
1222 1125 1282 1196 ipse
1306 1125 1425 1197 benigne
1447 1123 1555 1182 solebat
1575 1129 1673 1183 alere?
1689 1131 1796 1186 Tantus

158 1210 225 1265 rita
235 1211 298 1282 jugi
318 1219 346 1267 et
362 1212 473 1266 diutina
486 1211 630 1267 debilitate
644 1211 804 1278 tabescere3
821 1219 853 1266 ut
864 1211 887 1266 si
904 1227 960 1283 qua
999 1214 1103 1286 quippe
1116 1220 1230 1284 tamque
1245 1213 1403 1269 uberrimus
1416 1215 1468 1269 tuit
1482 1217 1608 1272 emnium
1623 1218 1725 1278 luctus.
1739 1235 1797 1272 ma·

160 1298 233 1354 farte
246 1299 290 1354 rel
304 1301 417 1355 levioris
438 1300 526 1373 culpas
550 1303 665 1356 vulnera
689 1301 716 1356 in
741 1299 787 1355 illo
807 1300 959 1355 manebant
998 1303 1128 1374 ximeque
1141 1303 1408 1368 sanctimonialium,
1424 1305 1459 1358 de
1474 1313 1565 1360 morto
1578 1307 1622 1360 sui
1639 1306 1798 1377 patroniin-

159 1385 301 1450 incurata,
312 1391 383 1444 eluro
403 1394 488 1461 atque
506 1405 603 1444 anraro
617 1390 737 1444 transitu
754 1389 853 1444 tierent
869 1389 958 1443 medi·
999 1389 1154 1446 solubiliter
1169 1391 1435 1460 atterentiumquas
1452 1388 1527 1448 idem
1541 1395 1796 1464 l’aterprochristi

157 1486 222 1531 cata
235 1487 320 1548 atque
336 1486 448 1534 sanata.
470 1479 526 1532 lloc
547 1493 670 1550 namque
689 1479 787 1533 beatus
805 1477 957 1548 Gregorius
1000 1496 1095 1533 amore
1110 1483 1337 1550 congregaverat,
1357 1488 1388 1534 ut
1401 1495 1443 1534 ιιι
1464 1481 1492 1534 in
1514 1481 1561 1536 illa
1580 1483 1625 1536 die
1640 1481 1723 1538 ianus
1744 1500 1793 1554 pra

157 1567 324 1638 comprobat
348 1568 409 1622 tisri
431 1567 555 1622 historica
578 1567 684 1639 Regum
707 1568 884 1630 auctoritate,
910 1567 957 1621 ubi
998 1569 1135 1622 densitate
1150 1569 1223 1638 vulgi
1239 1569 1341 1632 tlantis,
1355 1577 1384 1624 at
1397 1587 1458 1624 sese
1471 1571 1711 1642 superingerentis
1722 1590 1797 1628 cem·

157 1656 202 1711 leo
224 1656 389 1729 prophetam
413 1655 585 1712 interfecisse
612 1657 715 1712 dicitur
736 1667 849 1728 peccate
864 1657 958 1711 inobe·
999 1657 1067 1726 pleri
1083 1658 1215 1727 potuerit.
1231 1657 1307 1712 Obiit
1318 1673 1392 1712 anno
1412 1659 1474 1712 vitae
1489 1673 1546 1713 suas
1561 1661 1795 1733 quinquagesimo

157 1743 282 1802 dientiae.
299 1746 348 1800 sed
369 1746 485 1809 minime
504 1755 633 1816 gustasse
652 1745 686 1800 de
701 1755 797 1800 sancto
811 1746 955 1800 cadavere.
970 1753 1103 1830 Bactara.
1120 1746 1269 1817 pastoralis
1285 1761 1359 1801 curta
1373 1747 1504 1801 uicesimo
1518 1748 1626 1818 quinto,
1646 1749 1682 1804 ab
1700 1749 1795 1806 Incar-

156 1833 198 1890 lle
213 1837 336 1891 termino
359 1843 453 1891 autem
478 1838 540 1892 vira
559 1855 626 1900 suae,
643 1838 683 1891 sic
697 1853 745 1908 per
763 1838 854 1892 uisum
875 1838 957 1908 longe
997 1835 1110 1889 natione
1124 1834 1234 1889 Domini
1252 1833 1590 1906 mislmtmononagaimo
1603 1835 1705 1908 primo.

155 1931 224 1980 ante
247 1925 432 1980 certificatum
448 1927 618 1998 acc··pinms.
636 1925 790 1981 Videbatur
802 1927 895 1981 ridere
909 1944 955 1981 se·
1034 1921 1076 1978 tl.
1090 1925 1163 1976 Mira
1173 1926 1210 1977 cd
1223 1927 1439 1988 eiastumalam.
1452 1926 1536 1980 [laets
1551 1927 1641 1997 plane,
1660 1927 1740 1984 beata
1750 1947 1789 1996 es,

154 2013 250 2084 ipsum
262 2015 397 2069 nudatum
406 2032 455 2086 per
470 2032 546 2070 mare
559 2015 650 2070 nando
662 2016 697 2070 ad
714 2016 792 2070 littus
804 2017 955 2086 peruenire.
999 2012 1113 2066 Clusina
1129 2011 1247 2067 fratrum
1261 2013 1523 2084 conciequaatanto
1534 2017 1660 2071 meruisti
1667 2019 1795 2075 decorari

154 2101 254 2173 ibique
269 2105 389 2158 intentis
401 2105 567 2176 quibusdam
582 2106 676 2176 paucis
691 2105 821 2159 arborum
837 2103 957 2158 surculis
999 2111 1124 2172 patrone.
1135 2102 1224 2155 Habes
1240 2103 1344 2173 quippe
1355 2121 1410 2174 prae
1420 2106 1518 2166 oculis,
1535 2108 1616 2176 cujus
1632 2109 1694 2162 iidei
1709 2109 1796 2163 since-

154 2193 226 2248 satis
241 2193 352 2247 infirme
367 2193 499 2248 radicatis
515 2201 656 2264 utcunque
673 2193 727 2248 illis
738 2189 956 2257 haesisse.Quam
999 2189 1110 2244 ritatem
1125 2196 1153 2244 et
1169 2189 1269 2261 probos
1286 2207 1376 2246 ruore«
1391 2192 1414 2246 si
1425 2193 1509 2264 digne
1520 2193 1682 2258 excolueris.
1696 2209 1795 2267 pecen-

156 2283 294 2337 tisionem
321 2283 388 2336 mibi
409 2283 506 2338 sedulo
528 2283 567 2337 illi
591 2283 741 2338 excubanti
762 2299 811 2354 per
833 2282 956 2352 seipsum
999 2279 1042 2335 nis
1058 2281 1120 2347 ejus
1133 2280 1230 2348 gaudii
1243 2297 1357 2335 consors
1371 2299 1434 2336 esse
1448 2283 1554 2354 poteris
1580 2286 1622 2339 Ad
1636 2287 1797 2357 sepulcrum

154 2372 350 2443 interpretans
363 2372 452 2427 dixit:
471 2399 478 2418 ·
499 2373 553 2428 l‘er
573 2390 649 2427 mare
671 2373 755 2440 hujus
773 2372 867 2426 secun
884 2371 958 2425 labo·
999 2385 1063 2422 vero
1076 2369 1151 2423 illius
1165 2369 1269 2442 quique
1284 2371 1450 2442 languentes
1465 2373 1629 2444 frequenter
1639 2375 1798 2430 sanctitatis

155 2460 245 2525 riusa,
262 2467 293 2514 ut
312 2461 413 2524 cernis,
435 2461 521 2516 irater
541 2461 704 2515 infirmitate
729 2460 851 2514 natando
865 2459 958 2513 nudus
999 2457 1059 2523 ejus
1073 2457 1256 2526 experiuntur
1275 2457 1406 2529 insignia.
1427 2445 1451 2513 si
1474 2467 1567 2514 mente
1583 2462 1656 2515 lideli
1674 2479 1723 2532 per
1737 2463 1798 2534 ejus

157 2555 187 2604 at
199 2565 306 2621 pauper
320 2551 354 2603 ad
372 2551 454 2604 linem
470 2550 533 2604 vitra
549 2551 710 2617 pertrahor.
724 2549 901 2603 surculorum
915 2563 959 2604 ve-
1000 2545 1128 2600 meritaa
1139 2545 1250 2599 Christo
1262 2547 1413 2617 implorent
1427 2547 1480 2602 sibi
1495 2548 1629 2620 sutlragia
1655 2551 1741 2620 Cujus
1757 2551 1797 2606 rei

156 2652 201 2697 ro,
213 2635 316 2706 quibus
331 2637 373 2690 vix
389 2637 538 2698 innitebar.
551 2637 630 2690 radix
645 2637 767 2694 insinua.
779 2637 807 2688 in
818 2652 959 2692 successo·
999 2641 1085 2688 testes
1102 2635 1226 2688 existunt
1242 2637 1394 2692 nurnerosi.
1410 2653 1535 2708 pereum
1553 2654 1579 2692 nr
1591 2640 1650 2693 suis
1665 2639 1799 2696 vetirtudi-

157 2725 237 2780 ribus
250 2727 320 2780 meis
334 2726 505 2782 debilitatem
523 2733 550 2781 et
566 2727 784 2782 inconstantiam
800 2725 960 2796 iorepcaesi·
1000 2723 1082 2777 nibus
1095 2710 1231 2776 medelam
1245 2725 1387 2791 consecuti
1402 2743 1407 2776 :
1423 2741 1494 2796 quos
1506 2732 1581 2781 certe
1592 2744 1700 2798 possem
1711 2729 1797 2783 iutro·

155 2821 229 2887 goat
256 2835 269 2868 ι
286 2814 367 2870 Hanc
383 2817 480 2886 utique
495 2815 693 2870 revelationem
711 2831 793 2870 suum
813 2823 958 2868 auctorem
999 2809 1112 2866 ducere.
1135 2809 1189 2864 nisi
1203 2810 1297 2866 debito
1320 2813 1374 2866 ilne
1388 2829 1458 2883 opus
1474 2814 1571 2868 vellem
1587 2815 1727 2869 claudere.
1742 2815 1799 2888 Op-

156 2911 188 2958 et
201 2906 381 2976 interpretem
393 2921 569 2977 nequaquam
582 2905 769 2958 selellissenos
780 2910 958 2964 attestamur,
1001 2899 1148 2968 portunius
1163 2899 1266 2970 qnippe
1274 2908 1326 2962 est,
1344 2909 1374 2956 ut
1388 2909 1473 2957 tantae
1489 2904 1611 2958 nrateriae
1628 2904 1728 2958 molam
1738 2905 1798 2976 ple·

157 2994 320 3065 quicunque
331 2994 392 3064 ejus
408 2999 536 3054 mortem,
550 2995 621 3048 beu!
639 3009 694 3048 non
711 2993 779 3046 bene
794 2991 960 3063 superstites
990 2988 1064 3041 nius
1084 2989 1208 3042 insinuet
1234 2989 1480 3054 utataciturnitas,
1496 3008 1580 3062 quam
1597 2992 1706 3062 pinguis
1718 2993 1797 3066 inge-

157 3081 329 3152 aspexiruus.
346 3088 376 3136 et
390 3099 487 3136 navem
501 3082 624 3136 ecclesiae
640 3087 741 3136 nasim
753 3095 822 3152 pene
836 3078 958 3134 dissolu⁴
1000 3075 1040 3132 nii
1054 3085 1169 3132 exterret
1183 3085 1269 3149 atqua
1279 3084 1410 3134 extenuet
1425 3093 1525 3150 procax
1541 3081 1707 3152 loquacitas.

156 3175 217 3224 tam
234 3169 417 3224 instabilitate
437 3187 470 3224 ac
486 3169 716 3242 pusillanimitate
734 3167 955 3232 succedentium,
1184 3164 1278 3220 Versus
1298 3183 1381 3235 saper
1395 3172 1537 3224 tumidum
1551 3175 1620 3238 ejus.

156 3276 211 3315 ceu
224 3266 370 3314 ventarum
382 3259 504 3324 turbine,
518 3275 573 3313 non
589 3260 760 3329 ignoramus.
997 3254 1131 3327 Quisquis
1148 3255 1184 3310 sd
1201 3257 1252 3310 boc
1269 3265 1397 3312 nostrum
1413 3267 1439 3312 te
1454 3261 1538 3313 tertis
1550 3260 1622 3315 torte
1635 3262 1798 3333 sepulcrum

194 3347 239 3404 la.
260 3351 290 3404 ot
311 3351 349 3402 ad
362 3364 422 3402 earn
443 3365 469 3402 se
482 3349 617 3416 dir-ponit.
644 3349 744 3404 llnrtur
758 3351 782 3401 cl
796 3348 894 3402 datico
913 3361 957 3400 rr·
1033 3344 1102 3407 Qrtis
1115 3345 1196 3398 modo
1210 3344 1264 3398 sim
1277 3353 1376 3400 tracta.
1392 3347 1455 3417 quis
1473 3346 1631 3420 fuerimque
1644 3357 1723 3410 nom.

156 3439 255 3505 ficitur
287 3437 335 3491 llis
350 3437 437 3508 igitur
453 3443 480 3491 et
495 3435 558 3490 aliis
572 3431 766 3505 hujuscemodi
779 3431 958 3488 revelationi·
1000 3432 1067 3486 Sum
1084 3432 1183 3502 pulvis,
1200 3429 1289 3487 iactus
1303 3431 1411 3488 sueram
1426 3435 1473 3506 qui
1491 3437 1603 3492 numine
1615 3454 1743 3510 magnus,

156 3523 960 3595 busedectus.posttriumhebdomadarumspatium,lrora
1034 3521 1076 3575 Tu
1093 3521 1141 3575 fies
1154 3521 1263 3585 similis,
1280 3523 1319 3576 sis
1333 3521 1396 3576 licet
1411 3541 1445 3578 en
1460 3524 1565 3579 viridis.

156 3613 214 3668 diei
229 3619 308 3666 sexta
321 3613 533 3666 dissolutionem
550 3609 674 3683 corporis
687 3611 729 3664 sui
743 3609 868 3682 predixit
877 3609 958 3664 adiu·
1000 3607 1129 3664 Conditie
1145 3611 1237 3665 carnis
1253 3612 1417 3667 mortalibus
1431 3620 1475 3667 est
1492 3613 1559 3669 data
1573 3614 1638 3670 talis

157 3709 252 3756 turam
280 3701 439 3772 Superque
452 3703 581 3773 jamnon
596 3702 729 3757 incertus.
746 3700 906 3771 postpositis
925 3713 958 3754 ex
1035 3699 1188 3754 Provecta
1207 3716 1290 3770 poma
1310 3737 1797 3762 .................

156 3796 226 3844 tunc
252 3790 367 3844 omnino
391 3791 483 3844 carnis
500 3806 556 3845 sua
577 3790 800 3847 necessitatibus.
818 3795 909 3844 totum
928 3801 958 3843 se
999 3787 1078 3844 Unde
1090 3803 1157 3858 roga
1170 3789 1321 3845 bertricum
1344 3827 1797 3853 ................

157 3877 244 3950 erigit
258 3885 287 3934 et
301 3877 517 3950 obligatstudiis
532 3878 736 3950 spiritualibus.
749 3877 960 3948 ilariantquoti·
1036 3877 1073 3932 Ut
1090 3876 1160 3931 mibi
1176 3878 1213 3932 sit
1227 3879 1338 3948 requies
1339 3919 1797 3944 ................

156 3966 204 4020 die
219 3982 252 4020 ex
269 3967 331 4036 aius
355 3967 451 4021 ocellis
472 3965 660 4035 lacrymarum
682 3965 786 4020 rivuli:
808 3968 959 4019 cantitetur
1347 3968 1447 4026 Aliud,

156 4054 313 4109 aurasiaco
324 4055 453 4126 episcopo
465 4059 569 4124 termae
580 4055 737 4124 d'Oraupel,
750 4053 797 4126 qui
806 4059 873 4108 tunc
887 4062 958 4108 nutu
999 4052 1146 4108 clauderis
1163 4069 1198 4108 en
1222 4053 1339 4124 pulchro
1342 4091 1468 4110 .....
1489 4055 1649 4122 Benedicta,
1667 4059 1797 4130 sepulcro

157 4142 210 4197 Dei
234 4142 340 4206 aderat,
359 4149 387 4198 et
408 4142 542 4198 iratribus
564 4159 616 4198 sua
629 4143 740 4199 delicta.
757 4143 841 4198 liunt
855 4143 958 4198 crebrae
1033 4143 1151 4196 iunctus
1164 4159 1214 4212 pro
1231 4143 1337 4198 meritis
1349 4143 1457 4199 civibus
1468 4145 1611 4216 angelicis,

144 4231 334 4286 ‚visitationes
348 4246 381 4286 ac
393 4231 540 4288 missarum
557 4249 607 4304 pro
618 4249 650 4288 co
661 4233 796 4302 actiones,
807 4247 915 4286 necnon
930 4236 958 4286 ct
1000 4227 1187 4302 llysterieque
1197 4232 1287 4285 crucis
1302 4239 1329 4287 te
1346 4234 1437 4289 niunit
1440 4275 1563 4289 .....
1580 4235 1654 4290 ensis

156 4321 400 4394 eleemosynarum
423 4322 593 4393 quotidianae
610 4321 771 4392 largitiones
801 4317 959 4375 Personant
1034 4319 1625 4386 Quospemiscunctasdsenmnisinsidias
1719 4325 1720 4332 ’

157 4416 226 4464 ante
240 4426 305 4464 eum
321 4417 402 4465 nocte
413 4411 515 4482 dieque
530 4411 629 4482 psalmi
641 4427 691 4465 seu
703 4409 803 4466 divinae
811 4410 954 4465 lectiones.
997 4401 1141 4460 Fratribus
1152 4407 1196 4462 hic
1212 4408 1308 4462 rrtnltis
1322 4409 1365 4464 bis
1380 4410 1459 4466 denis
1475 4412 1585 4482 praeluit
1597 4411 1688 4477 aunis,

157 4497 223 4570 Ipse
234 4514 355 4569 quoque.
373 4500 500 4570 quamuis
523 4517 638 4570 corpore
648 4501 707 4569 jam
724 4509 903 4570 premortuo,
924 4477 989 4556 aaD
1034 4495 1168 4550 Firmarit
1179 4497 1301 4562 monitis,
1314 4497 1422 4553 auctibus
1434 4507 1519 4570 atque
1529 4499 1594 4571 piis.

157 4587 265 4642 uiribus
278 4588 387 4643 cunctis
401 4587 493 4653 elicto,
510 4589 631 4659 psalmos
645 4587 692 4658 qui
706 4587 815 4642 dicendi
832 4593 900 4642 sunt
918 4587 958 4642 in·
998 4581 1114 4637 Postera
1124 4584 1170 4638 lux
1186 4583 1242 4638 Mal
1258 4592 1353 4641 nostro
1367 4586 1421 4641 fuit
1435 4587 1535 4642 ultirna
1547 4588 1634 4654 Patri,

157 4674 236 4748 cipit.
253 4681 281 4730 et
295 4693 368 4746 saepe
381 4677 536 4731 associatur
551 4676 742 4747 psallentibus.
756 4677 899 4730 Postremo
909 4691 957 4748 pe·
1034 4671 1112 4728 Hanc
1126 4671 1177 4726 sibi
1191 4672 1316 4744 praeridit
1332 4678 1409 4728 tutus
1424 4681 1453 4728 et
1469 4676 1520 4728 bac
1534 4675 1613 4730 obiit.

157 4772 239 4820 racta
257 4765 389 4821 unctione
416 4783 505 4826 sacra,
534 4774 564 4821 et
591 4765 734 4820 Bourinica
766 4765 956 4820 cornrnunitas
997 4759 1074 4816 Felix
1089 4771 1117 4816 et
1136 4761 1215 4817 laetus
1230 4761 1258 4816 in
1269 4779 1337 4834 pace
1350 4765 1467 4834 quietat,
1482 4764 1602 4836 adeptus

157 4853 345 4912 Eucharista,
364 4861 408 4910 ter
431 4855 507 4908 illam
534 4853 609 4910 beati
633 4853 752 4908 Andreae
773 4853 957 4923 antiphonam
1033 4851 1258 4912 Lucissolamen.
1277 4853 1390 4908 succine
1410 4855 1504 4910 lactor.
1517 4857 1617 4912 Amen.

156 4943 240 5014 largo
255 4943 322 4998 ilrtu
338 4960 387 4998 ora
401 4943 507 5014 rigatus
523 4947 601 5013 prout
613 4941 704 5013 patuit
713 4941 835 4995 cantauit
850 4957 856 4994 ε
873 4961 888 4992 ι
901 4941 957 4994 llo·
1199 4944 1265 4996 llam
1280 4945 1419 4997 persuade
1439 4946 1515 5000 obitu
1531 4948 1599 5014 ejas.

155 5032 235 5088 mine
249 5031 314 5086 lesu
327 5032 447 5092 Christe.
464 5031 598 5102 magister
612 5029 694 5096 bone,
707 5027 816 5104 suscipe
826 5029 956 5099 spiritum
997 5027 1139 5085 Montibus
1153 5029 1181 5085 in
1196 5031 1314 5085 summis
1328 5031 1413 5087 nituit
1428 5047 1508 5088 mritis
1521 5032 1709 5104 celsioripsis,

155 5134 255 5174 meum
269 5118 295 5172 in
312 5135 389 5190 pace.
406 5121 542 5192 quiajam
558 5126 670 5194 tempus
684 5129 768 5176 estut
784 5119 897 5176 ueniens
910 5117 957 5172 de·
998 5121 1077 5174 Marna
1091 5119 1176 5174 nirnis
1187 5127 1305 5182 erectus,
1320 5121 1408 5176 nirnia
1423 5121 1546 5177 bonitate
1558 5123 1686 5186 refertus,

156 5206 281 5262 siderent
297 5217 325 5262 te
341 5209 443 5264 ridere.
461 5229 473 5262 ι
997 5209 1039 5264 Ad
1053 5210 1153 5264 omium
1169 5211 1295 5269 tendens.
1306 5212 1367 5266 cadi
1383 5213 1417 5265 de
1433 5211 1538 5266 lumine
1552 5211 1724 5280 splendescat

193 5295 230 5354 ab
259 5295 318 5352 Odit
332 5300 460 5352 omnibus
473 5297 652 5353 desiderans.
663 5298 714 5354 llis
724 5298 896 5354 etsimilibus
905 5299 958 5370 piis
1000 5299 1143 5354 Excellens
1162 5307 1279 5356 montes.
1296 5301 1424 5354 arrrittens
1441 5300 1565 5370 undique
1579 5299 1680 5363 fontes,

157 5387 330 5444 exercitatus
344 5385 476 5459 operibus
490 5397 586 5460 pastor
598 5401 692 5444 noster
715 5391 844 5460 egregius
868 5389 896 5442 in
918 5387 957 5441 vi·
999 5385 1037 5444 Ut
1049 5387 1138 5442 dicam
1152 5406 1256 5448 verunt.
1272 5389 1401 5460 gestabat
1412 5386 1534 5442 culmine
1545 5387 1674 5451 cedrum:

156 5477 343 5550 giliasauctae
361 5479 536 5534 Pentecosten
554 5475 672 5535 tradidit
688 5479 804 5534 Dnrnino
816 5477 956 5550 spiritum.
1000 5475 1079 5532 Hanc
1094 5477 1148 5532 vidi
1160 5479 1274 5534 cedrum
1290 5483 1484 5550 penetrantem
1501 5475 1602 5534 vertice
1618 5477 1718 5534 nmium
1735 5497 1741 5531 :

156 5567 204 5624 Ad
216 5567 300 5640 caius
313 5568 461 5641 exsequias
471 5583 523 5641 per
533 5567 661 5624 ιιιιΙιιιιιι
674 5568 731 5624 rita
749 5585 783 5624 ao
796 5568 896 5624 mres
913 5583 959 5624 ca·
1001 5563 1108 5626 areca
1117 5567 1250 5640 pascebat
1258 5573 1384 5634 cunam,
1400 5571 1429 5624 et
1441 5566 1527 5624 odere
1541 5565 1676 5640 replebat
