3986 6184
221 303 256 361 43
557 345 572 354 -
584 303 617 367 B·
637 285 845 359 LANFRANGI
864 299 1155 359 CAN'I'UARIENSIS
1173 299 1461 356 ARCHIEPISGOPI.
1825 300 1858 358 44

221 425 420 482 salutationem
442 425 505 480 ait:
525 443 537 476 ι
560 424 633 497 Cum
651 425 686 482 de
708 427 841 483 Beccensi
862 429 1049 499 congrega-A
1100 425 1451 483 rependendarum
1474 441 1584 498 magna
1601 427 1720 496 arboris,
1746 445 1808 501 qua
1830 429 1857 486 in

221 515 331 572 tione...
346 535 360 570 a
378 516 486 570 catera
505 513 630 570 continet
644 516 763 588 epistola
780 515 841 574 213.
859 516 1017 572 Lanfranci.
1059 517 1142 570 horto
1156 532 1207 571 suo
1221 520 1425 580 remanserant,
1436 520 1469 570 ut
1479 531 1529 587 per
1538 516 1678 572 somnium
1692 533 1775 574 suum
1785 518 1858 575 vide

256 604 308 663 15..
316 605 367 660 llis
381 603 472 659 verbis
486 603 594 659 adverti
604 609 699 677 potest
709 621 794 678 quam
804 605 908 661 invitus
923 611 1018 677 pasto·
1059 609 1113 672 rat,
1129 604 1198 660 vidit
1210 610 1311 677 postea
1327 603 1522 677 predicandus
1540 605 1583 660 vir
1596 606 1748 662 llerluinus
1763 608 1858 681 pullu·

218 693 308 749 ralem
335 709 431 749 curam
452 697 623 764 susceperat,
645 696 675 748 et
696 710 781 765 quarn
807 693 928 750 libenter
954 711 1016 750 aum
1057 692 1148 749 lantes
1167 694 1303 766 quasdam
1317 693 1439 764 virgulas
1453 693 1483 748 in
1497 693 1611 750 arbores
1633 711 1750 766 magnas
1766 713 1857 754 exere·

217 782 379 865 dimisisset,
389 781 414 837 si
421 781 573 837 concedere
586 798 660 854 papa
667 782 809 838 voluisset.
820 783 1016 840 Namtimebat
1057 783 1137 851 visse,
1153 783 1257 838 multos
1269 783 1401 838 videlicet
1414 783 1449 837 ad
1464 799 1569 854 magna
1589 783 1726 840 bonorum
1738 803 1855 858 operum

216 887 299 927 suum
320 871 469 939 defectum,
485 887 536 926 nec
551 870 642 926 adbuc
664 872 700 927 ad
719 878 816 928 votum
838 873 971 928 cernebat
984 874 1013 928 in
1055 871 1585 944 incrementaperilliusinstitutionem
1597 873 1856 931 accessisse.ltrbor

214 961 269 1016 sibi
293 961 450 1018 commissis
474 961 641 1034 profectum.
668 957 713 1031 (³⁵)
733 961 839 1017 Verum
862 963 923 1033 ejus
942 961 1012 1017 inibi
1053 961 1190 1016 fructibus
1204 961 1299 1033 opima
1312 961 1366 1017 fuit
1379 959 1545 1016 venerabilis
1555 962 1716 1028 Anselmus,
1724 965 1853 1020 Ecclesiae

214 1055 337 1122 quantus
345 1049 707 1123 posteaexstiteritfructus,
715 1049 851 1106 latissime
860 1055 1011 1107 attestatur
1051 1050 1238 1122 augustensis
1252 1050 1378 1117 clericus,
1396 1050 1443 1120 qui
1459 1050 1643 1106 lanfrancum
1656 1053 1692 1107 ad
1702 1053 1854 1108 monacha·

211 1139 361 1196 innovatus
386 1155 589 1212 usquequaque
613 1139 799 1195 institutionis
818 1139 1010 1195 ecclesiastica
1050 1143 1111 1194 tum
1127 1139 1301 1206 subsecutus,
1317 1144 1381 1210 post
1390 1155 1454 1194 eum
1467 1139 1553 1211 prior,
1562 1146 1627 1213 post
1640 1141 1772 1198 abbatem
1782 1143 1853 1198 Her·

210 1234 310 1285 status.
319 1228 363 1303 (ω)
374 1228 546 1284 Goenobialis
560 1228 638 1295 ordo,
648 1227 697 1300 qui
712 1228 826 1283 omnino
836 1228 872 1283 ad
881 1228 1008 1284 laicalem
1050 1228 1160 1283 luinum
1170 1227 1256 1282 abbas
1266 1227 1424 1294 Becci,deiu
1430 1227 1657 1301 archiepiscopus
1664 1229 1852 1286 Cantumieu·

207 1318 356 1391 prolapsus
365 1317 458 1374 dierat
465 1317 689 1385 dissolutionem,
699 1317 734 1371 ad
744 1315 1008 1388 probatissimorum
1050 1317 1089 1371 sis
1107 1321 1171 1388 post
1185 1316 1315 1372 eumdem
1329 1316 1516 1371 Lanfrancum
1532 1317 1606 1385 fuit;
1628 1318 1663 1372 ds
1680 1333 1735 1390 quo
1749 1324 1852 1375 cuncta

206 1407 379 1462 reformatur
391 1405 569 1478 disciplinam
584 1405 830 1462 monasteriorum.
845 1405 945 1481 Clerici
957 1405 1009 1461 sub
1049 1406 1279 1476 majorafuerunt
1292 1421 1376 1478 quam
1386 1411 1484 1461 nostra
1494 1407 1620 1462 oratione
1626 1408 1725 1462 referri
1735 1412 1850 1480 queant.

209 1495 365 1552 canonicali
379 1501 545 1552 coercentur
557 1495 666 1567 regula.
679 1494 814 1568 Populus,
826 1495 933 1551 rituum
947 1495 1009 1550 bar-
1050 1494 1172 1550 Arbores
1186 1494 1477 1551 ductuumbonorum
1484 1496 1661 1566 jucunditate
1672 1495 1851 1552 delectabiles

207 1583 341 1642 berorum
364 1584 515 1640 interdicta
537 1584 670 1653 vanitate,
687 1583 724 1640 ad
746 1589 854 1640 rectam
877 1583 1009 1640 credendi
1049 1583 1165 1640 fuerunt
1183 1584 1225 1654 (θ’)
1255 1583 1341 1639 abbas
1370 1584 1680 1641 westmonasteriensis
1707 1585 1850 1642 Gilbcrtus

205 1677 292 1746 atquc
303 1673 413 1731 vivendi
422 1673 544 1730 formam
559 1673 698 1730 eruditur.
1050 1672 1196 1745 Crispinus
1210 1672 1272 1742 (26),
1287 1672 1331 1744 (³⁰)
1347 1671 1433 1728 abbas
1455 1673 1653 1730 Oormeliensis
1676 1674 1847 1742 willelmus,

505 1762 628 1820 CAPUT
641 1763 703 1819 llll.
1014 1743 1092 1835 ΒΨ)
1109 1762 1246 1817 Henricus
1271 1761 1399 1818 Ecclesia
1417 1762 1628 1818 Cantuarieusis
1649 1763 1772 1818 decanus
1786 1763 1846 1834 (⁴¹);

241 1853 284 1912 16.
300 1853 380 1909 lianc
392 1853 536 1909 fructuum
551 1851 856 1909 Deosuavissimorum
881 1850 1006 1921 fragran-
1047 1850 1204 1907 llernostus
1218 1850 1357 1907 &densis
1367 1851 1496 1907 Ecclesia
1506 1851 1663 1924 episcopus,
1679 1852 1763 1924 etqui
1773 1853 1799 1908 ei
1809 1852 1845 1907 ad

202 1943 281 2009 tiam,
298 1943 379 2014 cujus
393 1957 427 1996 er
441 1941 526 1995 odore
541 1940 642 1996 domus
656 1940 707 1995 Dei
717 1956 768 2012 per
779 1937 876 1994 orbem
888 1939 1005 2010 impleta
1045 1939 1121 1995 idem
1132 1939 1256 1996 officium
1266 1940 1400 1996 successit
1413 1939 1528 2007 ibidem,
1541 1939 1583 2009 (Β)
1599 1940 1642 1996 vir
1655 1957 1767 1996 morum
1781 1957 1848 1997 san·

201 2035 254 2099 est,
268 2046 354 2102 quam
369 2034 398 2085 et
411 2029 473 2102 ipse
483 2028 569 2084 abbas
583 2027 896 2100 absensjucundissime
912 2043 1005 2082 senae·
1045 2029 1141 2084 ctitate
1150 2029 1304 2084 admodum
1314 2029 1484 2084 reverendus
1499 2029 1670 2086 (lundulfus.
1681 2027 1726 2101 (⁴⁸)
1743 2030 1789 2098 lli,
1799 2032 1848 2100 jn·

201 2123 256 2188 rat,
272 2130 371 2192 postea
380 2121 503 2192 pr'aesens
516 2123 622 2190 quanto
632 2117 750 2174 vicinius
765 2115 1004 2188 tantojucundius
1043 2123 1127 2173 vante
1141 2118 1193 2174 Dei
1206 2119 1309 2189 gratia,
1332 2118 1362 2172 in
1380 2119 1511 2173 Beccensi
1532 2118 1649 2174 ecclesia
1670 2135 1688 2172 a
1711 2119 1848 2191 magistro

200 2209 299 2276 sensit,
315 2207 458 2280 profectus
473 2206 509 2262 ad
523 2222 589 2262 eum
607 2207 637 2261 in
662 2205 805 2278 angliam.
823 2207 949 2278 cumque
968 2204 1004 2259 ad
1044 2205 1469 2272 Landancoedocti,ctasancto
1477 2205 1848 2263 Patrellerluiuoinsancta

199 2289 443 2370 archiepiscopum
457 2295 640 2368 pervenisset,
656 2299 689 2361 9
711 2312 773 2369 quae
783 2301 852 2352 tunc
866 2295 941 2350 inter
956 2310 1004 2350 eos
1043 2295 1180 2367 religione
1193 2295 1333 2362 instructi,
1347 2295 1377 2350 in
1392 2294 1522 2350 Ecclesiis
1536 2295 1600 2351 aliis
1615 2301 1714 2368 postea
1728 2297 1848 2352 honora·

199 2385 385 2444 submittendi
395 2400 457 2440 sese
470 2383 506 2439 ad
514 2383 634 2440 invicem
641 2382 690 2456 pia
700 2382 841 2439 contentio
849 2382 861 2436 l
869 2383 1003 2438 Summus
1043 2383 1114 2440 biles
1128 2385 1227 2440 Patres
1240 2389 1308 2440 sunt
1318 2383 1450 2440 instituti.

198 2473 326 2540 antistes,
344 2477 374 2529 et
381 2473 412 2528 in
428 2471 559 2528 Ecclesiis
570 2471 769 2528 transmarinis
782 2471 856 2527 vices
870 2470 1002 2542 apostoli·
1341 2473 1458 2530 CAPUT
1470 2473 1548 2530 Vlll.

198 2579 245 2620 cas
257 2579 370 2635 gerens,
383 2561 570 2618 submittebat
579 2577 609 2617 se
622 2578 673 2618 sno
686 2562 830 2633 quondam
849 2559 954 2624 abbati,
970 2565 1002 2616 ut
1081 2561 1123 2620 18.
1144 2563 1223 2620 Nova
1247 2563 1367 2618 necdum
1393 2566 1503 2618 sacrata
1523 2567 1585 2618 erat
1612 2564 1729 2620 ecclesia
1752 2566 1843 2635 Becci,

198 2651 271 2708 alius
283 2651 373 2724 quivis
387 2651 556 2720 monachus;
572 2651 712 2706 secundus
725 2649 830 2721 ubique
843 2648 878 2704 ab
893 2666 937 2716 eo,
953 2648 1002 2704 ubi
1043 2667 1128 2722 quam
1136 2650 1171 2707 ab
1181 2651 1242 2724 ipso
1253 2653 1332 2722 cujus
1346 2667 1409 2707 eam
1423 2651 1541 2706 consilio
1555 2651 1698 2708 inchoavit
1706 2654 1845 2711 ctauxilio

197 2741 234 2797 ad
245 2740 394 2797 missarum
410 2739 548 2796 solemnia
561 2738 720 2807 residendo,
737 2744 766 2794 et
779 2754 896 2808 manum
914 2737 1000 2804 illius,
1043 2741 1249 2797 consummavit
1258 2739 1438 2812 exspectabat
1450 2741 1617 2809 consecrari,
1638 2741 1778 2798 instanter
1791 2743 1845 2799 hoc

197 2846 262 2886 cum
275 2829 384 2903 aliquid
399 2828 435 2884 ab
450 2843 483 2884 eo
507 2827 671 2900 accipiebat,
691 2827 748 2882 nisi
771 2827 875 2899 raptim
897 2827 945 2882 ille
960 2843 1002 2882 re·
1041 2847 1059 2886 a
1072 2832 1130 2886 Deo
1142 2845 1309 2902 exposcens;
1324 2830 1404 2901 cujus
1416 2829 1554 2900 petitioni,
1571 2829 1619 2901 qui
1633 2831 1668 2885 ad
1679 2831 1844 2889 caterasibi

197 2919 338 2986 unxisset,
351 2917 513 2974 osculando.
526 2917 570 2974 llli
580 2916 661 2973 sedes
671 2916 850 2984 eminentior,
868 2932 900 2970 ac
911 2916 1001 2988 irnpe-
1041 2917 1550 2990 benignusexstiteratlleus,optatum
1557 2919 1844 2991 concessiteifectum‚

196 3008 280 3064 randi
301 3008 348 3079 ius
371 3023 454 3063 omne
472 3005 665 3072 tribuebatur;
684 3004 808 3062 donabat
830 3003 999 3061 famulorum
1041 3009 1198 3081 adimplens
1207 3025 1259 3080 per
1268 3008 1363 3064 omnia
1372 3024 1458 3080 super
1467 3008 1519 3063 hac
1532 2993 1649 3064 reillius
1659 3000 1861 3067 desiderium.¹
1941 3035 1945 3043 ¹

198 3096 424 3169 delinquentium
439 3099 545 3164 reatus,
561 3111 594 3150 ac
606 3101 707 3152 caetera
725 3096 754 3150 in
767 3095 851 3150 domo
867 3111 917 3167 pro
932 3059 1032 3150 velleC
1042 3098 1154 3153 Interea
1167 3097 1273 3169 paratis
1286 3096 1416 3152 omnibus
1437 3113 1498 3168 quae
1513 3098 1671 3153 necessaria
1687 3104 1769 3154 crant
1783 3101 1844 3155 usi-

196 3185 325 3242 facisbat.
352 3184 466 3241 Domini
494 3199 598 3240 nomen
621 3184 702 3251 alius,
726 3184 774 3239 ille
801 3183 999 3240 auctoritatem
1041 3184 1093 3242 bus
1105 3185 1304 3254 habitantium,
1320 3189 1384 3257 post
1392 3184 1583 3253 refectionem,
1601 3185 1697 3256 vigilia
1708 3186 1843 3243 Omnium

195 3275 321 3345 gerebat.
346 3274 458 3339 Quanto
485 3272 566 3328 curia
590 3288 642 3328 sua
668 3272 860 3344 frequentior,
893 3277 999 3343 quanto
1042 3275 1219 3343 Sanctorum,
1242 3275 1343 3330 fratres
1370 3273 1562 3346 relinquentes
1583 3279 1706 3331 veterem
1733 3275 1843 3333 habita·

195 3363 346 3435 utriusque
360 3361 658 3434 ordinispersonarum
671 3362 760 3416 totius
769 3360 849 3431 regni
861 3361 999 3416 excellen·
1040 3363 1290 3430 tionem,ordinata
1298 3362 1621 3435 processione,caneutes
1631 3367 1842 3437 responsorium

195 3451 269 3507 tium
287 3457 439 3507 conventus
462 3450 548 3506 fiebat
573 3449 765 3518 numerosior,
792 3455 871 3506 tanto
897 3449 998 3522 majori
1041 3452 1148 3508 Obect'n
1166 3453 1300 3519 Trinitas,
1316 3451 1784 3522 veneruntinnovamecelesiam3
1800 3455 1843 3514 in·

197 3555 291 3596 coram
316 3539 447 3595 omnibus
470 3539 552 3595 illum
581 3538 808 3610 archiepiscopus
832 3537 999 3610 preferebat
1038 3540 1319 3596 trantesnovasaedes
1329 3540 1461 3612 deinceps
1474 3539 1640 3606 habitaturi,
1654 3540 1750 3614 ibique
1765 3543 1843 3600 festi·

196 3629 341 3702 obsequio.
366 3629 485 3685 Multum
509 3626 687 3683 mirabantur
712 3626 846 3693 universi,
877 3626 997 3683 maxime
1037 3630 1153 3686 vitatem
1163 3629 1841 3702 OmniumSanctorumcumgaudioetalacritats

196 3719 291 3791 Angli,
307 3717 549 3789 archiepiscopum
563 3714 797 3772 Cantuariensem
811 3715 851 3772 sic
869 3715 998 3772 submitti
1038 3719 1166 3775 omnium
1182 3717 1402 3774 celebraverunt.
1425 3720 1457 3774 ln
1483 3719 1637 3776 crastinum
1662 3720 1731 3776 dum
1754 3722 1841 3780 missa

197 3807 250 3864 ulli
264 3807 436 3870 mortalium.
452 3806 546 3862 abbas
561 3822 626 3862 vero
639 3821 724 3878 quam
739 3804 858 3861 debebat
866 3804 997 3876 dignitati
1037 3807 1339 3874 mutaretur,'sanctus
1354 3809 1439 3864 Pater
1458 3808 1604 3864 collectam
1626 3809 1839 3868 multitudinem

198 3901 285 3953 tanta
296 3895 513 3953 submissionem
528 3895 684 3952 conabatur
697 3894 848 3962 exsolvere,
869 3893 919 3949 ssd
932 3894 998 3949 nul·
1038 3911 1195 3968 pauperum
1206 3895 1236 3951 in
1249 3913 1336 3952 novas
1349 3896 1475 3952 cilicinas
1487 3897 1573 3968 jussit
1586 3897 1691 3972 induci,
1708 3903 1738 3954 et
1750 3899 1841 3956 abun·

197 3987 309 4042 latevms
319 3985 544 4059 permittebatur.
553 3986 622 4041 Ecca
631 3983 698 4059 quid
707 3983 797 4039 inhac
811 3983 868 4038 vita
877 3983 998 4039 servien-
1038 3984 1203 4041 dantissime
1216 3983 1278 4039 cibo
1298 3991 1327 4040 et
1338 3989 1406 4057 potu
1420 3987 1507 4042 retici.
1523 3986 1630 4052 Quarto
1648 3987 1749 4044 deinde
1762 4003 1839 4046 anno

197 4074 274 4131 tibus
285 4075 339 4131 sibi
353 4073 567 4148 opulentissima
579 4074 631 4130 Dei
649 4089 750 4129 manus
772 4071 912 4128 retribuit.
931 4073 995 4141 Qui,
1038 4073 1166 4130 dedicata
1186 4078 1229 4129 est
1245 4073 1362 4130 ecclesia
1381 4091 1446 4131 cum
1468 4091 1572 4147 magna
1591 4075 1690 4146 gloria,
1706 4081 1765 4133 eta
1781 4095 1838 4151 quo

197 4165 362 4238 pauperiem
389 4164 494 4221 Christi
512 4179 668 4231 assumens,
683 4161 723 4234 (³⁷)
741 4162 809 4218 olim
822 4160 997 4233 contemptui
1037 4162 1122 4218 Pater
1131 4162 1318 4218 desiderabat.
1330 4162 1403 4219 Nam
1415 4163 1642 4237 proquibusdam
1651 4165 1838 4237 negodistam

196 4253 233 4310 ab
247 4254 386 4311 universis
400 4260 430 4311 et
440 4253 546 4310 derisui
558 4251 734 4320 habebatur;
755 4251 841 4307 habet
860 4267 935 4307 nunc
948 4250 997 4323 qui
1037 4252 1217 4308 saecularibus
1230 4269 1315 4326 qnam
1329 4253 1532 4320 ecclesiasticis,
1555 4253 1682 4326 gastim
1697 4259 1838 4314 mama·

195 4343 370 4400 moremsibi
390 4349 472 4415 gerat
493 4342 644 4416 primatem
666 4342 755 4399 totius
777 4341 858 4414 regni
873 4340 992 4412 Angue,
1004 4340 1164 4436 urinarum
1172 4357 1245 4416 sape
1254 4346 1426 4398 memoratus
1437 4340 1559 4415 pontifex
1567 4344 1838 4403 summuslanfrsn·

195 4449 260 4489 curn
274 4432 405 4489 omnibus
418 4432 473 4488 sibi
486 4432 643 4488 commissis
667 4430 838 4504 pontificem.
858 4429 994 4485 &uidem
1036 4448 1085 4487 cus
1095 4430 1553 4504 adcuriarneminentissimiregis
1563 4432 1719 4504 anglorum
1728 4433 1826 4492 Willel

194 4517 994 4594 benignitatisDeivicernstilleacceperat,qniabnegans
1034 4521 1083 4587 mi,
1093 4521 1123 4577 in
1133 4521 1384 4578 Norrnanniatunc
1393 4520 1603 4589 commorantis,
1615 4522 1836 4596 veniens,primo

194 4611 378 4685 semetipsum
392 4609 456 4679 sibi,
467 4611 516 4682 qui
531 4610 598 4665 olim
618 4625 669 4682 pro
690 4609 748 4664 Deo
769 4607 929 4664 libertatern
949 4607 994 4664 sui
1034 4609 1152 4666 accessit
1164 4609 1304 4683 adipsum
1316 4607 1536 4678 monasterium
1553 4614 1582 4665 et
1596 4625 1652 4682 qua
1671 4627 1727 4667 non
1741 4614 1836 4685 potuit

194 4700 359 4770 ttadiderat,
380 4699 457 4755 videt
469 4714 545 4755 nunc
562 4698 599 4754 ad
620 4697 739 4770 vestigia
757 4714 808 4754 sua
823 4695 940 4765 advolvi,
960 4700 994 4752 ut
1032 4698 1133 4769 majori
1148 4698 1276 4754 decentia
1289 4715 1306 4755 a
1317 4697 1451 4755 iratribus
1470 4701 1514 4755 est
1527 4703 1691 4771 susceptus;
1705 4700 1765 4774 ipse
1777 4718 1834 4774 qua

193 4806 251 4847 non
278 4789 370 4846 dicam
390 4789 551 4845 consulares
570 4787 685 4855 multos,
706 4785 765 4843 imo
785 4791 814 4842 et
836 4785 991 4842 maximum
1032 4789 1193 4859 nonpotnit
1214 4787 1316 4860 majori
1329 4787 1498 4857 humilitate,
1523 4804 1588 4844 cum
1609 4789 1650 4846 eis
1670 4807 1702 4845 se
1720 4789 1832 4860 habuit,

192 4884 285 4936 totum
300 4878 354 4935 sibi
368 4877 474 4935 accline
487 4895 615 4951 regnum.
1029 4876 1110 4947 juxta
1117 4876 1191 4948 quod
1198 4877 1333 4950 scriptum
1341 4884 1401 4935 est:
1414 4880 1523 4949 Quanto
1534 4894 1653 4948 macaris
1662 4896 1699 4948 aa,
1708 4881 1833 4938 tamilla

231 4986 530 5058 liblatliosLanfranci
544 4983 696 5068 discipulos
708 4983 739 5038 in
750 4979 990 5066 observationibus
1031 4984 1112 5056 epist.
1127 4983 1163 5040 46
1186 4985 1240 5040 scri
1261 4985 1306 5041 sit.
1323 4985 1476 5044 ordinatus
1495 4991 1538 5043 est
1551 4989 1646 5042 autern
1659 5001 1734 5043 anuo
1750 4984 1829 5058 1077,

192 5058 303 5132 praviis
316 5059 511 5114 indicavimus.
531 5058 572 5113 De
586 5055 743 5111 Grsleberto
757 5054 848 5108 multa
866 5053 988 5110 diximus
1029 5056 1227 5128 destructaque
1274 5057 1830 5131 flensi,vetustatepenecollapsa,eccle-

190 5131 330 5187 adllitam
340 5124 986 5208 B.Herluini,quamillescripsit;deWillelmo
1028 5127 1079 5195 sia,
1095 5144 1195 5183 novam
1210 5129 1366 5198 aediiicavit,
1382 5129 1413 5186 in
1428 5147 1485 5256 flua
1507 5145 1555 5184 sex
1594 5129 1654 5184 inta
1674 5131 1828 5187 monachos

189 5203 220 5258 in
229 5203 304 5259 notis
313 5201 347 5258 ad
357 5218 389 5256 ca
411 5238 418 5254 .
434 5199 544 5271 ihujus
555 5199 634 5254 Vita.
651 5198 788 5253 llenrrcus
802 5197 986 5254 Cantuarren·
1025 5199 1168 5255 adunavit.
1179 5199 1244 5254 Haec
1255 5199 1349 5255 atalia
1364 5201 1427 5256 Gun
1448 5201 1496 5257 ulii
1506 5217 1581 5272 praec
1593 5217 1641 5256 are
1650 5207 1730 5274 gesta
1741 5201 1829 5258 refert

189 5275 229 5330 sis
240 5273 368 5330 Ecclesia
398 5287 500 5330 acanus
514 5271 547 5340 is,
563 5275 597 5325 ut
613 5268 733 5336 ridetur,
747 5267 849 5324 fuitad
877 5285 942 5324 uem
954 5269 981 5324 S.
1025 5285 1184 5343 anonymus
1198 5270 1286 5344 ipsius
1300 5271 1371 5326 Vita
1385 5273 1524 5344 scriptor;
1542 5288 1626 5343 quem
1646 5273 1782 5328 richerius
1795 5274 1827 5328 in

187 5347 337 5401 Anselmus
347 5343 459 5416 scripsit
468 5343 539 5397 duas
549 5341 690 5413 epistolas,
713 5285 912 5397 unantliib.
927 5355 981 5408 urv,
1024 5341 1098 5397 notis
1116 5342 1151 5396 ad
1166 5359 1226 5414 cap.
1250 5343 1285 5399 ta
1300 5343 1385 5415 hujus
1398 5344 1469 5399 vita
1492 5343 1642 5398 Lanfranci
1662 5343 1750 5398 edidit
1782 5351 1828 5400 ost

164 5413 472 5478 .altera21ibrix1.‚ubi
488 5413 614 5485 ejusdem
628 5410 839 5468 cantuariensis
853 5411 983 5468 Ecclesia
1025 5413 1175 5469 Sedlenum
1191 5415 1220 5468 in
1235 5414 1309 5470 notis
1324 5415 1359 5469 ad
1373 5415 1552 5482 Eadmerum,
1570 5414 1741 5486 quiquidem
1793 5416 1827 5471 d·

183 5487 391 5560 priorvooatur.
406 5487 447 5541 De
461 5485 580 5540 Ernesto
591 5484 828 5555 agdtLanfrancus
838 5482 920 5555 epist.
933 5481 979 5551 48,
1023 5500 1117 5540 merus
1131 5485 1228 5541 eadem
1239 5491 1346 5542 narrat.
1358 5485 1424 5542 Vita
1433 5487 1544 5558 integra
1552 5485 1687 5544 Gundulli
1698 5486 1774 5544 edita
1783 5492 1827 5543 est

181 5555 818 5624 editionisdchevianae,Gunduliisanctitatcm
827 5554 981 5626 predicant
1021 5560 1098 5613 tomo
1113 5558 1139 5615 ll
1150 5557 1258 5631 anglia
1273 5573 1368 5616 sacra.

180 5635 308 5692 auctores
322 5627 416 5700 coavi,
426 5627 537 5686 videtur
551 5627 576 5686 is
590 5641 652 5688 esse
666 5627 701 5684 ad
711 5643 795 5702 quem
803 5625 978 5684 Lanfrancus
