3900 6168
212 191 264 254 855
715 201 907 259 BONlZONlS
927 197 1147 258 nnncanrnn
1167 197 1330 256 Episcopi
1758 197 1800 254 tin

213 321 297 376 tidem
312 321 444 379 ira-lsrael
457 325 565 393 (llalllr.
582 339 641 394 rin,
667 327 721 400 ln).
739 350 751 378 ι
778 329 810 384 ln
829 327 873 383 bis
898 327 952 383 luit
978 326 1210 386 etAsanetomm
1225 325 1341 379 Petrum
1351 322 1527 387 documenta,
1542 319 1668 374 aduertite
1678 323 1704 374 et
1715 336 1758 391 pro
1770 337 1803 376 ie

212 409 360 466 Cornelius
373 413 453 481 eujus
477 412 661 486 eleemosyna
685 416 764 472 luere
787 422 906 488 accepta
933 417 1008 488 apud
1050 408 1805 485 ritatepugnantiumexempla:llermogenemprefectum

213 499 302 554 Deum
312 499 383 569 (Act.
400 517 426 566 ιι,
441 499 493 572 ll).
506 503 577 568 Quid
588 503 826 560 dicam‘lHostam
836 511 1008 577 pugnantem
1050 502 1168 558 Paulum
1183 497 1493 572 Constantinopolitano
1510 496 1632 569 episcopo
1649 497 1700 551 eolo
1715 497 1807 552 mana

212 587 364 642 necessitas
379 589 500 661 perimat
511 607 568 647 non
582 593 720 650 voluntas.
738 595 815 650 ldern
835 595 869 649 de
881 607 1010 649 sermone
1051 593 1189 648 hereseos
1213 587 1435 661 persecutionem
1451 586 1614 642 inlerentcm
1634 584 1740 656 legimus
1755 601 1806 642 cum

213 675 326 732 Domini
338 676 435 754 babilo
449 678 479 734 in
493 686 588 736 monte
601 699 664 738 cum
679 683 714 738 de
732 682 955 738 beatitudinibus
968 683 1010 736 lo·
1051 680 1129 735 onnni
1143 680 1226 734 domo
1237 694 1289 733 sua
1306 677 1343 732 ab
1358 675 1518 732 orthodoxis
1528 675 1591 745 igne
1603 677 1751 740 crematum,
1768 691 1810 729 nec

214 771 350 835 queretur
362 772 392 823 et
403 768 524 824 venisset
535 771 570 824 ad
589 791 600 823 ι
617 771 691 826 beati
714 772 763 843 qui
788 771 1009 844 persecutionem
1050 770 1103 826 hoc
1114 765 1407 840 vituperatum,sedab
1417 759 1552 821 omnibus
1566 762 1663 818 samm
1672 763 1811 818 essebuda·

214 853 362 924 patiuntur
372 859 633 929 propterjuslitiam
647 860 757 932 (Matlh.
775 878 800 927 v,
823 860 875 928 10),
893 876 1012 931 requa-
1051 863 1123 913 tum.
1151 857 1225 922 Quid
1243 872 1310 910 vere
1334 856 1369 910 de
1396 851 1594 911 Alexandrinis
1618 851 1710 906 dicam.
1731 852 1810 907 Nonne

214 939 281 996 liter
293 942 364 998 dixit
376 943 474 1000 beatos
488 963 559 1016 esse,
574 948 623 1019 qui
643 949 866 1021 persecutionem
887 947 1013 1004 inierunt
1052 952 1168 1019 propter
1181 946 1271 1002 varias
1282 961 1391 1017 pugnas
1405 948 1435 999 et
1456 943 1566 998 diversa
1591 939 1740 1003 certamine,
1763 955 1811 1011 qne

215 1032 488 1103 propterjustitinm,
503 1051 536 1090 ac
547 1036 854 1108 siquipersecutionem
866 1037 1013 1109 patiuntur
1052 1041 1150 1090 contra
1163 1035 1282 1089 Arianos
1292 1031 1490 1092 exstruerem
1505 1035 1563 1085 toto
1572 1029 1813 1084 mundoleudantnr?
1893 1059 1894 1072 ι

216 1126 332 1190 propter
341 1120 492 1191 justitiam.
503 1124 682 1181 llieronimus
691 1127 790 1181 veroin
800 1126 932 1183 Tractutu
942 1127 1013 1180 Pen-
1052 1127 1153 1180 Annon
1167 1123 1390 1180 Mediolanenses
1404 1139 1421 1176 a
1441 1119 1584 1176 catholicis
1601 1117 1729 1189 condigna
1742 1117 1814 1188 gloria

215 1209 321 1264 tateuei
331 1209 372 1264 sic
383 1211 520 1278 meminit,
538 1213 652 1269 dicens:
669 1215 698 1271 Si
712 1214 830 1272 liebraeo
843 1219 1013 1287 praeceptum
1053 1214 1238 1279 extolluntur,
1254 1212 1303 1283 qul
1316 1211 1483 1268 orthodoxos
1496 1209 1637 1280 episcopos
1653 1206 1680 1261 in
1694 1205 1815 1261 ecclesian

217 1301 261 1352 est
270 1298 344 1369 patri
354 1305 382 1354 et
396 1301 480 1356 matri
496 1307 526 1356 et
539 1303 628 1366 uxori,
644 1321 705 1374 qua
719 1303 823 1359 dormit
837 1304 868 1358 in
878 1303 942 1358 sinu
962 1319 1012 1358 suo
1053 1303 1194 1374 tbgientes
1212 1302 1247 1357 de
1265 1317 1352 1356 manu
1374 1298 1532 1356 Constantii
1555 1295 1718 1352 liberaverat
1736 1295 1816 1348 Nonne

120 1425 127 1436 .
217 1399 274 1440 non
288 1403 414 1459 parcere,
447 1389 472 1444 si
493 1408 523 1446 se
541 1392 663 1447 veluerit
686 1409 704 1446 a
732 1393 848 1447 veritate
874 1397 1011 1456 avertere,
1053 1383 1818 1464 Oyrillusepiscopusblexandrinus,cujuslausinEphe·

218 1480 325 1546 quanto
334 1477 424 1548 magis
437 1477 497 1546 tibi,
513 1496 530 1533 o
545 1481 713 1547 Christiane,
732 1481 862 1536 baeretico
875 1479 1012 1536 scindenti
1054 1496 1116 1534 ano
1129 1479 1305 1545 concilioest,
1317 1477 1469 1532 Amanium
1476 1469 1818 1543 monachum‚qui0restcn

217 1563 329 1619 Domini
341 1566 356 1620 J
358 1582 407 1622 esu
415 1571 519 1622 vestem
533 1585 589 1624 non
597 1586 658 1624 esse
669 1569 840 1641 parcendum
850 1585 1012 1641 cognoscas.
1055 1568 1215 1640 prefectum
1230 1583 1296 1622 saxo
1315 1565 1453 1638 percussit
1466 1564 1524 1620 zelo
1537 1562 1588 1619 Dei
1597 1563 1702 1628 ductus,
1714 1559 1819 1632 quereris

218 1650 296 1708 Idem
309 1652 345 1709 ad
360 1654 496 1711 rusticum
509 1656 734 1713 Narbonensem:
751 1675 808 1714 non
825 1665 868 1714 est
883 1658 1013 1731 impietas
1023 1636 1112 1713 Bnon
1126 1657 1280 1713 secundum
1295 1657 1446 1728 perlectam
1469 1652 1626 1718 scientiam,
1650 1650 1696 1721 qui
1708 1647 1820 1703 abolicio

216 1757 268 1812 pro
281 1742 341 1797 Deo
354 1743 514 1800 crudelitas.
541 1746 678 1803 Praelatus
692 1753 806 1803 sanctus
834 1747 1015 1802 Hieronimus
1056 1747 1182 1820 ejusdem
1199 1744 1349 1802 Orestis'ab
1363 1745 1415 1799 boc
1427 1744 1519 1798 suerat
1531 1741 1678 1814 lapidatus,
1691 1739 1822 1794 intermar-

218 1829 391 1887 inTractatu
405 1831 536 1889 Jeremiae
557 1835 594 1890 ad
621 1835 772 1891 Eusebium
797 1837 1015 1893 Cremonensem
1056 1841 1133 1908 tyras
1148 1833 1313 1890 collocavitl

218 1917 259 1972 sic
273 1919 371 1974 scribit
383 1919 459 1976 inter
475 1929 592 1978 catera:
608 1925 770 1980 llomieidas
784 1929 813 1980 et
827 1924 970 1980 adulteros
988 1929 1017 1980 et
1091 1923 1245 1978 Veniamus
1258 1936 1333 1976 nune
1347 1920 1383 1975 ad
1397 1923 1493 1976 nostra
1504 1923 1642 1990 tempora,
1654 1919 1682 1970 et
1692 1914 1822 1980 rideamus,

218 2023 282 2062 reos
298 2007 397 2063 mortis
410 2011 542 2066 scelestos
552 2011 669 2082 perdere
685 2029 741 2069 non
760 2019 803 2068 est
821 2013 1014 2080 homicidium,
1057 2003 1824 2084 quidpugnantibuscontraNorthmannossubpapaleo-

128 2101 131 2106 “
219 2095 269 2150 sed
283 2095 378 2166 legum
393 2096 561 2154 observatio.
579 2101 753 2157 Venerabilis
769 2118 835 2157 aero
853 2101 1017 2158 Ambrosius
1058 2101 1285 2171 net‘lmnipotens
1295 2099 1414 2155 contulit
1425 2116 1431 2152 ε
1441 2097 1614 2170 gloriaenlm
1625 2095 1825 2152 ethonorecoro·

218 2186 516 2254 gemmasaeerdotum
531 2188 561 2243 in
575 2189 697 2260 quadam
712 2207 763 2246 sua
770 2192 889 2264 epistola
896 2209 926 2247 se
932 2192 1018 2246 armis
1058 2191 1136 2244 navit
1146 2191 1290 2257 eoslllcbr.
1301 2203 1333 2256 n,
1343 2187 1379 2249 7),
1391 2193 1420 2242 et
1429 2187 1516 2258 signis
1525 2192 1555 2241 et
1568 2183 1700 2257 prodigiis
1709 2181 1757 2236 sibi
1766 2197 1827 2235 eom·

219 2273 387 2345 populorum
403 2275 579 2331 defensatum
594 2294 611 2332 a
624 2277 1018 2351 ‹lustinaimperalrlcisrabie
1058 2279 1197 2350 placuisse
1206 2277 1406 2349 comprobavit.
1426 2276 1501 2340 Quid
1526 2291 1592 2330 aero
1616 2275 1650 2329 de
1672 2267 1827 2327 llerlinbaldo
1906 2297 1907 2310 ι

1897 1572 1900 1660 l

1899 1670 1901 1764 l

1901 1768 1902 1845 l

219 2361 367 2431 gloriatur.
377 2363 805 2438 sanctissimusseraGregorius
813 2370 891 2424 sidus
900 2385 1018 2424 aureum
1058 2367 1118 2422 viro
1132 2367 1303 2439 religiosoet
1331 2366 1464 2421 Decentio
1485 2365 1614 2420 Romano
1641 2360 1760 2434 praelecto
1782 2357 1829 2410 uiro
1907 2354 1908 2377 ¹

220 2449 388 2506 ablaunilio
416 2453 587 2524 imperatore
613 2457 750 2527 arguitur,
780 2474 813 2512 eo
842 2458 917 2530 quod
942 2458 1016 2512 mili-
1058 2450 1746 2525 christianissimodixerim,adquorumsepulcra
1757 2445 1831 2502 multa
1908 2452 1909 2470 ¹

220 2542 264 2592 tes
278 2537 411 2594 Romane
436 2541 514 2597 urbis
536 2560 632 2599 muros
653 2550 766 2601 tuentes
788 2547 867 2618 large
890 2547 1016 2602 ciborum
1057 2533 1832 2617 iniraculaDeusopcraturlIgiturpugnentgloriosissini
1909 2549 1910 2560 ¹

221 2629 250 2680 et
263 2641 407 2683 armorum
421 2629 634 2688 honoriticentia
648 2634 795 2706 plusquam
802 2635 837 2690 ab
847 2635 1017 2706 imperatore
1057 2635 1107 2689 Dei
1118 2635 1222 2702 milites
1233 2650 1285 2705 pro
1293 2633 1418 2700 veritate,
1426 2636 1534 2687 certent
1542 2648 1594 2704 pre
1600 2628 1717 2702 justitia,
1729 2627 1833 2698 pugnent

220 2714 295 2771 soliti
308 2722 389 2772 eraut
398 2718 535 2790 accipere,
556 2721 744 2793 impendebat.
759 2724 833 2789 Quid
852 2740 917 2779 vero
928 2724 1015 2780 veloci
1055 2714 1834 2780 vercanimoanvsrsusnaeresinextollentemseodrersus

222 2803 358 2874 magistro
371 2805 494 2861 militum
510 2809 624 2876 scribat,
635 2811 799 2867 audiamus:
812 2829 863 2868 nec
877 2813 945 2869 utile
958 2811 1017 2884 (56)
1058 2828 1152 2880 omne,
1168 2812 1242 2884 quod
1255 2811 1367 2874 dicitur,
1380 2817 1409 2866 et
1423 2809 1497 2883 quod
1513 2811 1664 2883 colitur(ll
1676 2809 1757 2862 tnnc.
1766 2819 1794 2871 11,
1803 2805 1833 2870 t).

221 2892 311 2946 risum
327 2897 381 2959 est,
392 2899 425 2950 ut
433 2895 571 2969 aliquanti
584 2898 652 2954 illue
662 2900 765 2955 milites
778 2902 1016 2966 transmittantur,
1060 2901 1239 2957 AErnulentur
1251 2901 1281 2955 in
1294 2900 1398 2955 bonum
1409 2899 1671 2956 excellentissimam
1683 2895 1834 2951 comitissam

222 2996 293 3052 quos
306 2980 398 3052 gloria
408 2986 458 3038 tua
467 2985 619 3042 admonere
633 2992 662 3042 et
671 2989 787 3056 hortari,
805 2995 837 3045 ut
849 2991 940 3062 parati
953 2990 1018 3056 sint,
1028 2986 1051 3051 G
1061 2990 1226 3045 blatbildam
1239 2988 1325 3044 liliam
1341 2987 1569 3059 beatiPelri,quae
1580 2986 1654 3041 virili
1663 2978 1836 3040 animoornni-

222 3068 259 3124 ad
273 3068 398 3125 laborem
416 3073 537 3141 studeat,
553 3081 582 3131 et
595 3077 741 3132 occasione
754 3077 944 3134 inventarum
958 3079 1020 3149 glo·
1060 3079 1112 3135 bus
1127 3079 1276 3134 mundanis
1295 3077 1378 3133 rebus
1397 3075 1586 3148 posthabitbis
1610 3075 1681 3130 mori
1702 3075 1790 3143 parata
1803 3073 1838 3121 est

222 3155 460 3216 riosiasimisllliis
469 3163 573 3218 nostris
587 3165 691 3220 ldarcio
705 3171 734 3221 et
746 3167 850 3222 Vitalio
859 3168 1022 3239 loquere,et
1062 3168 1156 3240 potius
1165 3167 1350 3239 quamlegem
1360 3166 1410 3222 Dei
1421 3157 1837 3236 insangercpecontmnaerain

224 3262 398 3320 quacunque
409 3248 487 3306 vobis
504 3251 634 3322 adjutore
647 3254 706 3308 Deo
719 3269 770 3326 pro
786 3255 908 3311 utilitate
927 3256 1022 3328 reipu-
1062 3273 1124 3328 quas
1139 3254 1301 3312 nunesaevit
1314 3237 1344 3310 in
1357 3255 1489 3321 Ecclesia,
1505 3257 1591 3326 prout
1616 3253 1687 3307 eires
1705 3250 1839 3320 suppelunt

222 3333 302 3390 blicre
314 3338 473 3404 statuerint,
490 3346 519 3395 et
534 3340 558 3395 si
574 3341 665 3396 adbuc
677 3342 712 3397 ud
728 3344 903 3400 Ravennates
927 3351 1022 3416 partes
1062 3345 1193 3402 omnibus
1201 3343 1291 3400 modis
1305 3343 1472 3416 impugnare
1480 3343 1509 3397 in
1518 3341 1698 3412 manuarias
1706 3337 1837 3398 eredimus,

224 3422 378 3494 lliulphum
399 3427 584 3497 cognoveritis
597 3446 753 3497 excurrere,
771 3447 819 3487 vos
832 3449 850 3486 a
860 3433 945 3488 dorso
959 3435 1021 3505 ejus
1063 3435 1130 3507 quia
1142 3434 1271 3489 tradetur
1280 3433 1376 3488 Sisara
1385 3439 1414 3486 ot
1425 3432 1498 3487 sicut
1510 3428 1597 3487 labin
1608 3425 1840 3485 intorreuteCison

224 3510 298 3566 sicul
311 3511 398 3568 fortes
411 3513 485 3569 viros
496 3517 638 3584 condecet,
649 3517 785 3574 laborate.
795 3520 865 3576 Item
882 3521 986 3577 blareio
995 3529 1024 3579 et
1063 3523 1241 3595 dispergetur
1251 3523 1335 3592 (Psoi.
1353 3533 1457 3590 trxxii,
1470 3517 1513 3586 ln,
1523 3517 1578 3586 lt),
1588 3519 1656 3592 quia
1667 3511 1842 3572 exterminavit

225 3598 329 3656 vitalio
344 3601 547 3658 intercaetera:
566 3604 686 3661 Gloriosi
711 3607 763 3662 lilii
781 3613 871 3690 estete
898 3609 1021 3678 solliciti,
1063 3610 1173 3666 vineam
1188 3610 1310 3676 Domini,
1326 3614 1356 3666 et
1377 3608 1538 3681 depascitur
1563 3623 1629 3663 eam
1655 3611 1688 3661 ul
1711 3598 1842 3674 singularis

225 3687 293 3757 quia
307 3693 582 3764 quantumeoroperi,
594 3694 684 3750 bostis
697 3697 842 3754 collectam
852 3697 938 3754 habet
953 3700 1023 3754 mul·
1062 3699 1148 3772 (Psoi.
1165 3713 1257 3765 cxxix,
1265 3697 1320 3766 lll,
1331 3699 1421 3754 lactus
1431 3703 1463 3754 ut
1476 3703 1584 3754 stercus
1595 3703 1688 3752 terra.
1699 3695 1754 3750 Nos
1763 3695 1843 3746 annm

224 3773 386 3844 titudinem,
398 3785 427 3834 et
434 3778 463 3834 in
473 3780 668 3838 armisdicitur
677 3785 847 3841 residere.Si
855 3787 902 3841 hic
908 3803 1022 3843 cursum
1063 3787 1218 3843 secundum
1231 3787 1314 3843 oflicii
1328 3787 1418 3842 nostri
1427 3791 1554 3843 tenorem
1569 3801 1693 3850 oremus,
1703 3788 1735 3839 ut
1747 3782 1844 3835 incensa

224 3863 284 3919 Deo
295 3863 348 3932 sibi
362 3866 435 3922 irato
445 3868 558 3924 mittere
573 3871 760 3938 volucritans
774 3874 923 3942 locaillius,
936 3893 1024 3948 quan·
1063 3877 1122 3948 igni
1137 3881 1166 3932 et
1179 3876 1283 3932 suffosa
1296 3877 1350 3946 (ita
1364 3875 1432 3948 eod.)
1449 3875 1484 3930 ab
1498 3875 1695 3948 increpatione
1704 3870 1790 3928 vultus
1807 3864 1842 3922 lui

224 3959 286 4010 tum
301 3956 376 4012 Deus
390 3958 539 4030 adjuverit,
549 3962 716 4034 depraedate.
725 3965 803 4020 idam
812 3966 843 4021 in
853 3967 1019 4023 moralibus:
1063 3965 1199 4020 citissime
1212 3968 1309 4036 pereat
1323 3965 1411 4035 (itia,
1427 3964 1482 4023 tn.

224 4041 374 4100 Crudelem
392 4048 550 4104 interlicere
568 4066 625 4106 non
650 4057 694 4108 est
720 4053 881 4110 crudelitas.
897 4055 1056 4120 AudistisD
1396 4054 1526 4124 Eevlt‘tt'i·

262 4147 314 4220 (56)
330 4153 391 4208 lmo
405 4169 454 4211 nec
467 4159 573 4213 inatile
591 4158 740 4231 legendum
768 4161 872 4233 potius.
901 4161 956 4218 Sed
983 4163 1024 4218 ita
1040 4163 1135 4230 codex,
1150 4162 1214 4236 plus
1227 4162 1296 4218 satis
1307 4159 1467 4218 mendosus.

218 4277 1841 4311 mm

435 4399 496 4492 llll
533 4397 875 4496 OPUSCULUll
911 4402 1275 4516 SUBSEQUENS
1312 4399 1651 4497 nonomine

786 4552 954 4625 (liunsronr,
973 4556 1068 4626 nnliq.
1084 4555 1225 4625 ltol.,11l,
1242 4553 1314 4623 599.)

261 4699 483 4768 llajaeepascali
496 4706 641 4755 auctorest
651 4703 848 4774 Donieoprimo
858 4703 1004 4771 Sutrinas,
1017 4707 1306 4770 lum,teslellertltoldo
1316 4703 1672 4766 Oanslantienselliatorico,
1686 4703 1850 4760 Placentinae

223 4771 371 4840 episcopas,
388 4771 438 4838 qai
449 4785 525 4825 anne
535 4772 638 4826 Christi
650 4769 728 4836 1089,
745 4776 818 4843 qaod
831 4777 911 4830 virili
920 4779 1016 4830 anima
1028 4776 1210 4831 schismaticis
1223 4777 1397 4844 hostibusque
1411 4777 1532 4830 Ecclesia
1546 4769 1850 4834 acmonaoensnrnpl

222 4842 291 4908 ipsis
306 4841 487 4894 obtruncatus
500 4843 619 4909 clariore
633 4848 783 4899 certamine
793 4851 908 4900 mortem
922 4848 1017 4901 saliit.
1033 4847 1106 4901 Earn
1114 4850 1189 4901 inter
1201 4850 1346 4916 scriptores
1356 4848 1613 4914 ecelesiasticosjam
1623 4847 1675 4899 dia
1685 4845 1779 4898 retulit
1788 4843 1851 4896 lno-

222 4926 326 4982 nymns
340 4909 503 4965 Mellicensis
516 4928 534 4967 a
548 4915 655 4968 clariss.
671 4917 700 4969 P.
717 4917 795 4970 Penio
809 4917 908 4971 editas.
923 4917 992 4970 Tum
1006 4918 1038 4970 de
1050 4933 1079 4972 eo
1093 4922 1207 4985 aperient
1219 4918 1436 4984 llplcellinstomo
1448 4919 1541 4985 primo
1556 4917 1617 4971 llal.
1630 4915 1710 4972 Socr.
1725 4917 1755 4968 in
1764 4911 1850 4967 Satri-

221 4983 268 5037 m's
282 4983 421 5050 episcopis,
442 4986 467 5036 el
483 4987 546 5037 tom.
558 4985 596 5051 lI,
611 4987 644 5038 in
654 4986 835 5054 Placentinis,
850 4992 874 5040 el
891 4993 983 5056 posteo
1001 4989 1099 5042 Petrae·
1113 4989 1270 5042 baratarius
1285 4990 1316 5042 in
1327 4987 1512 5043 dominanter.
1529 4987 1560 5039 dc
1573 4987 1702 5040 niellam.
1720 4985 1812 5038 Cesar.
1826 4983 1849 5033 et

220 5051 398 5109 (inillielmas
413 5052 480 5108 Oeae
494 5055 525 5108 in
541 5055 639 5110 histor.
661 5057 779 5111 litterar.
801 5073 833 5110 ac
853 5061 1014 5126 nuperrime
1028 5061 1154 5112 amnium
1168 5059 1308 5125 fusissime
1322 5057 1477 5112 Oasimirns
1490 5057 1616 5111 Ordines
1632 5059 1663 5110 in
1674 5057 1848 5111 Garamantes.

219 5123 258 5178 De
269 5124 424 5192 scriptorib.
441 5127 635 5180 ecclesiasticis.
658 5128 754 5181 Latent
777 5130 835 5195 ejas
856 5142 937 5196 opero
960 5131 1035 5180 inter
1053 5131 1160 5182 scrinia
1182 5129 1306 5182 Cesarea
1325 5129 1536 5182 Vindobonensis
1560 5127 1745 5180 bibliotheca:
1761 5125 1805 5177 noe
1816 5125 1849 5175 est

220 5193 376 5264 syntagma
394 5194 569 5252 decretorum
584 5213 599 5250 e
614 5213 694 5252 sacra
709 5197 864 5268 Scriptura,
875 5197 998 5252 conciliis
1012 5204 1041 5252 et
1054 5197 1185 5253 Patribus
1200 5199 1379 5252 collectorum
1392 5215 1399 5265 ;
1410 5203 1492 5266 atque
1505 5195 1633 5268 Epitoma
1643 5195 1772 5250 Historia
1785 5207 1849 5264 pon-

219 5263 327 5319 tificum
342 5265 535 5322 &manorum
552 5285 558 5320 ι
577 5271 657 5337 cajus
670 5271 802 5337 postremi
816 5269 884 5322 libri
894 5284 956 5321 merri
969 5285 1194 5337 cposammoperc
1208 5271 1308 5322 avidus
1321 5271 1409 5335 sorem
1424 5269 1550 5321 intellecti
1567 5267 1679 5321 tuentem
1695 5267 1767 5320 nihil
1776 5262 1850 5318 alind

219 5336 281 5388 illic
294 5334 417 5390 celtiberi
430 5341 488 5392 nisi
497 5353 604 5392 meram
622 5340 728 5392 brevem
743 5341 899 5405 catalogum
914 5339 1102 5393 Rornanorum
1112 5341 1381 5407 pontillcampnalcs
1397 5341 1499 5392 maltos
1510 5338 1651 5402 habentus,
1660 5339 1848 5406 proptereaque

219 5403 255 5458 ab
267 5419 297 5458 eo
311 5407 389 5459 altra
399 5409 468 5461 miln
480 5410 658 5477 procurando
672 5411 805 5462 abstinui.
821 5411 887 5462 Alia
902 5424 1007 5477 quoqne
1021 5411 1055 5461 ab
1068 5427 1098 5464 ee
1112 5413 1265 5477 comaripla
1279 5410 1410 5478 epimenia
1419 5410 1533 5476 periisse
1547 5408 1711 5469 credantur,
1721 5405 1848 5473 acquina

219 5475 402 5530 consulendas
424 5493 512 5546 nuper
526 5483 696 5532 niemorolas
712 5481 847 5534 Ondinas.
864 5480 906 5532 rid
917 5494 1036 5547 presens
1046 5481 1118 5547 quael
1130 5483 1228 5533 attinet
1242 5480 1421 5534 Matillcnias
1431 5482 1463 5532 in
1477 5479 1608 5532 Itinerar.
1618 5478 1720 5538 italie,
1735 5491 1795 5544 pap.
1807 5473 1846 5550 13,Ι

218 5542 273 5597 laec
281 5547 344 5613 jam
353 5549 509 5617 scripserat,
521 5549 553 5604 de
566 5551 751 5606 ambrosiana
761 5549 961 5604 Mediolanensi
973 5550 1133 5606 bibliotheca
1147 5565 1230 5619 opens
1241 5567 1250 5606 .·
1260 5548 1293 5608 Iu
1303 5547 1359 5610 ulio
1379 5547 1475 5611 codice
1494 5547 1738 5613 exantllonieonis
1748 5543 1847 5602 suam
