3934 6174
201 257 260 332 ³⁵1,
689 262 721 319 a.
741 263 949 324 ammaum
967 262 1145 321 sammaa
1166 263 1335 320 uacasse.
1780 264 1840 332 sse¹

203 387 234 440 et
246 383 337 441 Adam
351 402 408 443 non
421 363 467 442 est
478 386 620 455 seductus,
640 389 753 446 mulier
766 395 860 446 autem
876 365 991 448 seducta
1006 392 1035 446 in
1050 391 1278 464 praevaricatione
1292 392 1347 446 fuit
1361 392 1404 458 li,
1430 391 1472 449 15.
1498 377 1659 447 Saliabitur
1672 395 1767 447 autem
1782 409 1833 463 per

201 471 322 527 tilioruin
344 475 565 545 generationem,
576 479 602 530 si
614 479 685 544 filios
696 482 727 532 in
741 478 796 549 fide
810 483 946 536 nutrierit
959 483 1095 550 relipiose,
1109 485 1150 539 uel
1163 496 1213 554 per
1231 483 1301 538 bono
1324 497 1416 552 opero,
1436 481 1460 537 si
1471 481 1658 554 permanserit
1668 481 1699 538 in
1714 482 1778 549 tide,
1801 491 1832 538 et

202 559 351 618 dilectione
364 569 392 618 et
404 564 626 623 sanctificatione
639 582 703 624 cum
717 567 877 627 sobrietate.

871 701 960 763 18!
981 697 1099 753 CAPUT
1113 697 1164 756 ΙΙΙ.

235 791 349 862 Fidelis,
359 797 460 865 dipnus
468 797 532 870 fide,
549 815 641 855 sermo
657 817 665 854 s
681 817 747 868 ecce,
759 803 785 856 i.
806 802 829 856 si
844 803 907 874 quis
921 801 948 860 t.
966 803 1161 875 episcopatum
1175 802 1327 872 desiderat,
1343 805 1446 860 bonum
1462 821 1533 876 opus
1546 804 1697 859 desiderat.
1708 804 1827 874 Oportet

201 897 278 952 erge,
292 887 364 951 qaod
379 887 561 942 intemionern
579 894 688 946 tantam
704 895 812 959 querit.
828 892 988 965 episcopum
1002 907 1060 962 (per
1074 896 1229 960 episcopum
1239 898 1264 946 et
1271 894 1415 962 presbyter
1434 897 1616 960 inteltipitur,
1628 891 1833 963 irreprehensi·

200 966 285 1025 bilem
300 989 371 1040 esse,
384 973 410 1028 3.
422 975 505 1030 unius
516 977 611 1031 uxoris
622 979 763 1047 virum,(si
776 996 832 1034 non
846 983 994 1049 oirpr'nmn,
1005 997 1062 1034 nun
1075 985 1165 1034 tamen
1176 982 1328 1050 bipamwn)
1338 981 1364 1036 1.
1376 980 1510 1047 sobrium,
1521 983 1698 1053 prudentem,
1710 979 1735 1036 5.
1745 997 1832 1035 orna-

200 1061 272 1125 tum,
287 1058 314 1116 6.
331 1062 474 1132 pudicam,
486 1064 664 1136 hospitalem,
680 1067 832 1134 doctorem,
848 1085 904 1122 non
919 1070 1105 1134 vinolentum,
1119 1084 1175 1122 non
1191 1069 1451 1138 percussoremsed
1466 1070 1634 1133 modestum,
1644 1084 1701 1123 non
1722 1067 1831 1138 litigio-

200 1161 274 1214 sum,
291 1165 346 1202 non
361 1151 503 1222 cupidum,
519 1153 566 1206 sed
589 1170 646 1208 suso
662 1155 758 1209 domui
770 1154 840 1210 bene
856 1156 1128 1228 prepositummlios
1144 1156 1294 1211 habentem
1305 1157 1431 1212 subditos
1444 1175 1506 1213 cum
1523 1157 1600 1212 omni
1614 1153 1789 1212 castitatel.
1800 1155 1834 1212 Si

202 1236 265 1307 quis
279 1243 374 1292 autem
390 1239 487 1295 domui
499 1258 556 1297 sum
569 1243 633 1296 bena
645 1259 764 1313 praesse
778 1245 1018 1315 nescit,quom0do
1028 1244 1159 1300 Ecclesia
1167 1245 1218 1298 Dei
1227 1246 1401 1315 diligentiam
1409 1245 1524 1301 habebit
1531 1246 1543 1299 'l
1549 1244 1833 1315 Nonneopbytumd.

203 1338 239 1377 ne
254 1323 282 1379 in
295 1325 454 1396 superbiam
472 1329 573 1404 elatus,
590 1330 620 1384 in
628 1331 766 1400 iudicium
778 1331 884 1388 incidat
898 1329 1169 1402 diaboli,nejudicet
1183 1350 1209 1388 se
1224 1351 1276 1388 esse
1293 1340 1469 1402 mappam-‚et
1480 1333 1831 1398 soneturn,sicutdiaboius

197 1413 337 1478 judicavit
351 1420 520 1484 sanqualem
534 1419 596 1472 Deo.
607 1420 722 1488 Oportet
732 1426 826 1474 autem
841 1420 921 1476 illum
936 1427 965 1476 et
979 1421 1170 1476 testimonium
1185 1420 1288 1476 habere
1302 1421 1407 1476 bonum
1423 1422 1458 1476 ab
1473 1421 1506 1476 iis
1516 1421 1564 1493 qui
1573 1421 1642 1474 soris
1652 1424 1728 1476 sunt.
1737 1425 1836 1474 utnon

201 1499 231 1554 in
245 1500 426 1572 opprobrium
441 1505 555 1572 incidat,
570 1504 632 1572 etti,
650 1505 693 1564 10.
708 1507 738 1562 in
746 1507 877 1583 laqueum
893 1509 1150 1564 diaboli.Diaconos
1162 1510 1294 1565 similiter
1305 1511 1420 1582 pudicos
1430 1517 1531 1580 oportet
1540 1526 1602 1574 esse,
1616 1525 1674 1564 non
1683 1508 1834 1579 bilingues,

200 1604 256 1643 non
272 1591 361 1645 multo
375 1591 439 1645 vino
455 1593 572 1658 deditos,
587 1611 643 1650 non
658 1601 739 1667 turpe
754 1597 863 1652 lucrum
874 1604 1022 1664 sectantes
1041 1597 1227 1654 tthabenus
1237 1599 1404 1669 mysterium
1414 1598 1489 1664 fidei,
1501 1599 1658 1666 quodjubet
1668 1597 1831 1654 Christiana

200 1678 275 1744 fides,
291 1678 321 1733 in
333 1679 504 1735 conscientia
516 1698 595 1753 pura.
611 1683 647 1737 Et
660 1684 689 1738 hi
715 1690 819 1740 autem.
847 1689 958 1744 diaconi
973 1693 997 1742 et
1013 1689 1104 1741 caeteri
1117 1688 1274 1757 probentur
1284 1687 1424 1758 primum;
1441 1691 1523 1741 etsie
1537 1685 1708 1748 ministrent,
1723 1684 1835 1739 nullum

199 1765 306 1821 crimen
317 1768 462 1824 habentes
479 1771 620 1836 Mulieres
635 1776 860 1829 sanctimoniales
875 1776 1007 1830 similiter
1018 1775 1142 1847 pudicas,
1156 1776 1200 1830 ta.
1222 1791 1278 1829 non
1292 1776 1483 1840 detrahentes,
1498 1775 1616 1838 sobrias,
1626 1775 1723 1829 fideles
1735 1774 1764 1828 in
1775 1789 1836 1826 om·

199 1851 291 1908 nibus.
304 1855 419 1912 Diaconi
433 1857 491 1912 sint
503 1859 586 1913 unius
600 1860 694 1914 uxoris
709 1861 771 1925 viri,
788 1862 836 1934 qui
858 1864 923 1918 filiis
938 1865 996 1919 suis
1009 1864 1082 1919 berse
1092 1869 1174 1934 prius
1187 1865 1313 1936 praesint,
1328 1870 1356 1919 et
1370 1865 1428 1920 suis
1443 1864 1581 1920 domibus.
1601 1866 1680 1921 ilatio
1691 1879 1742 1918 cur
1764 1867 1834 1918 tales

198 1943 312 1998 debeant
326 1961 387 1999 esse.
400 1947 454 2010 Qui
468 1948 543 2001 enim
557 1947 628 2002 bene
636 1949 868 2016 ministraverint,
883 1951 924 2009 13.
941 1953 1061 2023 gradum
1080 1953 1196 2014 bonum.
1206 1956 1347 2019 bonorem,
1361 1953 1414 2008 sibi
1425 1953 1692 2024 acquirent,monin
1702 1954 1836 2020 presenti

199 2034 294 2088 seculo
307 2034 383 2094 dicit)
401 2042 429 2090 et
442 2036 562 2094 multam
577 2038 709 2093 fiduciam
724 2041 821 2095 trabere
830 2047 937 2111 possint
947 2043 976 2096 in
993 2046 1084 2110 188
1100 2042 1164 2109 side,
1182 2059 1244 2113 quae
1259 2042 1342 2098 estin
1359 2042 1469 2098 Christo
1488 2043 1565 2098 lesu.
1583 2041 1650 2100 ilaec
1668 2046 1726 2094 tom
1736 2055 1833 2109 pauca

867 2165 1165 2242 commaneamus.

200 2266 314 2334 putasse
327 2265 401 2321 idolo
416 2284 478 2322 esse
490 2269 676 2336 serviendum,
698 2272 746 2325 sed
760 2270 904 2326 blanditiis
915 2273 1175 2344 semi-Aintendat,
1203 2291 1300 2330 curam
1326 2289 1422 2328 eorum
1447 2273 1552 2328 scilicet
1587 2288 1699 2344 gerens.
1726 2271 1833 2342 Scopos

200 2352 260 2406 nais
273 2353 619 2428 adillasacrilegiaiuisse
632 2360 996 2430 compulsumltecreden-
1037 2365 1141 2436 quippe
1174 2363 1294 2419 intentio
1312 2368 1369 2429 est;
1398 2378 1465 2433 ergo
1497 2359 1635 2415 ἐπισκοπεῖν
1662 2360 1686 2414 si
1711 2359 1833 2413 velimus

200 2440 268 2495 dum
283 2449 326 2496 est
339 2444 418 2500 illum
435 2445 525 2501 virum
538 2464 596 2502 suae
610 2448 719 2504 feminae
734 2449 792 2514 uni,
802 2466 892 2504 unuin
907 2451 996 2506 homi·
1037 2452 1136 2506 Latine
1145 2451 1369 2520 superintendere
1378 2464 1528 2520 possumus
1539 2447 1679 2514 dicore,ut
1693 2446 1836 2516 intelligat

200 2545 264 2584 nem
275 2531 381 2587 homini
396 2536 544 2606 conjugem
556 2537 676 2608 conjugi,
689 2537 724 2592 ad
738 2538 829 2609 legem
844 2539 894 2594 Dei
907 2546 996 2594 trans-
1036 2556 1093 2594 non
1108 2557 1138 2594 se
1154 2556 1214 2594 esse
1229 2539 1389 2610 episcopum
1410 2537 1458 2608 qui
1479 2552 1598 2608 praeesse
1614 2535 1751 2601 dilexerit,
1775 2550 1837 2590 non

198 2620 381 2688 gradiendam
395 2639 451 2679 non
460 2629 595 2696 tanquam
605 2642 701 2681 verum
709 2628 835 2698 loquenti
844 2628 995 2684 credidisse
1036 2629 1168 2701 prodesse
1182 2633 1271 2683 curat.

200 2708 357 2778 seductum,
373 2711 422 2766 sed
437 2713 533 2768 sociali
546 2715 751 2771 necessitudine
764 2717 900 2787 paruisse.
1071 2716 1099 2774 2.
1116 2717 1222 2773 tasse.
1240 2717 1443 2786 Episcopatum.
1472 2712 1658 2784 Episcopatus
1684 2717 1728 2768 est
1749 2728 1839 2783 super

235 2797 283 2856 ta.
302 2799 404 2854 Lassa
420 2803 509 2856 Adam
526 2819 582 2857 non
601 2810 639 2858 est
650 2807 788 2862 seductus.
811 2805 948 2860 Seductus
963 2806 993 2860 in
1034 2821 1115 2861 suam
1127 2809 1155 2860 et
1169 2805 1289 2860 aliorum
1301 2803 1387 2858 vitam
1399 2801 1605 2873 intentio,quod
1621 2799 1835 2873 quidesiderat,

200 2899 234 2938 ea
246 2887 315 2941 rein
330 2904 385 2960 qua
400 2890 475 2960 Eva;
503 2907 594 2962 neque
615 2893 690 2949 enim
706 2895 747 2949 vel
764 2893 863 2961 Deam,
885 2896 927 2949 vel
942 2894 993 2950 Dei
1035 2894 1139 2950 bonum
1154 2910 1225 2964 opus
1239 2892 1395 2948 desiderat.

200 2972 322 3030 similem
336 2993 387 3048 pro
398 2979 475 3048 pomi
489 2980 661 3036 comestione
673 2982 799 3036 loturum
814 2999 875 3038 esse
889 2999 919 3036 se
933 2998 994 3037 cre·
1072 2981 1097 3040 3.
1108 2985 1193 3037 linires
1209 2984 1314 3044 uraris,
1327 2979 1356 3034 id
1371 2984 1423 3043 est,
1433 2979 1481 3050 qui
1495 2993 1578 3032 uuam
1592 2983 1702 3032 tantum
1713 2993 1833 3033 uxorem

201 3059 662 3137 didit,eertissimequesenoverat
676 3070 861 3134 malefacere,
873 3075 901 3124 et
915 3087 994 3126 men·
1035 3071 1173 3136 habuerit,
1199 3070 1241 3124 vel
1255 3070 1284 3124 in
1299 3069 1371 3124 laica
1386 3083 1517 3138 persona,
1532 3068 1577 3122 vel
1591 3067 1619 3121 in
1633 3065 1767 3137 gradibus
1790 3066 1834 3119 li-

201 3147 312 3206 dacium
326 3168 387 3208 esse
406 3155 480 3224 quod
500 3156 672 3212 suadebatur
686 3158 739 3213 sibi
755 3175 772 3212 a
789 3159 905 3213 muliere
915 3179 924 3230 ;
945 3159 994 3214 sed
1037 3161 1111 3214 citis.

200 3243 509 3313 utrumquepossefieri
519 3245 878 3308 existimavitetuxorisaae
887 3263 994 3302 morem
1069 3249 1096 3302 t.
1110 3249 1285 3304 Auanosms.
1302 3247 1446 3310 Satrium,
1463 3245 1503 3298 ita
1517 3248 1549 3298 ut
1567 3259 1631 3298 oum
1644 3241 1837 3298 sollicitudine

199 3343 307 3396 gerere,
324 3335 352 3384 et
366 3332 471 3401 peracti
486 3332 598 3388 sceleris
622 3339 684 3388 acta
698 3334 863 3405 penitentia
885 3352 903 3389 a
925 3336 992 3402 Deo,
1037 3337 1190 3410 prospiciat
1203 3351 1237 3390 ea
1251 3351 1313 3406 quaa
1327 3333 1506 3388 conveniunt.

201 3429 283 3484 posse
298 3417 409 3472 veniam
424 3418 663 3476 obtinere.ldinus
673 3423 994 3494 ergopeccavitquipoe-
1070 3429 1098 3482 5.
1121 3425 1267 3485 Ornata-m,
1285 3422 1506 3482 conversatione,
1519 3424 1607 3484 motu,
1622 3419 1724 3490 specie.

201 3502 308 3558 nitendi
324 3505 509 3563 intentionem
523 3509 622 3565 habuit
637 3528 722 3582 quam
737 3529 770 3566 ea
785 3528 845 3582 quae
860 3513 994 3582 nequede
1070 3513 1095 3570 b.
1116 3515 1262 3576 Pudicam,
1287 3527 1320 3566 eo
1340 3509 1413 3583 quod
1437 3511 1466 3564 iu
1489 3525 1637 3564 commune
1656 3508 1779 3562 virorum
1807 3513 1839 3562 et

200 3593 365 3662 punitentia
373 3612 464 3667 neque
475 3597 510 3652 de
520 3599 601 3653 venia
614 3599 641 3653 in
650 3600 878 3671 prevaricatione
888 3600 994 3672 aliquid
1004 3587 1027 3646 Β
1038 3602 1188 3657 mulierum
1203 3600 1384 3656 constituitur
1392 3599 1498 3654 doctor.

200 3681 342 3751 cogitavit,
356 3685 404 3739 sed
419 3686 508 3740 Deum
524 3689 634 3758 Oeoque
650 3688 770 3744 similem
783 3689 876 3761 potius
888 3707 938 3760 per
951 3689 995 3744 in·
1073 3691 1098 3745 7.
1115 3691 1220 3744 Lassa.
1236 3688 1268 3742 Si
1282 3692 1345 3758 quis
1369 3692 1463 3742 autem
1480 3687 1579 3741 domui
1596 3702 1662 3751 sue,
1684 3689 1740 3742 etc.
1758 3683 1838 3738 Talis

203 3767 390 3826 obedientiam
406 3791 435 3828 se
449 3775 509 3830 fore
522 3775 698 3831 existimarit.
1037 3777 1120 3835 debet
1133 3778 1199 3849 eligi
1215 3777 1263 3849 qui
1281 3777 1352 3831 sciat
1370 3775 1466 3830 domui
1485 3791 1543 3830 sum
1571 3790 1703 3845 praeesse3
1724 3773 1839 3828 nescius

237 3858 282 3912 13.
292 3861 415 3918 Amanus.
426 3863 627 3919 Adumnonest
642 3868 775 3932 seductus,
788 3867 905 3936 eoquod
919 3866 994 3922 iliius
1038 3868 1113 3922 enim
1131 3865 1258 3930 minoris,
1273 3865 1511 3935 ignoratmajora.

201 3947 371 4005 seductionis
381 3951 483 4006 mulier
496 3969 582 4007 causa
594 3953 705 4009 videtur
715 3954 865 4010 exstitisse.
1075 3956 1102 4009 a.
1119 3957 1245 4010 Auseae.
1270 3955 1304 4008 In
1324 3955 1482 4022 superbiam
1493 3955 1590 4006 elatea.
1604 3950 1683 4007 Unde
1696 3950 1836 4006 extollens

237 4038 278 4093 11.
295 4039 457 4095 Saluubitur
470 4046 573 4097 autem.
586 4042 717 4098 Ostendit
730 4043 805 4114 quod
819 4043 910 4098 salute
924 4043 997 4098 vide·
1043 4061 1072 4098 se
1087 4049 1202 4114 propter
1212 4041 1416 4112 magisterium,
1437 4039 1507 4094 nihil
1517 4038 1610 4092 diliert
1629 4055 1647 4092 a
1661 4035 1771 4094 diaholo
1785 4040 1839 4108 qui

198 4127 341 4199 turdigna
355 4145 415 4184 esse
437 4131 584 4202 progenies
604 4147 653 4203 per
664 4147 712 4186 eas
732 4131 864 4186 mulieres
880 4147 940 4202 qam
960 4133 995 4186 ad
1037 4132 1166 4186 minister
1178 4130 1226 4185 Dei
1242 4133 1353 4184 creatus
1367 4132 1419 4196 cst,
1436 4127 1551 4182 adnisus
1567 4130 1610 4180 est
1621 4126 1675 4181 sibi
1689 4142 1791 4182 nomen
1808 4132 1839 4181 et

198 4215 333 4288 pietatem
348 4219 512 4291 respiciunt.
532 4221 591 4274 Nec
606 4221 641 4274 de
655 4220 713 4275 Eva
733 4220 787 4274 hoc
801 4219 879 4287 dixit,
897 4221 946 4276 sed
960 4221 995 4274 de
1036 4221 1171 4275 bonorem
1183 4218 1243 4274 Dei.
1572 4280 1575 4286 ¹

178 4369 181 4374 ¹
197 4321 300 4376 genere
312 4307 446 4379 loquitur.
1070 4309 1096 4363 9.
1112 4309 1144 4362 In
1160 4310 1290 4376 taqueum
1305 4307 1420 4360 diaboli.
1441 4305 1505 4360 alia
1526 4320 1621 4372 causa,
1635 4305 1664 4359 id
1678 4307 1730 4370 est,
1750 4319 1786 4357 ne
1806 4303 1839 4360 in

235 4393 544 4466 15.Aueusr.(erpos.in
555 4395 992 4467 psol.axxxv5.Solvaturautem.
1034 4397 1152 4468 antiqua
1164 4395 1320 4467 praecipitet
1331 4394 1435 4448 delicta
1452 4409 1485 4448 eo
1504 4393 1578 4465 quud
1595 4409 1686 4464 nrrper
1702 4393 1737 4446 ab
1757 4397 1840 4446 exte-

198 4481 357 4538 Salrabitur
372 4501 438 4556 ergo
452 4486 628 4556 multamque
637 4487 665 4541 in
677 4493 744 4558 typo
758 4473 851 4540 carnis
858 4486 994 4558 accipitur
1034 4485 1155 4540 rioribus
1169 4483 1315 4538 recessisse
1327 4483 1448 4538 ridetur.

198 4586 249 4640 per
276 4571 397 4628 liliorum
424 4575 647 4644 generationem,
668 4576 697 4629 id
712 4581 763 4639 est,
785 4575 809 4629 si
823 4575 907 4630 iaciat
920 4574 994 4629 bona
1067 4573 1113 4628 10.
1129 4573 1280 4628 Leusaba
1299 4572 1559 4640 ioqueumdiaboli.
1575 4568 1775 4626 Soletevenire
1799 4569 1841 4624 iis

199 4675 284 4730 opera
294 4660 353 4728 ised
366 4660 599 4732 nonubicunqae)
619 4662 648 4716 in
662 4662 717 4716 side
740 4679 815 4728 sera,
832 4662 861 4716 in
876 4663 931 4718 ilde
946 4678 992 4717 ca·
1034 4663 1082 4733 qui
1093 4661 1128 4716 ab
1139 4661 1201 4714 aliis
1232 4659 1425 4731 despciuntur,
1441 4665 1474 4714 ut
1492 4658 1678 4729 despicientes
1694 4673 1724 4710 se
1738 4657 1843 4727 stipsi

198 4747 312 4815 thelica,
339 4748 368 4802 ia
396 4748 529 4804 societate
559 4750 641 4804 unius
656 4751 888 4822 Ecclesiaepariat
909 4767 994 4823 opera
1034 4751 1200 4822 despiciant,
1212 4754 1241 4803 et
1253 4748 1293 4802 sic
1304 4748 1333 4801 in
1346 4747 1418 4801 iram
1433 4753 1462 4801 et
1475 4747 1581 4812 odium,
1599 4752 1628 4799 et
1644 4751 1760 4800 caeteros
1771 4745 1840 4799 dra-

198 4853 258 4906 sua,
272 4842 458 4911 proptereaet
471 4840 506 4894 de
516 4839 565 4894 illa
574 4856 639 4894 cum
654 4845 819 4911 quereretur
828 4841 991 4912 Apostolus,
1002 4867 1023 4925 G
1035 4839 1090 4896 boli
1101 4840 1215 4908 laqueos
1230 4836 1363 4890 incidant.

198 4927 517 5000 subjecit:Soiuaautem
527 4932 990 4999 eritperfitiorumpenerationem,
1070 4928 1115 4982 11.
1141 4929 1263 4980 Anonos.
1293 4926 1426 4979 Habentes
1458 4925 1635 4990 ascysterium.
1662 4919 1841 4991 Mysterium

198 5019 224 5072 si
235 5021 422 5087 peruranserit
431 5021 463 5072 in
468 5019 529 5086 tide,
541 5023 566 5072 et
574 5020 717 5073 dilectione
726 5025 750 5072 et
762 5021 990 5086 sanctificatione.
1037 5014 1306 5092 vocatilludOdogma
1316 5012 1449 5084 quodlest
1459 5011 1493 5064 de
1508 5010 1631 5064 Christo.

233 5106 310 5161 OAP.
328 5106 427 5162 111.-
456 5107 482 5161 i·
509 5107 629 5163 Aucusr.
655 5105 712 5172 tlib.
732 5124 749 5160 x
771 5108 808 5161 Da
837 5109 912 5160 eicit.
934 5109 993 5172 Dei,
1073 5103 1114 5162 ta.
1137 5105 1197 5159 Non
1218 5103 1401 5156 detrabentes.
1428 5099 1467 5154 Eo
1492 5099 1564 5168 quod
1591 5095 1748 5152 necessarie
1773 5096 1840 5154 fieri

197 5195 357 5268 cap.l9t.Si
370 5195 432 5264 quis
442 5195 694 5265 episcopatumliit
701 5195 852 5267 Apostolus
868 5213 874 5247 :
890 5195 922 5250 Si
933 5198 994 5264 qais
1037 5193 1128 5248 soleat
1141 5197 1174 5246 ut
1186 5195 1293 5245 caetera
1311 5188 1444 5242 mulieres
1459 5187 1633 5241 confidenter
1657 5201 1691 5239 ea
1706 5200 1767 5255 quae
1783 5184 1840 5238 de-

197 5289 380 5354 episoopatum
395 5285 544 5351 desiderat,
566 5287 669 5339 bonurn
688 5301 755 5353 opus
777 5284 922 5338 desiderat.
942 5283 996 5337 Ex·
1038 5280 1246 5336 suntreferant.

128 5385 129 5388 ’
196 5389 301 5444 ponere
314 5372 403 5428 voluit
421 5373 489 5444 quid
503 5372 542 5427 sit
556 5371 817 5442 episcopatus,quia
831 5387 935 5425 nomen
949 5375 995 5425 est
1042 5411 1044 5414 .
1072 5369 1116 5423 13.
1149 5369 1272 5425 drudam
1302 5367 1411 5422 bonurn.
1441 5362 1504 5416 Non
1531 5361 1561 5416 in
1580 5360 1713 5434 praesenti
1731 5360 1838 5416 saeculo

198 5463 300 5533 operis.
320 5461 512 5516 nonhonoris.
529 5462 658 5519 Graecum
672 5465 716 5516 est
730 5459 805 5515 enim
825 5465 910 5531 atque
928 5458 995 5513 inde
1037 5457 1116 5511 dicit.

198 5547 313 5604 ductum
327 5548 504 5617 uocabulum,
518 5549 593 5620 qaod
606 5548 653 5604 ilie
664 5549 712 5620 qui
721 5548 883 5621 proeticitur,
899 5563 994 5618 super-
