3970 6172
257 241 328 301 1295
903 242 1079 299 amnonis
1095 243 1252 300 aenam
1790 249 1848 308 ttlt

254 369 329 426 stolo
347 367 449 434 carnia,
472 383 561 422 unum
580 365 705 422 officium
725 349 849 421 alliciant
867 382 918 438 pro
935 383 977 429 eo,
995 367 1084 429 nisiA
1127 369 1159 422 ln
1174 365 1556 438 anniversarioeorum‚ipse
1564 367 1850 444 lratencojtnpareulcs

254 459 347 515 abbati
360 458 450 513 uisum
467 457 551 512 luerit
565 465 680 528 propter
694 456 913 511 misericordiam
930 459 992 529 plus
1003 460 1050 528 ju·
1092 465 1167 521 aunt,
1182 458 1294 528 quando
1309 457 1446 512 inuenerit
1467 457 1623 512 sacerdotes
1636 462 1807 516 tautummodo
1817 479 1851 517 ro·

254 548 330 602 bere.
347 547 483 601 Similiter
496 547 530 600 de
541 546 741 618 monachisqui
757 546 791 600 de
809 547 878 600 soris
888 547 1004 601 veniunt
1019 564 1051 601 ex
1091 553 1140 617 get
1154 547 1294 618 privatim,
1308 553 1337 601 ut
1351 553 1433 601 orent
1447 563 1496 618 pro
1511 547 1561 602 eis.

253 636 309 690 alio
326 635 495 690 monasterio
510 636 667 707 proaliquo
681 635 821 706 legatione
837 636 876 689 vel
893 653 1051 691 sunneces-
1393 653 1512 710 cApUT
1529 655 1597 710 [Ιχ.

253 724 387 790 situdine‚
410 725 536 797 quumvis
556 733 680 779 nostram
705 724 867 780 societatem
890 725 1050 790 habuerint,
1092 743 1221 811 repono
1238 743 1327 811 officio
1342 743 1453 812 quando
1473 744 1714 806 mppbragurgmnp
1737 746 1852 802 mm

252 814 348 870 nullus
364 813 449 869 debet
463 814 581 885 prodere
595 813 699 868 dilecta
721 830 773 868 sua
796 814 861 869 eis:
887 814 953 886 quia
978 831 1051 886 saepe
1385 829 1456 882 open
1466 817 1523 867 lum
1544 819 1592 868 esl.

252 904 346 962 euenit
360 910 392 960 ut
402 903 525 976 plurima
536 903 690 958 destructio
705 903 755 957 flat
770 902 798 958 in
814 903 873 974 ipso
886 903 1049 960 loco.Etimn
1127 901 1168 956 ad
1184 899 1293 972 vigilias
1307 901 1425 972 pulsatis
1434 901 1541 956 cunctis
1555 900 1643 958 sienis
1655 903 1706 956 tria
1715 903 1853 960 caudelabra

251 994 450 1067 incapitalem
465 1007 522 1047 non
537 999 603 1048 sunt
617 991 752 1065 pergendi
772 987 977 1066 [admittendil.
996 991 1050 1048 nisi
1090 990 1498 1062 ponanturantealturectad
1516 989 1851 1048 iniucnnadnautioateo
1899 1023 1903 1032 ι

251 1083 339 1140 abbas
350 1081 478 1156 jusserit,
495 1081 539 1136 vel
563 1081 649 1154 prior,
667 1081 691 1136 si
714 1079 801 1136 abbas
826 1096 882 1136 nou
903 1081 991 1136 adest,
1015 1079 1049 1137 In
1090 1078 1206 1134 missam
1217 1079 1309 1134 denuo
1324 1080 1473 1152 pulsentur
1485 1079 1580 1135 omnia
1591 1079 1677 1150 signa.
1693 1079 1750 1135 Sint
1758 1087 1853 1152 quatuor

251 1174 375 1230 claustro
386 1173 505 1244 juvenes
524 1171 572 1243 qui
587 1169 639 1226 sub
663 1169 788 1225 custodia
804 1176 871 1225 sunt
891 1169 934 1225 vel
952 1170 1050 1228 novitii
1091 1166 1212 1223 infantes
1227 1169 1368 1224 revestiti:
1386 1184 1460 1225 unus
1479 1169 1509 1224 in
1521 1169 1608 1224 choro
1618 1184 1681 1224 curu
1700 1185 1786 1240 cappa,
1797 1170 1853 1226 alius

250 1263 353 1318 fratres
367 1261 476 1316 nullum
492 1258 661 1331 colloquium
677 1257 781 1314 habere
794 1258 898 1314 debent
911 1276 974 1315 curn
991 1259 1048 1315 illo.
1090 1257 1165 1328 legat
1182 1258 1401 1330 epistolamcum
1412 1259 1515 1314 casula.
1533 1259 1575 1313 nd
1591 1258 1672 1327 Kyric
1685 1261 1774 1314 eleison
1788 1275 1853 1314 etua-

287 1352 327 1406 Ex
342 1351 398 1405 illis
410 1365 531 1421 namque
547 1347 699 1412 monachis,
716 1347 764 1419 qui
778 1347 806 1402 in
817 1349 921 1404 nostris
934 1349 1051 1405 societa-
1090 1352 1156 1404 tur:
1172 1347 1246 1402 lecta
1255 1348 1374 1420 epistola
1388 1365 1502 1403 rursum
1516 1348 1625 1412 induat.
1642 1352 1670 1402 et
1684 1353 1736 1402 stet
1750 1347 1775 1402 in
1787 1349 1853 1402 choro

251 1441 330 1532 tibqp
345 1445 412 1495 sunt
426 1438 632 1509 suscepti,curn
644 1438 754 1508 legatus
768 1437 911 1492 advenerit
922 1438 950 1492 iu
960 1455 1051 1494 cuno·
1090 1435 1120 1490 in
1131 1435 1191 1490 loco
1201 1453 1252 1491 suo
1267 1437 1436 1508 usquedum
1452 1436 1569 1491 liniatur
1588 1435 1683 1491 missa.
1706 1436 1759 1490 Duo
1769 1436 1854 1490 teroin

249 1527 338 1594 bium.
354 1529 453 1584 tandiu
466 1529 621 1602 proteletur
632 1543 778 1599 quousque
791 1527 819 1581 in
833 1527 954 1598 capitulo
965 1529 1050 1584 luerit
1089 1523 1162 1578 albis
1180 1532 1211 1578 ut
1220 1531 1335 1580 content
1349 1543 1413 1598 resp
1439 1533 1468 1581 et
1482 1532 1540 1582 tres
1555 1525 1688 1588 conversi.
1707 1525 1757 1580 duo
1769 1525 1856 1578 adcon

250 1619 412 1675 nuntiatum
424 1618 469 1671 dre
482 1617 652 1676 crastino.et
663 1622 732 1670 tuuc
746 1615 871 1670 absolvat
886 1633 950 1671 eum
966 1618 1048 1672 dom·
1088 1613 1204 1669 delubra
1217 1623 1243 1669 et
1260 1615 1361 1670 tertius
1375 1615 1410 1669 ad
1436 1615 1613 1671 thuribulum
1633 1613 1797 1669 deferendum
1816 1631 1855 1686 per

249 1725 304 1764 nus
318 1707 405 1762 abbas
419 1707 455 1761 ab
468 1706 543 1760 omni
559 1705 668 1759 uinculo
683 1705 860 1769 delictorum.
876 1707 917 1760 vel
929 1707 1012 1777 prior.
1023 1707 1044 1760 si
1058 1705 1214 1785 Bellorum,
1232 1703 1260 1759 in
1275 1705 1373 1776 primis
1391 1705 1425 1758 ad
1443 1705 1579 1760 infantem
1607 1703 1654 1776 qui
1676 1703 1702 1758 in
1717 1703 1791 1758 rburo
1812 1709 1856 1757 stat

248 1797 335 1853 abbas
351 1813 406 1851 non
421 1801 473 1849 est.
498 1793 685 1864 Surgentibus
699 1794 727 1848 in
742 1794 864 1866 capitulo
880 1802 946 1849 eant
959 1795 988 1849 in
1002 1812 1047 1850 ec·
1088 1793 1345 1865 propteroldrium,
1356 1793 1457 1848 deinde
1468 1795 1728 1865 perotuneslrotres
1745 1791 1856 1848 Diaconos

247 1886 373 1950 clesiam,
383 1901 455 1944 mox.
467 1891 497 1940 ut
512 1883 617 1940 luerint
631 1884 698 1939 dicti
716 1883 814 1954 psalmi
833 1901 881 1954 pro
896 1883 1045 1939 defunctis.
1089 1881 1219 1937 incasula
1232 1882 1267 1936 ad
1278 1883 1453 1954 euangelium
1465 1883 1616 1955 legendum
1627 1905 1633 1938 ι
1645 1883 1785 1954 perlectum
1794 1897 1858 1934 eran·

248 1975 391 2030 Sonentur
406 1973 501 2028 omnia
514 1977 605 2044 signa,
622 1972 791 2026 etdirantur
806 1989 855 2042 pro
869 1989 903 2026 eo
923 1973 1048 2044 quinque
1087 1970 1192 2042 gelium
1207 1971 1298 2026 infans
1310 1972 1419 2025 delerat
1429 1989 1585 2042 peromnes
1596 1972 1642 2044 qui
1657 1971 1685 2026 in
1699 1971 1775 2025 choro
1787 1973 1854 2023 stant.

246 2063 349 2135 psalmi
365 2069 393 2117 et
415 2061 525 2116 finiant.
541 2062 596 2115 Pro
612 2060 715 2116 abbate
736 2078 801 2116 vero
815 2067 906 2116 totum
932 2063 1046 2134 plenum
1088 2061 1224 2115 Sacerdos
1248 2061 1386 2132 imprimis
1400 2061 1475 2116 dicat
1488 2062 1634 2117 collectam
1656 2061 1737 2120 illius.
1759 2076 1802 2131 pro
1813 2074 1856 2130 quo

247 2151 370 2206 odicium
386 2151 519 2215 eructant,
1087 2149 1210 2205 osticium
1226 2149 1329 2206 dicitur
1349 2168 1355 2204 :
1379 2151 1479 2205 deinde
1499 2151 1570 2206 alias
1584 2150 1722 2206 orationes
1738 2165 1791 2220 qua
1803 2163 1856 2201 cou-

282 2238 315 2295 In
329 2239 522 2294 anniversario
534 2241 558 2293 si
581 2254 670 2310 cappa
682 2237 766 2293 luerit
786 2239 814 2294 in
836 2240 930 2302 choro.
951 2245 979 2296 et
992 2241 1047 2296 tria
1087 2246 1174 2294 suetae
1187 2245 1262 2294 aunt.
1277 2238 1310 2294 ln
1321 2239 1381 2310 ipso
1391 2239 1436 2294 die
1451 2239 1555 2296 debent
1567 2240 1670 2296 iratres
1681 2237 1777 2294 habere
1790 2237 1813 2292 in
1822 2253 1856 2291 re·

245 2327 490 2384 candelabrannte
505 2327 605 2392 altare,
622 2333 650 2382 ct
663 2326 797 2383 diaconus
812 2333 840 2383 et
857 2327 1046 2383 subdiaconus
1087 2327 1201 2383 lectorio
1215 2335 1296 2383 terna
1310 2329 1456 2401 pulmenta
1475 2330 1509 2383 ad
1526 2330 1666 2384 mendum
1685 2327 1857 2400 qualiscunque

245 2417 357 2473 casulas
367 2416 500 2482 habeant,
515 2416 718 2488 qualiscunque
733 2416 821 2471 frater
834 2415 928 2476 luerit.
940 2417 980 2471 sic
994 2418 1044 2472 ba-
1085 2417 1146 2472 dies
1161 2417 1255 2480 luerit,
1272 2426 1301 2474 et
1317 2417 1393 2490 potio
1415 2417 1584 2491 propinetur
1598 2436 1648 2492 per
1670 2433 1762 2474 omues
1776 2415 1857 2470 iratres

242 2505 515 2578 bebuntgeneralem
526 2505 597 2560 etad
612 2504 751 2577 potionem
762 2504 921 2576 pulsabitur
931 2507 1041 2578 squilla.
1085 2523 1149 2562 cum
1163 2506 1256 2562 sonitu
1266 2508 1384 2580 squillae.

278 2596 364 2668 AEger
378 2600 457 2650 extra
473 2594 675 2650 monasterium
686 2595 825 2666 accipiens
837 2594 974 2659 habitum.
983 2603 1010 2650 et
1021 2595 1045 2652 si
1398 2595 1515 2654 CAPUT
1529 2597 1587 2652 Lx.

244 2685 284 2741 ibi
304 2685 420 2748 finierit,
446 2683 517 2739 nihil
538 2683 678 2755 agendum
694 2688 738 2738 est
751 2699 847 2755 proco
861 2701 879 2738 a
898 2684 1043 2753 fratribus,
1311 2687 1365 2742 Pro
1378 2687 1473 2742 abbate
1486 2689 1575 2754 ipsius
1591 2689 1657 2746 loci.

241 2774 297 2832 uisi
312 2772 510 2829 tantummodo
520 2788 621 2844 corpus
632 2773 694 2844 ejus
708 2772 737 2828 in
752 2773 913 2828 cremeterio
923 2775 1042 2829 fratrum
1119 2774 1160 2830 dd
1176 2791 1304 2846 resperas
1321 2781 1385 2847 post
1402 2775 1698 2831 commemorationem
1717 2779 1856 2830 sanctorum

241 2862 440 2927 condiendum.
456 2863 498 2918 rel
513 2862 542 2918 in
551 2862 602 2917 tali
616 2863 676 2916 loco
689 2862 906 2934 disponendum.
919 2862 964 2918 ubi
978 2863 1043 2919 talis
1084 2865 1232 2934 pulsentur
1245 2864 1339 2920 omnia
1350 2864 1441 2936 signa,
1461 2869 1490 2919 et
1504 2871 1656 2921 cantentur
1671 2882 1783 2937 vespera
1797 2879 1857 2917 rnor-

241 2953 390 3010 deiunctus
406 2953 545 3010 mittatur.
558 2951 635 3007 nullo
651 2951 734 3006 modo
752 2952 779 3006 iu
797 2953 924 3024 populari
939 2969 1043 3008 creme·
1052 2953 1334 3062 ctuorumquinque
1347 2953 1582 3010 candelabrusint
1601 2962 1667 3012 aute
1680 2955 1797 3011 altirein
1809 2953 1857 3024 ipsa

240 3044 314 3100 torio
328 3049 458 3115 ponatur.
475 3041 547 3099 Narn
566 3041 589 3096 si
604 3039 632 3094 in
650 3041 734 3095 domo
748 3039 925 3097 infirmorum
940 3042 1042 3110 depor·
1085 3041 1163 3104 liora.
1175 3049 1201 3098 et
1217 3049 1274 3098 tarn
1289 3043 1324 3099 ad
1337 3043 1445 3114 vigilius
1459 3059 1543 3114 quam
1560 3043 1595 3098 ad
1613 3045 1734 3100 missam.
1749 3042 1859 3100 Ollicium

240 3137 318 3189 tatus
332 3132 427 3194 tuerit.
453 3136 482 3186 et
505 3129 543 3184 ibi
571 3129 685 3190 linierit.
701 3135 769 3185 tunc
784 3141 905 3204 agantur
931 3148 981 3202 pro
1008 3149 1041 3186 eu
1083 3132 1166 3203 quale
1180 3130 1288 3187 ferialis
1301 3131 1401 3187 diebus
1414 3133 1548 3188 evenerit.
1559 3133 1636 3206 Rcsp
1657 3135 1858 3190 discindamur

240 3221 337 3278 omnia
347 3219 429 3276 sicuti
439 3219 474 3276 de
489 3219 544 3274 alio
557 3219 653 3285 fratre,
671 3218 756 3272 etiarn
785 3219 845 3273 Voce
861 3235 920 3274 meo
938 3235 989 3290 pro
1007 3236 1041 3276 eo
1082 3219 1191 3276 duobus
1201 3220 1355 3277 infantibus
1363 3221 1391 3277 in
1403 3222 1475 3277 albis
1490 3221 1598 3278 vestitis
1609 3221 1859 3278 decanteturd'ruct.

240 3317 369 3368 canatur.
1083 3310 1117 3365 De
1125 3311 1286 3378 profundis,
1307 3327 1323 3365 a
1338 3309 1446 3366 duobus
1461 3309 1598 3367 iratribus
1612 3311 1642 3367 iu
1655 3313 1724 3367 albis
1740 3329 1746 3342 ·
1768 3309 1858 3380 reliqua

275 3402 347 3457 ltern
359 3417 423 3456 curn
433 3397 549 3454 nuntius
559 3397 594 3452 de
604 3396 728 3468 quolibet
737 3395 869 3450 defuncto
878 3397 965 3453 fratre
974 3415 1039 3468 pro-
1079 3397 1134 3453 alia
1152 3398 1259 3468 omnia,
1277 3411 1407 3471 utsupra
1423 3399 1543 3472 positum
1560 3407 1615 3462 est,
1636 3401 1677 3456 sic
1691 3399 1855 3457 celebrentur.

238 3490 312 3546 fesso
327 3488 444 3552 venerit,
465 3486 560 3541 statim
575 3485 703 3558 pulsetur
716 3485 822 3549 tabula.
835 3493 939 3542 oleant
952 3487 980 3542 in
996 3505 1039 3542 ec·
1115 3489 1146 3543 In
1163 3488 1353 3544 anniversaria
1369 3489 1573 3561 imperatorum
1588 3491 1722 3547 officium.
1739 3489 1859 3546 detrudo

239 3578 363 3640 alesiam,
377 3577 525 3649 pulsentur
540 3580 642 3630 cuncta
656 3574 738 3645 signa
755 3581 783 3629 et
798 3581 900 3645 agutur
913 3575 1035 3631 officinm
1079 3577 1182 3635 oestro.
1201 3577 1284 3649 Resp·
1299 3579 1331 3634 St'
1344 3579 1483 3632 urrrbrdom
1493 3581 1523 3633 in
1537 3579 1738 3636 medio'l'ract.
1755 3579 1858 3636 cunno

159 3732 163 3738 Δ
239 3664 626 3722 mortuorum.T=·es0aodelae
640 3665 698 3717 sint
711 3673 776 3718 ante
790 3663 879 3718 altare
894 3664 954 3736 ipsa
967 3666 1037 3720 hora
1078 3669 1152 3720 vidi.
1166 3666 1264 3722 Ollert.
1276 3667 1358 3746 Erue,
1371 3668 1495 3723 [lentina.
1513 3667 1625 3724 Corum.
1647 3669 1767 3738 Eposum
1781 3681 1858 3720 resur·

238 3755 275 3811 ad
286 3755 405 3826 primam
418 3754 542 3817 missam,
557 3768 641 3824 quam
659 3769 708 3822 pro
723 3768 756 3805 eo
765 3753 904 3807 cantaturi
915 3763 990 3815 sunt.
1000 3755 1038 3809 sit
1081 3759 1164 3810 rectio

236 3860 311 3900 unus
326 3843 419 3898 intans
434 3841 461 3897 in
472 3842 556 3896 choro
569 3857 632 3895 cum
644 3857 740 3911 cappo.
760 3839 847 3894 Dictis
867 3841 980 3911 prsalmis
995 3842 1021 3896 fn
1116 3843 1145 3900 Si
1160 3845 1333 3900 occurrerint
1347 3845 1448 3900 iratres
1472 3845 1557 3900 alicui
1583 3846 1695 3919 corpori
1715 3842 1823 3902 defuncti
1835 3842 1858 3896 iu

236 3932 427 3988 miliaribuset
440 3932 633 3985 llencdiromur
646 3931 770 3989 llorniuo,
785 3934 880 3984 statim
894 3932 1039 4000 pulsentur
1080 3934 1182 3996 eundo,
1199 3935 1250 3990 hos
1265 3935 1387 4006 psonnos
1402 3935 1562 3998 decantent,
1584 3937 1722 3998 illicerere,
1743 3937 1814 3995 deur,
1834 3933 1858 3984 il

236 4023 333 4080 omnia
342 4020 495 4094 aignealil
507 4019 562 4074 duo
571 4018 650 4090 pueri
659 4024 725 4073 ante
735 4019 902 4074 altarealbis
916 4021 1038 4076 vestibus
1079 4025 1190 4077 nornine
1205 4029 1251 4078 luo
1273 4025 1400 4079 Miserere
1415 4027 1478 4084 moi,
1495 4026 1575 4086 lleur,
1590 4029 1719 4080 miserere
1735 4027 1792 4084 mei,
1806 4027 1858 4084 etc,

234 4113 326 4168 induti
337 4111 432 4167 dicant
441 4127 514 4181 resp.
527 4109 702 4163 Diaconuset
712 4107 901 4162 subdiaconus
915 4108 943 4163 in
954 4127 1037 4164 casu·
1078 4127 1166 4182 usque
1176 4111 1205 4166 in
1214 4113 1297 4168 linem
1310 4113 1434 4185 psalterii
1447 4112 1488 4180 ;si
1500 4119 1611 4168 tantum
1626 4112 1802 4186 perstiterint
1818 4109 1860 4164 Per

233 4202 271 4268 la,
286 4207 314 4256 et
330 4207 388 4256 tres
401 4198 527 4255 conversi
542 4214 662 4270 quorum
673 4198 729 4252 duo
744 4197 921 4263 candelabra,
936 4205 1036 4255 tertius
1077 4200 1189 4256 ordines
1199 4207 1274 4260 cent,
1286 4201 1517 4273 junioresantea.
1528 4203 1639 4273 priores
1653 4202 1795 4274 posterius.
1803 4200 1860 4254 Cum

232 4289 419 4347 thuribulum.
1077 4296 1260 4360 pervenerent
1270 4291 1304 4345 nd
1319 4291 1410 4363 ipsum
1421 4291 1701 4363 corpus‚inceusetur
1712 4300 1741 4347 et
1750 4303 1861 4363 aspergo·

268 4379 388 4447 Quando
411 4377 513 4432 obierit
531 4375 634 4448 aliquis
657 4375 692 4430 de
717 4375 880 4447 parentibus
905 4357 1124 4433 monachiDtor
1138 4378 1853 4452 aquabenedictaetpronontietprior.l²olernuder

239 4469 318 4544 psius
328 4466 391 4531 loci,
413 4473 504 4537 pater.
523 4472 573 4520 aut
588 4473 687 4525 mater.
705 4465 747 4519 vel
766 4481 854 4528 soror,
871 4473 900 4521 ct
920 4465 945 4521 ei
960 4484 1033 4524 nun·
1076 4469 1143 4540 Cup.
1164 4471 1280 4538 Aporlo
1294 4471 1391 4538 inseri.
1414 4469 1485 4525 Orat
1515 4471 1638 4525 Absolve.
1658 4471 1770 4539 Expleta
1784 4467 1861 4537 impo·

231 4558 333 4614 tiatum
349 4555 443 4618 luerit,
465 4553 494 4609 in
511 4553 634 4609 crastino
645 4553 864 4609 satisfactionem
875 4555 959 4612 saciat
984 4555 1033 4613 In·
1074 4563 1145 4612 naut
1158 4557 1394 4631 rosp.Subrenile,
1411 4560 1605 4623 ronclillei,et
1618 4559 1659 4615 sic
1673 4561 1827 4633 deportetur
1837 4553 1862 4608 in

230 4651 391 4716 terrogatus
401 4660 475 4709 vero,
495 4643 568 4712 Quid
578 4646 673 4712 petitis
684 4649 697 4698 t
709 4640 760 4698 Ille
770 4645 963 4716 respondeat:
980 4649 1033 4702 Do·
1074 4647 1230 4701 ecclesiam.
1252 4647 1343 4703 finite
1369 4664 1442 4719 resp.
1459 4654 1526 4704 eant
1544 4664 1574 4703 tn
1588 4649 1743 4705 claustrum
1757 4646 1789 4702 ad
1804 4643 1861 4699 ede·

229 4738 305 4792 mini
318 4735 538 4806 misericordium
550 4733 699 4787 mercedem
714 4739 834 4788 vestram
843 4737 1032 4804 precor.Tunc
1072 4737 1191 4792 rendum
1205 4737 1239 4792 ad
1252 4736 1427 4809 sepulturam
1445 4755 1451 4792 :
1467 4737 1534 4792 dum
1550 4735 1654 4794 dixerit
1668 4737 1862 4794 sacerdosorat.

228 4830 328 4898 surgat
341 4821 501 4880 etabsolvat
514 4821 591 4893 prior
605 4821 696 4894 ipsum
708 4821 882 4890 damoclem,
899 4830 930 4880 et
944 4825 1033 4882 lrater
1072 4825 1134 4881 Non
1149 4828 1235 4881 intres
1250 4827 1438 4896 injudicium.
1458 4826 1516 4882 siut
1529 4843 1629 4884 omnes
1643 4826 1781 4884 inclinati.

226 4913 355 4989 procidat
367 4912 401 4968 ad
413 4911 528 4984 vestigia
553 4913 624 4982 ejus.
651 4910 741 4966 Debet
761 4911 861 4982 jubere
877 4912 964 4969 abbas
989 4918 1032 4973 uel
1370 4915 1488 4971 CAPUT
1503 4913 1573 4971 titt.

226 5006 314 5078 prior,
328 5003 352 5058 si
373 5001 459 5057 abbas
483 5017 537 5055 non
553 5005 606 5063 est.
620 5005 652 5055 ut
667 5017 767 5055 omnes
779 5001 875 5057 dicant
894 5004 1032 5076 quinqua·
1071 5003 1110 5060 De
1124 5005 1426 5074 officiisdesunclorum
1436 5007 1558 5074 qualiter
1568 5005 1722 5073 definiendi
1734 4999 1860 5076 rioldi).

221 5093 302 5168 ginta
315 5093 437 5166 psalmos
453 5089 518 5164 :qui
534 5106 590 5144 non
611 5089 664 5143 scit
679 5089 801 5160 psalmos
815 5107 880 5146 cum
907 5093 966 5148 solo
980 5096 1031 5150 lll-
1108 5095 1133 5148 l.
1157 5093 1291 5150 Kalendis
1310 5093 1478 5150 Novembris
1493 5093 1828 5167 usqueSeptuageaimam
1842 5089 1862 5144 si

219 5185 381 5245 sereremei.
400 5182 482 5243 Deua,
507 5183 600 5251 potest
622 5177 834 5250 contundere,
851 5183 945 5254 etqui
965 5189 1024 5240 tam
1071 5182 1293 5240 anniuersarium
1314 5183 1423 5239 abbatis
1439 5182 1490 5239 loci
1505 5183 1593 5256 ipsius
1612 5183 1747 5244 evenerit.
1761 5181 1793 5238 ad
1808 5197 1861 5236 ves·

219 5272 353 5330 insciolus
367 5275 418 5331 est.
436 5268 521 5325 faciat
534 5285 597 5324 cunt
611 5269 694 5322 Pater
707 5274 807 5325 lto-ller.
1066 5291 1148 5345 peras
1171 5279 1234 5346 post
1256 5279 1370 5345 peracta
1381 5273 1515 5344 suffragia
1531 5281 1697 5330 sanctorum
1721 5271 1856 5346 pulsentur

295 5391 347 5466 185}
358 5391 416 5447 Sub
430 5390 483 5446 hoc
496 5390 579 5446 titulo
589 5390 635 5447 hic
649 5407 745 5447 versus
759 5392 900 5449 habetur:

467 5464 630 5518 destitutus
641 5469 711 5528 erat,
728 5479 793 5520 cum
807 5469 955 5536 scripserat
968 5472 1021 5525 islo
1034 5471 1164 5529 launna,

254 5535 354 5592 efflent
371 5550 474 5596 mauu.
