3872 6162
247 259 299 318 att
526 299 528 302 -
771 261 801 319 S.
820 259 1017 318 umatum
1035 258 1188 318 sanaris
1204 257 1374 322 massua,
1796 264 1839 326 iii

249 388 419 462 usquedum
435 403 534 444 omnes
554 403 612 444 non
634 387 803 446 inclinantes
823 389 1047 462 pertransierint.
1057 392 1080 452 Α
1090 391 1159 444 nist.
1174 390 1237 445 Alio
1248 394 1343 446 sutem
1356 387 1439 444 modo
1449 401 1533 459 quam
1551 385 1581 441 in
1592 401 1660 442 vena
1672 387 1695 442 si
1706 390 1840 448 volueritis

251 477 311 544 (un.
321 481 403 548 sur.)
416 477 544 532 Secundo
558 482 587 531 et
600 477 685 532 tertio
698 478 741 532 die
757 483 820 549 post
832 479 988 550 capitulum
1000 496 1048 534 ve·
1089 484 1185 535 aestate
1198 480 1228 534 in
1239 479 1384 535 duodecim
1392 476 1558 534 lectionibus
1568 479 1723 548 sanguinem
1731 482 1841 550 minuere,

253 567 335 622 niens
348 566 377 621 in
396 565 576 621 refectorium
596 566 664 621 dicit
679 568 876 622 matutinalem
890 585 1001 622 versum
1021 574 1050 623 et
1088 574 1203 640 accepta
1212 569 1327 624 licentia
1336 566 1492 623 camerario
1499 567 1666 622 voluntatem
1673 583 1743 622 suam
1752 570 1842 636 iudicat,

250 655 338 710 sumit
355 655 412 710 tria
434 659 513 710 cocta
537 655 743 725 pulmentaria;
766 657 811 711 die
836 661 931 712 autem
947 661 1049 728 quarto
1089 664 1122 713 ut
1136 658 1282 729 provideat
1295 674 1357 729 qum
1380 657 1416 712 ad
1438 655 1599 726 hujusmodi
1618 658 1761 713 necessaria
1778 665 1843 726 sunt;

249 759 314 800 cum
337 743 474 799 ministris
497 759 662 814 pransurus,
686 746 761 800 casei
789 746 984 818 quadrantem,
1005 745 1050 800 vel
1090 748 1140 802 sed
1153 741 1248 803 tamen
1262 763 1360 819 usque,
1376 746 1445 802 dum
1460 760 1536 800 nona
1546 747 1582 799 sit
1596 751 1710 812 cantata,
1724 755 1844 819 exspectet

251 833 326 904 quod
349 837 462 888 tanturn
485 833 567 899 valet,
582 833 694 904 accipit.
710 836 723 860 *
734 834 830 890 Tertio
840 839 936 890 autem
948 834 994 889 die
1005 834 1051 890 in·
1091 842 1120 892 et
1133 842 1201 892 tuuc
1214 836 1312 892 statim
1333 835 1410 890 vadit
1423 835 1458 890 sd
1479 835 1558 890 illam
1578 834 1715 890 minuendi
1731 836 1846 907 sauguinis

254 923 331 978 duda
346 922 523 978 diurnalibus
538 922 573 976 ad
589 921 709 993 primam
725 923 799 979 redit
823 924 854 978 in
875 925 1001 989 chorum,
1027 923 1051 978 si
1092 927 1244 994 officinam,
1256 931 1284 981 et
1293 925 1437 999 praemisso
1447 941 1540 988 versu,
1550 929 1657 980 servato
1666 931 1752 980 tameo
1760 926 1846 982 silentio

252 1016 319 1068 sunt
331 1011 477 1066 duodecim
486 1010 635 1078 fectiones;
651 1011 676 1066 si
690 1017 785 1068 autem
800 1013 910 1084 privata
919 1013 978 1068 dies
997 1018 1049 1078 est,
1093 1016 1156 1080 (nisi
1171 1015 1207 1071 sit
1221 1015 1420 1082 necessarium)
1437 1014 1583 1085 sanguinis
1594 1013 1707 1068 minutio
1719 1013 1846 1071 inchoatur.

252 1102 289 1157 ad
300 1101 424 1156 tertiam.
439 1100 520 1166 Quod
534 1100 558 1155 si
570 1116 622 1155 nec
636 1101 742 1157 viribus
755 1103 815 1159 suis
825 1104 949 1170 confidit,
966 1105 1052 1176 priori
1093 1107 1118 1159 A
1127 1104 1261 1160 Kalendis
1267 1103 1492 1160 autemOctobris
1498 1103 1847 1174 usqueadQuadragesiman

253 1193 305 1246 hoc
315 1189 520 1246 innotescithd
538 1195 690 1246 nocturnos
700 1191 812 1246 interim
830 1193 854 1248 si
873 1192 1052 1259 obdormivit,
1095 1194 1191 1250 statim
1207 1199 1270 1264 post
1278 1193 1431 1265 capitulum
1443 1209 1507 1248 cum
1527 1191 1643 1247 minutis
1654 1191 1776 1262 sauguine
1788 1210 1848 1264 pran-

252 1296 336 1336 nemo
351 1296 417 1334 eum
431 1295 495 1334 cum
507 1278 642 1334 absconsa
654 1279 840 1352 inquietabit:
858 1282 906 1336 sed
929 1281 1051 1338 etiamsi
1093 1283 1150 1346 det,
1173 1287 1202 1338 et
1226 1288 1290 1354 post
1309 1282 1485 1353 evangelium
1512 1282 1604 1336 inissa
1622 1281 1739 1352 majoris,
1752 1282 1788 1335 rel
1803 1290 1849 1353 post

255 1369 291 1424 ad
307 1368 486 1423 intervallum
501 1368 529 1423 in
545 1370 616 1423 lecto
629 1370 817 1440 pausavitits
828 1371 989 1428 vestitussd
999 1372 1052 1427 hoc
1093 1371 1244 1444 prandium
1264 1377 1393 1443 tempore
1417 1375 1575 1442 opportuno
1600 1373 1629 1424 et
1641 1370 1698 1441 ipse
1718 1371 1849 1440 sauguinem

253 1458 289 1512 de
304 1457 450 1528 capitulo:
460 1457 526 1511 dum
533 1459 603 1512 Bous
614 1460 741 1526 ascribas,
754 1459 795 1514 vel
810 1461 833 1514 si
847 1462 899 1515 hoc
913 1477 970 1516 non
984 1466 1051 1516 tunc
1092 1461 1284 1516 minuet.Post
1298 1459 1483 1516 minutionem
1494 1476 1559 1514 vero
1568 1459 1847 1525 chorumnonintrabit‚

253 1546 376 1610 canitur,
387 1546 454 1600 dum
467 1546 640 1600 anltohoot
655 1547 812 1616 inchoatur,
828 1549 893 1604 exit.
915 1551 972 1605 Neo
986 1566 1050 1621 per·
1093 1551 1143 1605 sed
1158 1555 1238 1605 extra
1247 1549 1295 1604 ubi
1309 1549 1400 1604 etalii
1414 1549 1527 1614 minuti,
1535 1549 1593 1603 sive
1605 1548 1629 1603 si
1640 1553 1744 1620 tempus
1755 1549 1846 1620 hyemis,

255 1634 361 1697 missus¹
367 1640 410 1689 est
424 1633 536 1688 interim
551 1634 660 1689 veniam
671 1641 766 1707 petere
782 1637 809 1691 in
821 1638 956 1709 capitulo,
967 1651 1014 1693 un.
1028 1637 1053 1692 si
1094 1639 1151 1694 sive
1165 1638 1270 1694 aestaus
1282 1655 1338 1693 non
1347 1637 1543 1710 procumbens.
1559 1653 1650 1708 neque
1665 1637 1763 1692 reniam
1772 1638 1849 1693 faciem

255 1722 323 1794 quid
345 1722 528 1778 reclamatum
551 1728 595 1777 cst
613 1723 648 1777 ab
662 1724 721 1786 illo.
738 1725 787 1779 sed
807 1731 882 1782 stare
893 1727 989 1797 jussus
1003 1744 1085 1808 prop
1096 1734 1247 1798 repausat3
1266 1733 1295 1782 et
1308 1727 1331 1782 si
1346 1726 1490 1798 caputium
1500 1726 1848 1798 induitmemorepreheudit

254 1812 336 1867 venia
349 1811 501 1881 inclinem·
516 1812 589 1884 quod
600 1821 696 1868 tamen
710 1817 865 1870 cavendum
880 1821 932 1884 est,
948 1817 972 1872 si
982 1817 1053 1873 scire
1095 1815 1229 1872 Habetad
1243 1831 1352 1871 coenam
1362 1832 1379 1869 a
1389 1815 1534 1870 cellerario
1544 1815 1850 1887 pietantism‚velsicena

253 1905 357 1973 potest,
372 1901 447 1972 quod
468 1901 607 1970 sanguine
622 1902 750 1958 minutus
764 1904 810 1959 sit.
827 1905 881 1970 Qui
905 1911 1000 1961 tamen
1024 1906 1053 1963 in
1094 1922 1151 1960 non
1165 1905 1302 1976 sequitur,
1316 1903 1450 1958 fratribus
1459 1903 1647 1958 communiter
1659 1901 1806 1966 bibentibus,
1818 1903 1850 1956 da·

254 1988 412 2055 refectorio,
434 1989 458 2042 si
473 1989 596 2044 sonitum
616 1991 659 2044 sel
681 1991 787 2062 aliquid
803 1993 884 2047 venia
893 1993 1011 2065 dignum
1023 1996 1054 2050 in
1095 1999 1143 2050 tur
1159 1994 1185 2049 ei
1199 1993 1300 2050 melior
1313 1996 1406 2065 potus.
1422 1993 1473 2048 Die
1493 2009 1558 2048 vero
1571 1991 1691 2048 secunda
1701 1991 1734 2046 ad
1746 1991 1850 2046 hancha-

254 2077 308 2132 hoc
321 2077 476 2148 biduoque
491 2077 602 2144 minuit,
615 2078 721 2146 fecerit,
739 2081 781 2134 vel
792 2081 852 2153 ipse
862 2083 902 2138 vel
917 2083 1054 2139 alteruter
1093 2100 1154 2139 ram
1167 2084 1256 2139 intrat
1268 2083 1395 2148 chorum,
1411 2082 1445 2136 ad
1457 2098 1541 2154 quam
1552 2081 1670 2154 quilibet
1678 2097 1742 2136 rena
1755 2080 1850 2134 minutus

255 2165 345 2237 ipsius
360 2165 527 2220 collateralis
549 2167 659 2221 veniam
679 2169 759 2239 petit.
777 2171 850 2225 Nam
874 2171 898 2226 si
914 2172 984 2228 alias
997 2174 1053 2228 tale
1094 2173 1183 2228 intrat
1196 2171 1241 2227 die
1256 2171 1350 2234 tertia.
1367 2176 1396 2226 st
1410 2187 1442 2225 ea
1452 2170 1498 2226 die
1512 2169 1786 2242 postcapitulum,rel
1797 2169 1851 2222 siest

254 2255 323 2325 quid
335 2255 514 2322 commiserit,
532 2256 607 2328 quod
627 2273 684 2312 uon
697 2258 742 2326 :sit
755 2258 783 2314 in
797 2261 921 2332 capitulo
936 2262 1054 2319 raticen·
1094 2262 1150 2316 alio
1164 2266 1290 2334 tempore
1312 2266 1376 2333 post
1398 2260 1576 2332 evangelium
1590 2276 1647 2316 nou
1664 2258 1747 2314 deerit
1763 2257 1851 2330 prandio

254 2343 333 2410 dum,
348 2360 438 2416 usque
452 2344 571 2400 indiam
586 2345 702 2401 tertium
715 2354 757 2403 est
767 2348 962 2407 differendum.
1095 2351 1279 2406 minutorum.

291 2433 377 2488 Osset
391 2439 486 2488 autem
501 2433 531 2488 in
542 2434 650 2489 Pascha
665 2440 694 2490 et
705 2435 872 2494 Pentecoste
882 2441 1052 2496 auteferiam
1377 2473 1494 2530 CAPUT
1512 2473 1612 2531 LXIII·

259 2527 389 2594 quartam
400 2523 565 2594 sanguinem
576 2524 714 2588 minuere,
723 2526 779 2582 nisi
792 2528 830 2582 sit
843 2529 907 2584 talis
919 2529 1053 2586 obedien·

257 2611 369 2678 uanus,
384 2611 432 2683 qui
445 2612 513 2666 foris
524 2618 653 2669 moratur
661 2614 783 2681 assidue,
794 2617 932 2687 acquisita
941 2619 1055 2675 licentia
1098 2601 1244 2670 (immitit
1259 2603 1286 2655 ⁸¹¹
1299 2604 1374 2656 initi
1386 2601 1554 2669 mumdum
1569 2602 1608 2655 “d
1621 2601 1715 2654 h⁰r⁰m
1729 2600 1853 2666 nequiorem

256 2718 275 2756 a
287 2700 384 2773 priori·
399 2700 480 2765 Quod
496 2701 520 2756 si
535 2701 597 2772 quis
612 2703 684 2758 alius
695 2704 725 2758 in
737 2705 877 2776 praedictis
890 2707 998 2775 diebus,
1012 2711 1056 2764 vel
1182 2675 1295 2742 minum
1309 2673 1442 2740 ΜΝ
1457 2672 1495 2726 ad
1504 2674 1660 2726 ⁰r⁰⁸i⁰ne²n
1674 2673 1795 2726 mum&

256 2790 490 2862 quandocumque
516 2795 574 2846 tam
592 2791 791 2850 inconveniens
814 2800 865 2862 est,
892 2813 948 2852 non
963 2802 1055 2870 potest
1130 2798 1204 2868 (uu)
1220 2796 1275 2852 Sed
1286 2800 1318 2851 ut
1331 2795 1445 2851 redeam
1461 2795 1597 2850 adlocum
1609 2792 1816 2866 undepaulufum
1826 2790 1855 2844 di

255 2896 313 2952 prm
327 2879 493 2936 infirmitate
507 2897 662 2952 congruum
682 2888 793 2956 tempus
817 2891 1053 2958 exspectaretis.
1096 2885 1176 2943 verti.
1188 2887 1266 2941 luter
1279 2884 1461 2957 loquendum,
1481 2883 1551 2939 siad
1565 2884 1665 2939 horam
1683 2881 1818 2954 regularem
1830 2879 1855 2932 si·

256 2969 303 3024 hic
312 2969 342 3024 in
352 2969 474 3041 capitulo
485 2986 548 3025 cum
559 2971 638 3026 venia
648 2971 790 3028 licentiam
801 2974 1052 3047 debetimpetrare.
1094 2990 1183 3044 gnum
1192 2973 1324 3037 audierit,
1336 2972 1365 3027 in
1380 2972 1502 3028 claustro
1512 2972 1609 3043 ipsum
1621 2971 1740 3036 verbum,
1750 2967 1810 3042 quod
1822 2968 1856 3020 ha·

257 3058 446 3114 Cavetautem
458 3076 491 3114 ao
504 3060 550 3115 die
559 3061 752 3134 unusquisque
762 3064 928 3134 sanguinem
943 3066 1053 3120 minue·
1062 3069 1084 3134 c
1094 3062 1143 3117 bet
1152 3063 1181 3117 in
1192 3079 1240 3117 ore
1250 3079 1306 3117 non
1320 3061 1438 3134 perficit,
1455 3061 1506 3116 sed
1515 3062 1650 3117 continuo
1660 3065 1737 3126 tacet,
1748 3064 1773 3114 et
1786 3071 1855 3111 occur

255 3163 296 3213 re,
309 3149 389 3218 cujus
407 3154 542 3220 sequente
560 3155 641 3205 nocte
657 3151 803 3207 duodecim
818 3153 890 3209 fiunt
909 3154 1052 3221 lectiones,
1096 3151 1135 3206 rit
1155 3151 1191 3206 ad
1209 3151 1375 3206 orationem.
1407 3149 1468 3214 Qua
1489 3149 1580 3218 imita,
1605 3151 1684 3206 sedet
1703 3149 1731 3203 in
1748 3147 1856 3210 chemel

256 3235 310 3291 nisi
324 3253 354 3291 ru
365 3237 602 3309 Quadragesima:
615 3244 683 3295 tunc
697 3258 808 3313 semper
821 3242 850 3297 in
861 3243 983 3298 Sabbato
992 3249 1056 3316 post
1096 3256 1243 3312 quousque
1259 3239 1389 3294 sacerdos
1410 3237 1511 3294 missas
1530 3243 1696 3294 cantaturus
1712 3236 1745 3292 sit
1757 3233 1854 3296 vestitus,

255 3328 474 3397 vesperos,dicto
481 3329 676 3384 Baesadicomus
686 3332 812 3394 Domino,
822 3331 934 3399 minuit3
949 3349 1000 3404 pro
1011 3349 1053 3400 eo,
1095 3329 1218 3384 intendit
1230 3327 1353 3386 lectioni.
1367 3330 1392 3382 A
1408 3343 1465 3399 qua
1479 3333 1649 3383 tamencum
1661 3327 1774 3399 primum
1784 3335 1856 3376 secun

257 3415 330 3485 quod
346 3416 375 3470 in
390 3417 436 3474 die
456 3418 603 3473 Dominica
624 3435 680 3474 non
690 3419 810 3488 jejunat,
831 3420 928 3492 inqua
941 3437 973 3476 ex
988 3439 1055 3478 con·
1096 3419 1164 3474 dum
1179 3417 1300 3472 audierit
1314 3416 1437 3487 signum,
1457 3416 1532 3472 illico
1550 3421 1644 3471 cessat
1662 3421 1689 3470 et
1701 3413 1789 3484 surgit,
1804 3411 1856 3464 sicui

256 3503 406 3558 suetudine
421 3511 489 3575 ‘post
502 3505 679 3576 evangelium
701 3507 824 3562 aestivus
839 3509 988 3578 prandium
1003 3510 1055 3564 ha·
1096 3507 1182 3562 etiam
1197 3507 1232 3560 ad
1247 3507 1302 3560 duo
1316 3505 1407 3577 signa,
1416 3522 1478 3576 quse
1493 3505 1688 3577 pulsantnrad
1700 3496 1856 3575 vesperasvel

256 3589 323 3645 bere
332 3591 424 3659 debet,
437 3598 465 3648 et
475 3594 519 3649 die
529 3595 613 3649 tertio
623 3612 753 3666 vesperos
761 3611 824 3650 cum
837 3597 957 3652 infirmis
965 3599 1051 3654 audit.
1095 3596 1316 3667 quotiescunque
1345 3594 1441 3650 omnia
1467 3595 1627 3666 pulsantur,
1656 3593 1766 3656 veniam,
1793 3601 1856 3658 quam

258 3679 288 3734 Si
298 3679 357 3735 vult
370 3684 508 3736 statutum
518 3683 668 3753 prandium
684 3683 803 3738 fratrum
817 3685 1014 3758 anticipatus
1023 3693 1056 3742 ut
1096 3685 1175 3756 petit,
1197 3684 1348 3754 diligenter
1361 3683 1548 3749 obseruatus
1569 3699 1695 3754 unquam
1714 3679 1807 3736 tardius
1821 3677 1857 3728 aut

256 3773 355 3840 postea
368 3787 424 3826 non
448 3771 565 3837 reficiat,
586 3778 614 3827 et
636 3773 711 3828 infra
732 3789 910 3830 communem
935 3775 1055 3830 fratrum
1095 3773 1214 3828 celerius
1230 3787 1314 3844 quam
1331 3771 1474 3843 aliipetat.
1493 3772 1564 3827 Cum
1585 3772 1648 3827 aliia
1665 3763 1857 3826 submittentibus

256 3856 434 3914 refectionem
451 3867 578 3916 moratur
587 3862 623 3917 ad
638 3862 667 3917 S.
684 3863 811 3918 hieriam·
829 3865 839 3888 '
863 3863 895 3919 In
909 3864 1054 3920 Dominico
1097 3880 1126 3918 se
1140 3861 1298 3929 submittit3
1321 3877 1385 3916 cum
1399 3861 1462 3916 aliis
1475 3877 1506 3916 se
1519 3861 1686 3927 levantibus,
1706 3876 1734 3914 se
1753 3857 1821 3919 leno
1832 3849 1858 3904 id

256 3963 322 4002 vero
338 3947 395 4018 die,
411 3965 465 4020 quo
489 3951 615 4006 facturus
629 3956 673 4007 est
691 3951 759 4006 ioris
773 3952 927 4008 claustrum
946 3970 1055 4025 proces·
1096 3951 1247 4016 venias‚ad
1257 3967 1363 4022 preces,
1373 3950 1575 4005 adorationes:
1594 3950 1721 4006 aliisnon
1734 3940 1858 4016 legentibus

255 4034 375 4103 sionem,
388 4037 481 4094 induit
490 4039 632 4094 diurnales
648 4058 654 4093 :
670 4046 785 4096 caeteras
794 4047 899 4105 autem,
912 4057 973 4114 qum
983 4045 1055 4097 fiunt
1096 4057 1148 4096 uec
1162 4040 1239 4096 aliud
1253 4057 1338 4111 quam
1351 4039 1442 4094 solum
1452 4039 1578 4094 divinum
1590 4038 1711 4094 officium
1718 4027 1857 4090 attendenti·

255 4125 339 4181 nudis
352 4127 479 4199 pedibus,
495 4134 610 4201 accepta
630 4129 745 4185 licentia
768 4131 873 4185 evitare
888 4135 990 4202 potest.
1005 4145 1052 4187 un.
1096 4129 1159 4196 bus,
1176 4129 1236 4200 ipse
1247 4145 1358 4201 quoque
1374 4144 1518 4200 nunquam
1531 4127 1636 4184 librum
1654 4122 1778 4198 aperitad
1789 4121 1859 4189 legen·

254 4215 323 4270 Post
337 4219 550 4288 completorium
572 4219 606 4273 de
626 4218 716 4273 tribus
731 4220 906 4275 orationihus
928 4236 984 4275 non
998 4219 1053 4275 nisi
1099 4219 1177 4285 dum,
1194 4218 1315 4273 inarime
1329 4218 1359 4272 in
1374 4217 1476 4281 ohoro;
1489 4216 1545 4270 nisi
1562 4215 1714 4288 aliquando
1727 4206 1859 4283 gradualem

253 4321 351 4374 unam,
367 4313 396 4362 et
410 4308 481 4362 hanc
495 4308 619 4363 sedendo
633 4308 712 4376 facit,
727 4313 756 4363 et
768 4309 863 4364 statim
878 4307 1054 4373 exitQuibus
1064 4314 1089 4374 D
1098 4307 1200 4362 librum
1213 4307 1249 4362 ad
1264 4307 1399 4378 majorem
1416 4306 1543 4372 missam,
1559 4311 1675 4377 propter
1692 4302 1801 4372 aliquem
1813 4308 1860 4349 can·

256 4401 351 4450 autem
362 4414 413 4469 pro
428 4395 621 4453 misericordia
636 4410 798 4450 concessum
814 4401 867 4461 est,
886 4397 896 4417 '
911 4395 995 4450 horas
1008 4411 1055 4450 re·
1096 4403 1169 4467 tum,
1185 4396 1233 4468 qui
1247 4395 1282 4450 ad
1297 4411 1420 4467 prresens
1430 4399 1571 4459 cantatur,
1584 4394 1627 4448 vel
1642 4393 1666 4447 si
1679 4395 1720 4448 est
1731 4389 1859 4444 illiteratus.

254 4479 368 4547 gulares
388 4481 423 4536 ad
438 4483 467 4538 S.
489 4483 609 4538 Mariam
628 4484 797 4549 auscultare,
820 4485 934 4539 interim
958 4485 1053 4553 etiam,
1098 4487 1185 4554 (ναν.)
1199 4485 1235 4539 ad
1252 4501 1382 4556 vesperos
1401 4484 1504 4538 librum
1527 4483 1696 4555 hymnorum
1716 4468 1862 4551 pmpteruli·

255 4567 323 4622 dum
335 4569 439 4625 suntin
454 4571 707 4640 legerninutorum,
716 4572 818 4627 ibidem
829 4574 1056 4641 morantur,dum
1097 4591 1182 4645 quem
1192 4573 1329 4646 hymnum
1343 4589 1377 4628 ea
1390 4573 1452 4644 ipsa
1465 4572 1523 4627 vice
1537 4571 1705 4627 canendum.

257 4663 287 4714 et
309 4657 373 4713 aliis
394 4657 561 4730 quibusdam
583 4660 700 4716 minutis
716 4662 857 4718 interdum
881 4663 1054 4730 conceditur,
1132 4663 1228 4718 'Item
1243 4662 1279 4716 ad
1289 4669 1413 4729 cantum,
1430 4666 1460 4715 et
1469 4661 1608 4733 hymnum
1629 4657 1862 4719 matutinomnpe

256 4746 372 4820 insuper
378 4748 474 4816 eham,
483 4755 515 4804 ut
525 4750 612 4804 fluitis
620 4749 724 4806 ibidem
733 4750 880 4807 matutinis
893 4769 922 4806 se
932 4752 962 4807 in
978 4751 1057 4807 lectis
1098 4758 1153 4808 test
1167 4751 1303 4822 inspicere
1317 4750 1420 4806 librum
1434 4767 1486 4806 uec
1499 4755 1597 4806 tamen
1609 4749 1748 4822 proprium
1762 4739 1863 4797 dimittat

257 4836 426 4892 recollocent
435 4853 523 4909 usque
537 4838 605 4894 dum
619 4839 665 4894 die
674 4839 758 4894 tertio
773 4839 809 4894 ad
823 4839 955 4911 primam,
966 4841 1010 4894 vel
1025 4839 1054 4895 in
1096 4841 1200 4906 locum,
1216 4856 1268 4895 nee
1282 4841 1337 4895 alio
1352 4840 1465 4895 interim
1492 4845 1591 4894 utatur
1618 4837 1730 4902 lumine,
1750 4831 1797 4888 nisi
1816 4827 1861 4888 ito,

256 4925 358 4997 hyeme
370 4928 405 4981 ad
427 4927 540 4982 tertiam
559 4929 588 4983 in
603 4929 687 4984 choro
710 4945 740 4984 se
760 4935 971 5001 representem.
997 4930 1056 4986 Nec
1097 4931 1171 5001 quod
1188 4931 1262 4984 lucet
1281 4928 1311 4984 in
1335 4944 1493 4984 commune.
1515 4931 1572 5002 (uu.
1589 4931 1660 4996 aar.)
1677 4924 1743 4982 Etsi
1757 4915 1863 4975 sacerdos

256 5015 327 5070 illud
336 5017 698 5089 estpraetereundum,quod
707 5018 777 5072 nulli
785 5033 835 5089 pro
841 5018 902 5072 sola
909 5018 1056 5089 sanguinis
1098 5018 1334 5075 hebdomadarius
1347 5023 1399 5084 est,
1409 5019 1439 5073 in
1451 5019 1609 5074 collectario
1623 5018 1687 5072 licet
1697 5015 1722 5070 ei
1736 5009 1799 5085 quod
1808 5015 1863 5074 opus

226 5147 236 5156 .
256 5105 414 5160 minutione
422 5106 631 5162 concediturad
645 5106 943 5173 infirmariamvenire,
959 5106 1013 5162 uisi
1027 5106 1056 5162 in
1098 5113 1140 5162 est
1156 5107 1318 5179 praevidere,
1345 5105 1453 5160 scilicet
1474 5107 1629 5178 capitulum
1644 5099 1779 5177 presentis
1793 5097 1862 5149 hone.

258 5195 338 5267 pedis
352 5211 422 5250 vena
434 5195 501 5250 velit
518 5196 656 5262 minuere,
671 5202 700 5250 et
712 5196 854 5250 interdum
866 5196 950 5250 alicui
964 5196 1057 5251 senio·
1099 5195 1195 5267 Signa,
1216 5212 1278 5268 quae
1303 5211 1367 5250 cum
1392 5210 1480 5249 mauu
1507 5195 1580 5250 flunt
1593 5211 1643 5265 pro
1665 5189 1801 5248 locutione,
1818 5193 1862 5234 n⁰¹1

259 5300 333 5350 rum,
351 5283 401 5355 qui
415 5289 501 5339 tantae
512 5283 665 5339 debilitatis
676 5284 722 5347 sit,
737 5289 770 5339 ut
783 5284 858 5340 hunc
877 5284 1003 5340 ordinem
1028 5285 1057 5339 in
1099 5291 1177 5340 amnt
1185 5285 1347 5356 frequenter
1358 5283 1460 5348 facere,
1472 5287 1608 5338 conventu
1623 5273 1861 5336 merimeeernente

259 5379 398 5428 conventu
412 5374 574 5429 nullatenus
588 5372 737 5428 observare
752 5373 848 5447 possit.
866 5374 946 5439 Quod
961 5379 1058 5429 tamen
1099 5380 1128 5429 et
1138 5373 1268 5445 quotiens
1277 5372 1352 5441 facit,
1362 5371 1428 5426 facit
1440 5373 1637 5428 reverenter'et
1649 5385 1699 5442 pro
1712 5359 1861 5457 amessitflfi·

260 5463 375 5518 omuino
388 5463 467 5529 vitat,
484 5462 507 5518 si
521 5461 551 5518 in
563 5462 692 5534 proxima
702 5469 784 5518 nocte
798 5463 900 5518 festum
910 5463 1058 5518 duodecim
1099 5461 1137 5517 Ut
1151 5467 1252 5518 testera
1267 5461 1394 5516 membra
1409 5461 1451 5516 ita
1462 5461 1557 5532 ipsum
1565 5474 1674 5531 quoque
1681 5452 1781 5511 cohibet
1789 5457 1861 5500 arsum

260 5549 414 5608 lectionum
427 5551 531 5618 instat5
546 5551 612 5618 nisi,
635 5551 709 5606 sicut
722 5550 838 5619 dictum,
853 5552 936 5608 venia
956 5568 1058 5623 prave·
1100 5550 1392 5622 aragacitatehinits
1398 5549 1557 5606 missacum
1566 5562 1674 5605 summo
1684 5539 1786 5599 silentio
1799 5531 1862 5588 sedet
