3872 6162
97 319 167 385 ross
498 301 504 314 '
614 323 825 390 carcerum.
846 325 1016 388 nmsnno.
1037 359 1070 371 -
1089 323 1158 386 cm.
1178 317 1216 384 n.
1662 319 1735 386 rosv

96 448 167 504 lioni
179 448 382 520 adjunguntur,
396 450 519 521 exceptis
532 451 695 522 capellanis,
709 453 810 526 quibus
825 453 892 509 etin
903 455 1071 513 Aoecurunt
1083 448 1118 506 ad
1130 451 1202 507 hanc
1214 457 1421 508 sacrasanctam
1437 453 1656 521 solemnitatem,
1668 451 1733 527 qui-

97 545 223 610 tempore
239 537 345 592 silentii
365 538 473 593 licitum
493 545 546 606 est,
564 539 652 595 etiam
673 543 778 597 domno
795 539 896 598 abbate
939 540 989 596 bus
1003 541 1122 612 singulis
1135 540 1219 597 habet
1233 541 1319 598 abbas
1337 559 1388 614 pro
1406 548 1465 598 tam
1484 543 1601 599 diversis
1612 544 1734 616 negotiis

99 628 224 695 absente,
239 627 343 682 ibidem
357 628 473 694 moravl,
490 629 514 682 si
527 629 584 683 tale
603 630 682 701 quid,
697 628 770 686 sicut
781 640 822 688 est
834 647 896 688 car-
938 631 1115 703 respondere,
1131 629 1205 702 quod
1221 629 1333 687 omnino
1348 645 1403 687 non
1418 633 1569 706 expediret,
1586 631 1609 687 sl
1621 639 1689 690 tunc
1703 651 1734 690 se

99 719 172 773 tuias
192 715 294 782 secere,
311 717 351 771 eis
366 718 523 787 injunctum
538 725 591 784 est,
608 719 681 790 quod
696 721 803 792 absque
817 739 895 776 mora
937 717 1075 776 levatione
1101 719 1229 776 labarum
1256 727 1404 793 occuparet
1423 741 1429 775 :
1452 739 1469 776 a
1488 733 1544 794 qua
1567 725 1663 777 tamen
1679 723 1733 778 alio

100 808 135 862 sit
158 805 362 878 peragendum,
380 811 408 862 et
421 807 445 861 si
460 807 495 862 sd
510 808 572 873 hoc,
592 823 654 879 quae
668 808 756 878 signis
778 811 895 866 invicem
937 807 1107 880 competenti
1120 812 1247 882 tempore
1258 825 1314 864 non
1325 809 1414 881 magis
1428 809 1487 882 ipse
1496 827 1581 883 quam
1592 815 1620 865 et
1633 809 1735 866 iratres

100 895 255 967 exprimere
267 909 323 949 non
338 898 465 966 possunt,
481 895 603 952 breviter
616 898 897 972 loquunturpropter
937 907 967 947 ⁸0
982 907 1039 948 non
1054 899 1195 948 excusant·

100 985 150 1040 hoc
164 999 222 1039 non
236 985 492 1056 reprehenduntur.
973 983 1033 1036 llac
1048 987 1143 1037 autem
1159 981 1217 1036 vice
1231 981 1302 1036 sicut
1314 985 1342 1036 et
1355 981 1385 1036 in
1400 981 1508 1038 Pascha
1524 997 1556 1038 ac
1569 981 1735 1040 Pentecoste

134 1073 299 1130 Notandum
315 1079 358 1128 est
377 1079 473 1130 autern
489 1075 557 1147 ipsis
571 1075 734 1148 capellanis,
751 1077 824 1150 qnod
840 1093 895 1134 non
937 1072 1094 1142 provisores
1105 1071 1245 1138 villarum,
1258 1071 1306 1143 qui
1320 1071 1423 1126 Duroni
1432 1071 1619 1144 appellantur,
1635 1071 1736 1129 adhoc

100 1161 187 1233 magis
201 1163 268 1218 lieet
282 1163 323 1216 eis
346 1163 498 1220 claustrum
514 1164 599 1231 exire,
613 1166 654 1220 rel
669 1168 792 1238 aliquam
806 1166 895 1221 offici.
937 1161 967 1214 in
981 1159 1057 1215 brevi
1071 1167 1262 1230 recensentur,
1284 1177 1403 1234 quorum
1425 1168 1574 1216 consuetus
1601 1179 1735 1219 numerus

99 1265 163 1307 narn
191 1251 310 1316 intrare,
337 1267 421 1323 quem
444 1258 473 1306 et
490 1253 553 1308 eliis
574 1253 708 1311 fratribus
731 1257 843 1312 assidue
865 1255 895 1311 in
937 1265 1116 1321 nequaquam
1131 1255 1199 1304 tune
1216 1251 1353 1305 minuitur
1373 1249 1485 1322 quando
1508 1251 1594 1305 abbas
1617 1251 1735 1308 cumeis

100 1343 237 1395 conventu
253 1341 442 1404 manentibus,
456 1349 571 1414 excepta
587 1341 685 1399 eedem
697 1346 777 1400 cella.
790 1345 895 1400 Verum
936 1343 1061 1396 notatur.
1077 1339 1149 1392 Nam
1164 1339 1193 1393 in
1208 1339 1353 1394 refectorio
1367 1339 1488 1410 amplius
1507 1337 1693 1411 huicnegotio
1705 1353 1736 1396 se

100 1429 197 1501 siquis
212 1441 311 1484 eorum
325 1428 362 1484 ad
376 1431 480 1486 mtium
495 1433 645 1503 quaerendo
657 1433 787 1490 abbatem
802 1450 896 1488 acces·
936 1427 1170 1492 nonintromittit,
1186 1427 1239 1482 nisi
1252 1427 1325 1500 quod
1337 1433 1446 1483 tantum
1458 1427 1593 1501 quasdam
1604 1427 1736 1484 scutellas

100 1519 174 1587 serit,
197 1533 378 1590 nequaquam
398 1519 488 1590 ingrei
509 1523 661 1591 praesumit,
686 1521 741 1577 nisi
761 1519 897 1578 veraciter
937 1517 1098 1577 triremibus
1113 1518 1138 1572 ei
1153 1525 1315 1589 apportatas
1326 1519 1416 1589 primo
1431 1533 1516 1589 super
1526 1533 1637 1573 mensas
1645 1517 1736 1590 ponit.

101 1622 160 1663 eum
172 1609 254 1663 latus
267 1609 420 1664 consistere
429 1609 547 1664 noverit.
556 1609 731 1684 Quicumque
739 1613 851 1667 illorum
863 1611 898 1667 ab
940 1607 1018 1660 lianc
1033 1613 1129 1662 autem
1139 1605 1413 1663 administrationem
1425 1607 1736 1678 cumcaeteriscoquinse

100 1697 136 1752 eis
150 1697 289 1768 obsequio
304 1697 449 1768 expeditus
459 1715 520 1753 esse
534 1700 699 1770 potueritad
712 1701 896 1767 ollcrendum,
939 1696 1121 1751 servitoribus
1137 1711 1268 1768 percusso
1287 1695 1415 1768 cymbalo
1434 1695 1542 1768 incipit,
1557 1695 1737 1768 prioremque

100 1788 131 1841 ad
148 1787 315 1859 capitulum,
327 1787 362 1840 ad
377 1788 593 1858 processionem,
609 1789 644 1843 ad
660 1789 783 1845 officium
797 1775 979 1846 defun-bret
998 1785 1084 1840 alium
1100 1784 1206 1840 seillam
1223 1785 1336 1858 pulsare
1350 1785 1484 1858 precipit,
1501 1787 1538 1852 et,
1550 1799 1614 1840 cum
1624 1790 1736 1857 tempus

100 1881 217 1942 ctomm,
233 1875 385 1947 quodcum
402 1877 523 1932 maximo
538 1877 594 1932 ritu
608 1878 814 1952 caliturasque
829 1881 896 1935 dum
939 1875 1035 1936 luerit,
1060 1874 1120 1946 ipse
1149 1874 1255 1947 primus
1284 1875 1432 1930 Benedictio
1453 1873 1581 1946 imponit,
1611 1875 1736 1929 aedicto

101 1973 155 2020 tres
166 1965 270 2020 saltem
286 1963 419 2020 lectiones
436 1963 580 2032 liniantur,
595 1965 629 2022 ad
646 1969 811 2024 mandatnm
826 1983 897 2042 quo·
942 1979 1022 2019 rersu
1041 1981 1149 2020 sessum
1163 1963 1238 2019 vadit
1251 1963 1315 2035 lpse
1325 1977 1436 2035 quoque
1446 1961 1522 2018 omni
1535 1963 1737 2018 dieDominlca

101 2071 161 2127 que,
180 2059 211 2109 et
236 2051 273 2108 ad
296 2067 475 2108 communem
492 2055 611 2110 fratrum
638 2057 816 2113 relectionem
841 2077 897 2115 non
940 2053 1116 2124 campomis,
1129 2053 1191 2109 siin
1202 2049 1521 2118 locosurltsmassdatllffi
1534 2049 1733 2124 fsscltpssupffl‘ls

101 2141 195 2212 demit,
211 2145 238 2199 si
254 2141 481 2198 inclamationem
502 2141 625 2215 elingere
640 2147 769 2202 voluerit.
791 2147 831 2204 De
846 2147 897 2205 hoc
938 2143 983 2198 tui
999 2143 1072 2198 lavat
1087 2143 1180 2215 pedes,
1203 2141 1304 2197 tribuit
1327 2142 1397 2197 duos
1420 2140 1563 2202 denarios,
1591 2145 1620 2194 et
1642 2137 1736 2212 pueris

102 2237 193 2288 autem
209 2249 309 2288 omnes
333 2233 418 2287 simul
442 2231 612 2288 inclamandi
627 2241 702 2298 sunt,
723 2235 746 2290 si
761 2237 895 2294 domnum
938 2233 1073 2303 singulos,
1090 2233 1122 2287 ut
1134 2249 1186 2304 pel
1197 2231 1273 2303 ipsos
1288 2228 1458 2303 Pauperibus
1469 2229 1639 2285 tribuantur·
1656 2227 1736 2293 Qu⁰ll

103 2322 229 2378 abbatem
244 2337 363 2394 usquam
378 2323 469 2377 solnm
486 2321 657 2395 relinquunt.
682 2323 796 2380 Missam
810 2327 898 2398 ipsius
939 2323 962 2376 si
978 2317 1013 2376 ab
1027 2321 1075 2376 illo
1089 2324 1254 2377 mandatum
1269 2320 1344 2376 idem
1356 2321 1518 2392 negllgitun
1533 2327 1601 2375 tunc
1615 2335 1632 2374 a
1641 2315 1736 2391 pueris

103 2409 207 2467 abbatis
235 2411 331 2466 nullus
346 2409 611 2484 obedientiariorum
627 2413 656 2467 in
670 2415 768 2470 endem
784 2417 899 2472 novitio·
939 2413 1079 2466 eteorum
1097 2409 1300 2482 magistraret
1324 2411 1346 2466 si
1362 2409 1402 2464 illi
1423 2409 1535 2476 desunt,
1558 2408 1593 2463 ab
1613 2403 1735 2463 armario

103 2518 161 2556 rum
175 2501 250 2557 cella
259 2501 331 2555 sicut
342 2511 393 2555 nec
402 2499 468 2555 alibi
481 2501 510 2556 in
520 2501 689 2558 monasterio
699 2503 782 2558 debet
789 2505 897 2572 audire,
940 2499 1111 2572 providetur.
1134 2497 1303 2555 Eorumdem
1328 2516 1480 2572 puerorum
1495 2495 1695 2553 confessionem
1712 2496 1736 2550 si

102 2590 154 2644 nisi
169 2609 202 2645 eo
215 2593 344 2661 tempore
367 2605 422 2661 quo
443 2597 472 2645 et
491 2589 538 2644 alii
553 2594 711 2647 sacerdotes
725 2593 816 2648 solent
832 2611 898 2650 can·
939 2595 983 2648 est
1008 2597 1181 2664 recepturae,
1207 2589 1342 2664 magister
1362 2591 1512 2664 praedictus
1535 2585 1649 2646 adducit
1672 2587 1736 2642 ilios

102 2685 169 2734 tare.
181 2679 217 2735 Et
227 2681 272 2734 cst
284 2677 428 2734 sciendum
444 2679 518 2751 quod
535 2697 607 2751 saepe
622 2681 697 2736 dicta
710 2683 781 2737 cella
794 2681 897 2755 aliqui·
938 2697 1028 2754 usquc
1050 2683 1086 2737 sd
1109 2679 1256 2738 introitum
1279 2679 1396 2752 capituli
1411 2677 1504 2752 ibique
1528 2693 1578 2733 eos
1594 2679 1737 2750 exspectat

102 2767 150 2822 bus
173 2765 231 2823 illic
256 2765 459 2824 dormientibus
489 2783 546 2824 non
574 2769 730 2835 obseratur,
758 2771 815 2826 sed.
833 2787 897 2828 cum
937 2767 1087 2826 redituros.

100 2857 236 2914 absconsa
261 2857 435 2912 aclaustrali
458 2857 552 2930 priore
577 2858 663 2914 etiam
680 2859 783 2915 domno
798 2859 899 2916 abbate
1243 2855 1361 2915 CAPUT
1373 2854 1432 2914 XV.

101 2953 235 3018 imm
259 2945 455 3018 Permittitur·
472 2945 507 3001 Ei
526 2951 559 3002 Ui
579 2945 703 3003 bsfllstei
722 2949 896 3019 ⁰⁰¹¹⁰¹Udflffls
940 2969 977 3023 lle
991 2967 1218 3038 elipandoatbote
1232 2969 1269 3022 od
1282 2969 1373 3022 olium
1389 2969 1527 3027 tacuimus
1541 2963 1734 3018 uersarentur

101 3039 177 3092 muta
190 3033 343 3108 disciplina
359 3037 416 3092 illic
439 3053 490 3109 per
512 3037 607 3092 omnia
626 3035 798 3106 observatur,
813 3046 845 3095 ut
859 3041 899 3095 nil
1204 3039 1291 3094 eidem
1305 3035 1465 3092 extricando.

102 3127 261 3181 vestimenti
277 3125 312 3180 ab
326 3126 421 3198 aliquo
434 3127 475 3182 ibi
488 3127 646 3182 dormiente
655 3128 684 3181 in
694 3127 816 3184 claustro
828 3129 928 3204 eiust}
974 3127 986 3150 '
1000 3125 1029 3183 Si
1043 3129 1114 3183 lorte
1129 3129 1249 3184 domnus
1269 3125 1342 3182 abba
1354 3131 1471 3196 rogatur
1485 3117 1520 3178 ab
1534 3123 1639 3195 aliquo,
1655 3125 1687 3176 ut
1701 3119 1736 3174 de

102 3209 160 3270 dem
170 3211 250 3271 celim
265 3213 463 3288 suspendatur.
940 3215 998 3270 suis
1016 3213 1149 3272 iratribus
1167 3215 1297 3271 abbatem
1320 3214 1474 3270 constituat
1487 3214 1516 3268 in
1531 3213 1622 3270 alieno
1637 3225 1736 3266 mona-

394 3301 512 3360 camir
526 3299 601 3361 xlv.
940 3305 1036 3370 sterio,
1049 3306 1129 3375 juxta
1143 3306 1290 3361 consilium
1306 3305 1449 3360 seniorum
1459 3299 1547 3375 eligit,
1564 3302 1612 3374 qui
1627 3301 1678 3356 tali
1693 3299 1735 3353 vi-

189 3389 316 3462 01111ηά0,
334 3397 358 3448 et
372 3393 482 3461 adque
496 3393 587 3462 officia
602 3393 698 3449 autori
710 3391 812 3450 dotem.
940 3391 1041 3449 dentur
1054 3395 1157 3466 dignus
1171 3393 1271 3450 oldcio.
1286 3395 1396 3449 Electus
1407 3398 1503 3447 autem
1522 3389 1545 3446 si
1556 3391 1638 3464 sapit,
1655 3406 1736 3447 recu-

135 3483 146 3506 *
160 3481 216 3538 Sed
230 3487 264 3537 ut
277 3483 390 3536 redeam
404 3483 433 3536 in
444 3482 597 3538 claustrum
611 3501 617 3536 :
635 3483 670 3538 ad
685 3483 756 3538 duas
769 3483 900 3556 septima·
940 3487 993 3550 sat,
1010 3489 1146 3556 quantum
1162 3491 1262 3557 potest,
1280 3483 1337 3538 tale
1360 3499 1431 3537 onus
1454 3481 1596 3553 suscipere
1609 3495 1616 3547 3
1627 3481 1736 3533 servata

104 3583 150 3624 nas
163 3569 192 3625 ln
206 3586 294 3636 anno,
310 3568 333 3624 si
348 3577 392 3624 est
404 3585 527 3641 presens
553 3569 638 3626 abbas
659 3574 688 3627 et
701 3571 850 3628 incolumis
864 3571 898 3628 ad
940 3577 1035 3628 tumen
1049 3573 1220 3640 obedientia,
1231 3573 1255 3627 si
1262 3569 1362 3628 viderit
1377 3573 1488 3627 Patrem
1502 3571 1532 3624 in
1547 3585 1597 3623 sua
1612 3568 1737 3639 perstare

101 3661 237 3730 majorem
251 3659 366 3713 missam
381 3661 504 3726 notatur,
519 3659 546 3714 id
560 3661 757 3716 estDominica
767 3661 900 3717 Resurre-
940 3663 1090 3719 sententia.
1106 3663 1174 3718 Post
1183 3664 1339 3734 injunctam
1350 3661 1404 3716 sibi
1420 3657 1607 3716 obedientiam
1621 3655 1738 3712 inclinat

100 3747 198 3804 ctionis
213 3756 243 3804 et
259 3747 447 3803 pentecostes.
464 3749 496 3803 ln
507 3750 608 3821 quibus
618 3755 713 3806 tamen
723 3751 795 3808 alius
810 3767 899 3807 sacer·
940 3755 968 3806 et
982 3749 1060 3808 sedet
1077 3749 1111 3806 ad
1127 3751 1268 3807 sinistram
1291 3749 1386 3806 domni
1401 3747 1520 3816 abbatis,
1536 3747 1596 3821 ipso
1608 3745 1736 3819 jubente.

101 3837 146 3892 dos
162 3838 290 3892 armario
305 3838 480 3908 injungente,
497 3839 622 3894 dicturus
637 3845 680 3894 est
692 3841 776 3896 horas
787 3841 898 3912 regula-
940 3841 1011 3896 (lum
1025 3843 1135 3896 venerit
1148 3841 1183 3894 ad
1198 3839 1299 3906 locum,
1316 3839 1361 3895 cui
1378 3843 1421 3894 est
1431 3833 1629 3912 preferendus,
1643 3835 1738 3907 ibique
1834 3888 1837 3896 ,

101 3943 151 3992 res,
167 3931 276 3999 praeter
293 3941 425 3998 vesperos
448 3932 477 3981 et
499 3925 680 3995 matutinum,
696 3929 764 3984 etin
780 3929 898 3985 relecto·
941 3945 993 4002 per
1006 3929 1141 3984 domnum
1155 3911 1285 3984 abbatem
1297 3929 1353 3983 sive
1367 3945 1418 4002 per
1431 3928 1492 3998 ojus
1502 3925 1632 3982 nuntium
1645 3921 1738 3982 iratri-

101 4014 140 4070 n'o
151 4013 274 4071 daturus
289 4011 521 4070 benedictionem.
533 4015 587 4081 Qui
598 4020 626 4072 st
635 4017 740 4072 eisdem
750 4017 849 4074 diebus
864 4017 898 4074 ad
941 4018 993 4074 bus
1003 4015 1058 4074 illis
1068 4017 1153 4073 luerit
1163 4015 1326 4087 designatus
1345 4015 1440 4083 abbas,
1464 4019 1532 4070 tunc
1554 4017 1654 4068 caetera
1675 4027 1737 4084 qum

102 4105 243 4160 mntlcum
265 4101 409 4175 Evangelii
433 4119 498 4158 non·
509 4103 607 4160 viliore
619 4122 717 4178 cappa,
734 4122 819 4177 quam
838 4107 898 4179 ipse
940 4107 1083 4180 pertinent
1092 4105 1126 4160 ad
1138 4109 1197 4177 ejus
1208 4107 1411 4177 promotionem
1422 4106 1464 4159 ita
1473 4107 1655 4176 peraguntur,
1665 4101 1738 4154 sicut

103 4193 184 4249 abbas
205 4191 335 4259 vestitur,
346 4201 375 4250 et
388 4207 450 4250 cum
467 4213 499 4250 eo
518 4193 602 4250 simul
612 4193 859 4262 altariaincenset,
871 4204 900 4252 et
941 4197 1118 4254 deelectione
1127 4193 1338 4250 domniabbatis
1347 4194 1573 4266 suprascriptum
1584 4188 1736 4246 invenitur.

104 4281 252 4339 olilcialem
266 4279 370 4338 librum
385 4283 525 4338 teneetad
536 4285 595 4355 ejus
610 4283 787 4356 obsequium.
798 4288 829 4341 ln
843 4287 900 4341 Na·
943 4285 1012 4344 Post
1028 4287 1099 4341 hanc
1108 4285 1324 4357 promotionem,
1333 4301 1396 4338 cum
1409 4283 1531 4354 primurn
1546 4281 1581 4336 ad
1593 4297 1643 4335 nos
1654 4296 1737 4334 vene·

103 4371 209 4428 diritate
225 4369 338 4428 Domini
352 4379 462 4428 tantum
476 4371 660 4445 admajorem
675 4373 788 4430 missam
804 4375 901 4431 scribi·
943 4375 989 4444 rit,
1006 4389 1069 4431 cum
1084 4373 1261 4447 processione
1280 4372 1443 4444 suscipitur,
1471 4369 1644 4444 baculusque
1678 4367 1738 4440 ejus

103 4467 158 4532 tur,
171 4469 202 4517 et
215 4462 347 4517 sacerdos
371 4463 399 4516 in
423 4462 539 4517 sabbato
561 4464 749 4534 prescriptum
769 4467 811 4520 vel
827 4466 851 4520 si
872 4467 902 4521 in
943 4461 1101 4539 pastoralis,
1116 4463 1158 4518 vel
1173 4464 1196 4518 sl
1209 4477 1290 4517 suum
1306 4477 1362 4516 non
1373 4461 1477 4527 attulit,
1494 4477 1569 4516 unus
1583 4460 1617 4514 de
1632 4457 1739 4514 baculis

103 4545 249 4605 Dominlca
272 4547 390 4612 venerit,
418 4547 454 4605 ab
479 4547 601 4606 armario
620 4552 781 4624 deputatus,
801 4561 902 4610 caetera
942 4555 1037 4610 domm
1053 4552 1172 4620 abbatis,
1185 4559 1213 4607 et
1224 4557 1290 4606 tunc
1300 4557 1329 4605 et
1337 4555 1434 4622 postea
1445 4549 1554 4621 quoties
1572 4549 1609 4604 ad
1626 4564 1678 4603 nos
1691 4565 1738 4603 re-

104 4653 163 4710 qure
188 4639 258 4695 sunt
272 4637 382 4711 agenda
397 4635 505 4712 implet.
522 4641 654 4706 Quamvis
669 4647 764 4697 autem
780 4641 901 4716 emplius
943 4643 1263 4714 vertitur,¹juxtaaltare
1277 4639 1351 4712 quod
1366 4647 1409 4695 est
1423 4639 1581 4711 proximum
1596 4639 1677 4708 ostio,
1689 4654 1740 4710 per

103 4743 157 4782 non
172 4731 299 4792 notetur,
316 4729 426 4800 quoties
440 4735 535 4783 tamen
554 4730 615 4784 vult
626 4746 677 4801 per
692 4733 784 4786 totum
796 4747 901 4788 annum
944 4729 1017 4804 quod
1028 4729 1126 4788 iturde
1135 4731 1257 4786 claustro
1268 4729 1296 4784 in
1307 4727 1474 4786 ecclesiama
1486 4729 1604 4784 sacrista
1613 4727 1738 4800 ponitur,

102 4819 197 4870 mutat
212 4818 350 4888 majorem
365 4813 425 4872 slve
436 4811 575 4872 minorem
589 4815 715 4888 missam,
731 4835 860 4892 vesperos
875 4827 903 4877 et
944 4827 1083 4894 quatenus
1097 4837 1147 4893 per
1160 4817 1231 4875 hanc
1246 4818 1370 4874 debitam
1391 4819 1417 4873 ei
1436 4816 1537 4874 iratres
1552 4817 1740 4872 reverentiam

25 4955 27 4984 ,
102 4903 290 4964 matutinum,
942 4911 1073 4967 exhibere
1088 4912 1330 4964 commoneantur.
1704 4891 1713 4912 '

136 4993 193 5050 Sed
205 4991 350 5050 sciendum
364 4991 509 5067 antiquam
519 4995 903 5055 Cluniensiuruesseconsue-
980 4999 1009 5055 Si
1030 4995 1175 5072 capellano
1194 5003 1280 5064 caret,
1304 4995 1382 5072 prior
1405 4997 1431 5054 ei
1455 4997 1589 5052 idoneum
1613 4993 1737 5052 adhibet.

102 5083 244 5151 tudinem,
263 5089 296 5138 ut
311 5083 340 5138 in
354 5079 507 5140 Nativitate
521 5083 633 5141 Domini
652 5083 841 5144 ministerium
856 5105 902 5144 co·
944 5085 1083 5154 Quamdiu
1094 5088 1167 5160 apud
1179 5103 1229 5143 nos
1239 5092 1389 5142 moratura
1398 5083 1532 5142 iratribus
1543 5083 1568 5141 ei
1578 5083 1739 5152 inclinatur,

104 5171 198 5243 quinae
213 5171 318 5228 saciant
328 5171 448 5229 domnus
457 5171 543 5229 abbas
556 5181 584 5230 et
596 5173 726 5231 cellarius
740 5175 824 5232 simul
838 5191 901 5233 cum
943 5185 1080 5251 praesente
1096 5177 1180 5233 etiam
1194 5175 1297 5232 domno
1314 5173 1424 5232 abbate.
1440 5177 1501 5242 Quo
1511 5175 1627 5230 absente
1637 5171 1740 5244 ubique

103 5259 313 5328 decaniaQuod
328 5263 390 5318 ideo
403 5269 498 5318 tacere
513 5263 667 5332 noluimus
682 5270 712 5320 ut
727 5267 903 5322 aniuradver-
944 5267 994 5322 dat
1006 5267 1238 5333 benedictionem,
1254 5269 1282 5321 et
1296 5265 1478 5337 antiphonam
1493 5263 1522 5319 in
1537 5257 1683 5316 duodecim
1699 5261 1741 5315 le-

102 5351 169 5404 tatis
183 5367 202 5404 a
214 5354 319 5422 quanta
333 5353 482 5408 sanctitate
491 5349 637 5424 increparit
650 5353 697 5408 ilie
711 5355 904 5427 locus,quam-
944 5355 1082 5412 ctionlbus
1095 5371 1180 5428 super
1193 5355 1332 5411 canticum
1348 5349 1490 5424 Evangelii
1508 5351 1638 5424 imponit,
1655 5365 1740 5422 quam

103 5453 187 5510 quam
207 5439 289 5495 modo
305 5455 362 5495 non
373 5441 420 5502 sit,
437 5457 488 5496 nec
502 5437 608 5514 absquo
620 5455 720 5514 magna
734 5443 902 5516 importuni·
944 5443 985 5500 illi
999 5445 1139 5500 armarius
1151 5444 1308 5500 innotescit.
1325 5445 1396 5498 Cum
1411 5439 1560 5515 quostiam
1576 5435 1743 5508 inclinante,

102 5534 158 5584 tate
180 5529 305 5602 idipsum
330 5525 497 5586 humilitatis
526 5537 556 5586 et
575 5529 719 5603 reilgionis
746 5535 903 5606 exemplum
945 5535 988 5592 vel
1003 5537 1027 5590 si
1041 5531 1148 5590 fallitur
1168 5536 1277 5590 veniam
1302 5537 1425 5605 petente,
1446 5533 1599 5586 conventus
1613 5527 1739 5585 inclinat.

103 5619 161 5674 lieri
178 5620 296 5692 possit:
326 5637 393 5676 nam
415 5621 488 5676 tanti
514 5621 643 5688 fratrum,
672 5622 744 5678 tanti
762 5623 904 5696 hospitum
944 5625 1012 5681 Post
1026 5625 1236 5682 inclinationem
1254 5619 1320 5680 thus
1337 5621 1467 5696 imponit,
1483 5619 1507 5677 si
1520 5617 1593 5677 alius
1611 5617 1743 5680 sacerdos
