3896 6170
229 291 301 354 titt
756 295 932 354 umuoms
950 293 1106 353 humma
1123 293 1323 354 ranruusm
1766 308 1822 370 titt

230 417 371 484 seomrio;
386 416 520 473 dimonue
533 417 634 475 induat
651 419 738 475 stolas
752 426 924 492 argentatas,
941 419 1148 494 atqueAalbis.
1166 421 1233 478 Post
1254 421 1441 495 expletionem
1456 423 1559 496 missa,
1574 423 1708 484 benedicet
1719 433 1824 490 murdse

230 507 411 563 dalmaticam
428 513 589 562 aureatam:
606 507 792 565 subdiaconus
802 511 898 566 tunica
912 511 1030 566 circum·
1070 526 1173 580 aquam
1189 528 1195 564 :
1210 527 1273 566 mox
1287 523 1319 566 ιιι
1330 511 1415 566 luerit
1430 511 1580 580 benedicta,
1596 514 1710 588 imponat
1723 519 1827 578 hancen-

232 597 299 652 data
312 611 382 651 euro
398 613 404 649 :
420 601 482 651 octo
498 597 540 652 vel
555 598 680 669 quinque
693 604 823 655 cantores
836 598 1030 656 vestianturin
1071 599 1236 671 tiphonem:
1260 601 1320 655 Vidi
1333 617 1447 670 apuam,
1464 619 1519 674 qua
1533 603 1615 670 dicte,
1628 609 1654 659 ct
1667 608 1782 676 oratione,
1792 629 1827 666 ve-

231 684 336 757 oappis,
362 701 482 757 quorum
500 701 550 741 sex
571 687 614 741 vei
636 691 693 742 tres
716 704 749 742 ex
763 687 807 743 his
821 693 944 744 cantent.
959 690 1031 744 Alie·
1072 688 1168 743 niente
1183 689 1223 743 sic
1240 705 1290 760 per
1309 689 1436 744 ordinem
1459 690 1604 746 cantando.
1621 694 1769 766 Antiphone,
1786 701 1828 755 llo·

233 777 303 842 luia,
316 775 492 842 Oonlltemini
505 777 631 842 Domino,
643 782 672 831 et
681 776 729 831 alii
744 777 809 844 duo,
823 779 1031 844 tractum,lau·
1071 777 1124 840 die,
1141 779 1245 846 [ratres
1254 779 1437 833 dilectissimi.
1453 779 1524 835 Dein
1536 781 1657 852 magistri
1670 785 1825 842 cuminlenti·

231 864 294 918 date
307 865 469 926 Dominum,
481 879 574 919 omues
584 870 684 932 pentes.
697 865 760 920 Diui
770 867 895 922 conversi
903 866 1032 921 candela·
1071 863 1133 932 bus,
1149 865 1236 921 abbas
1246 871 1310 939 post
1322 883 1369 922 eos
1386 885 1393 923 s
1412 867 1460 922 alii
1473 866 1598 922 seniores
1614 869 1742 926 venientes
1753 871 1798 928 duo
1806 881 1827 930 et

231 951 283 1006 bra
293 952 381 1024 [supp.
398 953 532 1025 portent],
548 954 649 1010 tertius
659 953 834 1010 thuribulum
847 957 965 1028 :quippe
975 957 1031 1012 duo
1072 955 1128 1010 duo
1139 956 1212 1011 sicut
1222 956 1329 1027 priores
1342 956 1478 1012 iecerunt.
1495 957 1566 1013 (lum
1581 973 1644 1013 vero
1656 960 1773 1032 coeperint
1783 963 1828 1017 eri·

233 1040 282 1113 qui
305 1047 412 1096 canum
430 1041 553 1108 litanias,
582 1043 617 1098 ad
643 1043 727 1098 tinem
752 1043 856 1110 dicant,
877 1047 1029 1100 accendite.
1072 1059 1112 1110 re,
1127 1043 1221 1100 initiet
1238 1045 1359 1102 domnus
1373 1044 1461 1100 abbas
1474 1046 1653 1118 antiphonam
1665 1065 1671 1102 :
1682 1051 1827 1105 Tromemli·

232 1131 318 1200 Kyrie
338 1132 449 1184 eleison.
471 1130 588 1186 Pulsent
609 1131 731 1203 signum,
756 1133 910 1188 accendant
922 1138 1030 1205 septem
1073 1135 1130 1191 lus.
1147 1133 1255 1188 Moxut
1267 1133 1373 1190 fuerint
1385 1134 1421 1189 ad
1435 1135 1829 1209 valvasmonasterii,procedant

231 1218 400 1273 candelabra
414 1225 480 1274 ante
495 1220 595 1274 altare.
611 1221 690 1276 Tunc
703 1221 833 1276 sacerdos
846 1223 940 1278 veniat
953 1223 1031 1278 elia·
1071 1237 1118 1277 sex
1133 1223 1175 1277 vel
1185 1227 1248 1278 octo
1262 1238 1295 1278 ex
1309 1223 1479 1290 cantoribus,
1494 1241 1564 1295 quos
1578 1226 1708 1280 armarius
1724 1227 1828 1282 annuerit

234 1307 291 1362 ciat
304 1307 517 1363 confessionem.
529 1308 658 1364 Dimissis
671 1309 769 1381 signis,
785 1317 876 1378 canet,
891 1312 985 1368 Gloria
1000 1316 1032 1368 ia
1072 1311 1102 1365 in
1123 1311 1225 1378 medio,
1245 1316 1275 1367 et
1297 1317 1412 1367 cantent
1434 1313 1627 1384 antiphonam,
1654 1313 1788 1381 Gracittrur
1807 1315 1829 1369 in

234 1399 344 1452 muisis
360 1397 421 1451 Deo.
443 1397 572 1461 Oramus,
587 1401 699 1466 Prasia,
714 1415 880 1468 quesumus.
896 1400 1032 1472 Epistola,
1073 1414 1166 1454 carae.
1182 1399 1375 1471 Ingredientes
1389 1401 1575 1456 veroinitient
1585 1402 1832 1472 responsoriumlpi·

234 1483 304 1540 cam
327 1485 422 1554 Apollo
436 1491 510 1540 esset.
528 1487 719 1558 Evangelium,
734 1489 766 1547 Si
780 1494 898 1560 diripitis
913 1507 966 1544 me.
983 1489 1033 1546 Oi·
1073 1491 1147 1543 ritus
1161 1495 1272 1544 sanctus
1288 1492 1410 1558 repleuit,
1426 1490 1603 1562 pulsantibus
1614 1491 1704 1562 signis.
1723 1491 1779 1545 Post
1790 1499 1834 1546 ter·

233 1571 389 1638 imtorinm,
406 1575 508 1628 Emitte
527 1579 668 1644 spiritum.
691 1577 788 1647 Aquas
807 1581 856 1634 Dei
871 1579 990 1643 dicatur,
1005 1585 1034 1634 et
1074 1577 1143 1632 tiam
1154 1576 1295 1634 celebrent
1309 1579 1423 1634 missam
1441 1595 1505 1634 curu
1520 1578 1598 1634 omni
1612 1578 1755 1649 diligentie,
1768 1579 1833 1634 relati

234 1661 414 1733 postmodum
429 1665 589 1719 communio
604 1683 610 1719 :
630 1667 892 1736 Ultimolestiuitatis
906 1671 964 1734 die;
976 1673 1033 1724 tex·
1075 1666 1163 1738 [supp.
1180 1667 1208 1722 in
1224 1666 1279 1739 die]
1291 1668 1504 1724 resurrectionis
1518 1666 1640 1723 Domini.
1655 1667 1834 1724 Oiiertoriaduo

234 1753 281 1804 tue
294 1749 457 1806 deierantur
475 1767 524 1822 per
545 1769 653 1809 omnes.
667 1755 772 1811 Hostiae
782 1757 906 1829 quinque
917 1757 1064 1838 mittan-B
1073 1761 1198 1822 teneant,
1206 1773 1325 1829 quorum
1341 1772 1414 1812 ιιιιιιε
1425 1762 1563 1829 panemet
1576 1756 1834 1824 vinum,aliusaquau

234 1839 291 1894 tur.
308 1838 410 1894 Pacem
424 1856 520 1895 omnes
534 1843 681 1914 accipiant.
694 1845 800 1910 Quibus
808 1846 933 1917 expletis,
941 1847 1032 1917 pulse-
1076 1843 1208 1918 [olfereth
1232 1847 1264 1901 ln
1280 1846 1426 1902 refectorio
1441 1846 1591 1918 propinent
1604 1845 1765 1906 chantatem,
1781 1840 1836 1896 sicut

234 1929 283 1980 tur
297 1926 419 1998 signum,
431 1935 517 2000 agant
527 1931 681 1987 orationem
695 1951 701 1987 ε
713 1939 778 1990 eant
788 1935 947 1997 servitores.
958 1933 1032 1989 acci·
1072 1934 1102 1988 in
1116 1933 1456 2006 patrisfamiliam
1468 1951 1613 2008 vesperam
1626 1933 1773 2004 antiphone,
1782 1929 1837 1986 ille·

233 2015 314 2085 piant
328 2017 464 2086 mixtum3
479 2021 657 2091 postmodum
672 2029 1033 2097 oententnonam,pergent
1074 2026 1143 2085 laic,
1168 2025 1361 2094 loquebantur.
1387 2024 1526 2082 Psaimns.
1552 2025 1629 2080 Dicit
1641 2024 1770 2077 Dominus.
1784 2017 1836 2072 iles·

235 2104 271 2160 ed
285 2106 477 2162 reficiendum.
489 2108 521 2162 ln
536 2108 589 2164 hnc
603 2109 647 2164 die
662 2112 788 2182 saginem
800 2128 858 2167 non
871 2113 1031 2182 comedent,
1071 2113 1243 2185 ponsorium,
1255 2115 1357 2183 Itepteti
1370 2119 1435 2168 sunt
1450 2129 1552 2168 amau.

234 2195 401 2251 charitatem
412 2197 525 2265 iaciant,
537 2203 566 2253 ct
581 2199 819 2273 eleemosynarius
832 2217 933 2273 penem
947 2207 976 2257 et
989 2203 1032 2256 vi·
1107 2203 1162 2257 Per
1184 2207 1296 2258 octavas
1319 2203 1375 2258 duo
1399 2201 1593 2256 invitatorium
1621 2198 1710 2273 [supp.
1726 2192 1837 2268 cantanti

235 2299 304 2338 num
315 2284 442 2356 accipiet,
457 2285 529 2341 sicut
539 2287 568 2343 in
582 2286 712 2344 omnibus
722 2289 823 2361 vigiliis
837 2290 1030 2359 festivitatum,
1072 2292 1174 2360 ltepteti
1194 2296 1260 2345 sunt
1274 2307 1367 2345 omnes
1381 2289 1494 2360 Spiritu
1516 2294 1621 2352 sancto,
1644 2290 1750 2343 alleluia
1763 2303 1770 2338 :
1781 2284 1806 2338 in
1815 2299 1839 2337 eo

235 2377 338 2442 prater·
351 2373 474 2430 Peschae.
491 2375 534 2430 Ad
549 2393 692 2448 vesperem
706 2377 849 2450 duosigna
861 2379 1034 2451 periterpul·
1073 2384 1140 2434 tono
1156 2378 1229 2435 sicut
1245 2380 1374 2436 Surrerr't
1387 2381 1520 2434 Dominus
1538 2394 1610 2432 uere.
1627 2375 1726 2432 Deinde
1737 2371 1838 2428 emensio

235 2459 374 2516 sabuntur
384 2481 391 2530 ;
403 2463 549 2518 duodecim
565 2466 686 2521 candela
700 2471 767 2521 ante
780 2468 1033 2534 altare,retrovero
1074 2468 1213 2523 luminum
1233 2473 1318 2540 atque
1338 2467 1532 2540 pronuntiatio
1554 2465 1840 2538 evangeliorumque

234 2549 342 2609 decem.
357 2553 478 2606 Alleluia
489 2555 677 2625 imponantes
687 2556 959 2628 antiphona,ltepteti
966 2563 1033 2612 suut
1073 2557 1181 2612 sonitus
1200 2557 1356 2628 signorum,
1375 2573 1425 2612 seu
1440 2556 1617 2611 matutinalis
1631 2570 1716 2618 secra,
1732 2552 1770 2606 vel
1783 2565 1840 2604 rett-

234 2653 336 2693 omues.
352 2640 457 2695 Psalmi
475 2640 563 2712 ipsius
577 2642 643 2697 diei.
659 2643 764 2709 Lectio,
780 2647 854 2699 Dum
867 2648 1033 2715 comptereu-
1073 2647 1151 2702 stitia
1166 2645 1195 2702 in
1213 2646 1318 2717 cappis,
1339 2661 1392 2700 uec
1412 2661 1469 2701 non
1484 2650 1513 2700 et
1526 2645 1637 2700 sonitus
1651 2634 1781 2714 signorum
1793 2643 1843 2710 post

235 2732 292 2782 tur.
318 2729 546 2801 Responsorium,
569 2735 767 2801 apparuerunt
789 2737 927 2802 apostolis.
942 2736 1031 2807 liym-
1072 2733 1289 2790 celebrationem
1304 2734 1407 2800 missae,
1429 2734 1472 2788 vel
1495 2733 1696 2805 vespertinales
1719 2727 1806 2802 psalmi
1816 2742 1841 2780 ιι

232 2831 296 2882 nus,
313 2819 386 2881 Veni,
399 2819 511 2875 Creator
523 2824 649 2890 spiritus.
661 2821 724 2883 Bini
736 2837 858 2895 namque
872 2829 1031 2878 sacerdotes
1071 2827 1130 2879 toto
1146 2825 1225 2891 itant,
1242 2823 1480 2895 quemadmodum
1503 2823 1533 2877 in
1551 2820 1726 2878 hebdomada
1741 2815 1842 2873 Pascha.

232 2903 388 2960 induantur
400 2908 505 2980 cappis,
521 2908 1032 2983 deserantqueincensumeuperalta·
1072 2913 1104 2968 ln
1117 2911 1247 2968 laudibus
1263 2913 1306 2966 vel
1316 2911 1393 2967 horis
1409 2915 1528 2966 canatur
1535 2909 1703 2966 alleluiatice
1713 2905 1763 2978 (etv
1774 2904 1845 2959 dere

231 2993 284 3054 ria,
308 2999 393 3066 atque
416 2997 597 3068 antiphonam
621 2998 822 3070 paraphonista
840 3004 907 3055 tuno
920 3006 1031 3071 repetat
1071 3001 1254 3068 surrectione,
1278 3006 1364 3072 atque
1389 3000 1561 3065 ascensione,
1585 3015 1637 3054 nec
1650 3013 1704 3053 non
1718 2993 1845 3063 etdeipea

234 3098 297 3138 cum
311 3083 428 3139 caune.
445 3085 575 3153 Oramus,
591 3089 702 3153 Prasia,
717 3105 882 3156 quesumus,
903 3051 1060 3157 omnipo·C
1071 3090 1258 3146 celebratione
1269 3091 1328 3162 jem
1344 3090 1427 3148 iacta.
1439 3090 1569 3162 Namque
1583 3087 1707 3152 inmissa
1718 3085 1767 3139 hoc
1777 3081 1843 3136 modo

234 3177 293 3226 tens
306 3173 377 3227 Deus
388 3176 420 3227 ut
431 3176 580 3229 claritatis.
598 3176 641 3230 hd
655 3176 868 3248 completorium
882 3176 1031 3248 imponent
1071 3179 1263 3250 distinguitur.
1281 3179 1409 3235 Secunda
1423 3179 1492 3234 laria
1507 3177 1643 3243 officium,
1662 3175 1769 3233 citarit.
1790 3169 1843 3225 Ore·

233 3276 339 3328 versus,
357 3266 385 3316 et
395 3262 431 3317 ad
445 3277 542 3318 omnes
556 3263 649 3320 horae.
666 3265 746 3328 Hinc,
759 3266 873 3333 Ohriste,
890 3282 965 3322 auno
976 3281 1030 3336 pa-
1071 3283 1143 3333 mns,
1159 3269 1239 3328 Deus,
1254 3269 1303 3334 qui
1318 3267 1455 3334 apostolis.
1473 3265 1609 3336 Epistola,
1621 3263 1747 3332 Aperiens
1755 3261 1842 3314 Petrus.

232 3351 360 3404 ruolitus.
377 3348 471 3406 Gloria
487 3352 546 3414 tibi,
564 3352 690 3407 Domine.
1069 3354 1199 3418 Alleluia,
1212 3347 1841 3424 Emitte.Alleluialoqaehantur.Evangelium

534 3440 651 3496 CAPUT
664 3439 728 3499 XII.
1068 3443 1115 3500 Sic
1129 3446 1204 3498 enim
1219 3445 1288 3498 Deus
1303 3445 1403 3498 stiterit
1416 3444 1566 3497 muudum.
1584 3438 1769 3501 Oiiertorium,
1784 3437 1844 3490 lnla·

340 3529 401 3582 Her
414 3533 517 3595 oportet
525 3531 574 3597 uqi
582 3529 700 3584 aduentu
710 3530 833 3599 Spiritus
841 3532 921 3585 almi.
1070 3534 1143 3587 uuit.
1161 3531 1337 3594 Communio,
1353 3531 1477 3600 Spiritus
1490 3535 1613 3584 sanctus.
1629 3527 1722 3584 'l'ertia
1732 3520 1844 3578 ierieoii·

270 3615 453 3670 sanctissimo
462 3615 508 3671 die
521 3617 698 3672 Pentecostes
708 3634 771 3674 cum
786 3635 897 3674 summa
910 3636 1030 3676 venera·
1069 3621 1154 3686 cium,
1169 3623 1287 3690 Accipite
1296 3621 1510 3688 iucunditatem,
1526 3624 1554 3674 et
1568 3619 1627 3673 alie
1640 3616 1732 3672 omnia
1743 3614 1805 3668 sicut
1814 3611 1846 3664 in·

233 3702 310 3757 tione
332 3710 418 3774 atque
441 3704 598 3773 devotione,
621 3706 741 3779 Spiritus
761 3709 850 3763 sancti
874 3709 1031 3784 celebretur
1070 3709 1227 3764 venientur.
1256 3708 1383 3772 Quatuor
1405 3723 1529 3778 namque
1549 3707 1660 3773 diebus,
1681 3704 1727 3776 qui
1748 3701 1843 3761 melani

233 3791 380 3854 adventus,
392 3792 499 3848 Debent
509 3795 612 3867 quippe
626 3795 654 3850 in
665 3796 874 3852 nocturnalibus
888 3797 1030 3869 ohsequiis
1070 3803 1156 3868 agant
1170 3795 1291 3852 officium
1306 3796 1341 3852 ad
1357 3795 1472 3851 missam
1487 3796 1560 3850 siem
1574 3795 1604 3851 in
1620 3795 1667 3852 die
1680 3784 1845 3849 Pentecoste.

232 3895 330 3936 omnes
350 3897 517 3938 coronarum
540 3884 685 3956 tampades
707 3886 868 3954 accendere,
886 3893 915 3942 et
929 3893 1029 3943 caetera
1070 3885 1284 3958 Epistolaatque
1296 3884 1627 3956 evangeliumvelutiper
1638 3874 1845 3950 annum,quand⁰

233 3983 345 4024 summo
368 3972 461 4027 studio
484 3975 675 4046 componere·
690 3975 834 4047 signorum
856 3976 1028 4048 pulsationes
1068 3973 1154 4042 seria3
1171 3974 1245 4028 sicut
1254 3979 1415 4028 consertum
1430 3972 1516 4027 tuerit
1526 3971 1555 4026 in
1563 3974 1796 4027 sacramentorum
1807 3977 1846 4016 co·

231 4058 375 4116 modulate
388 4060 564 4132 subtrahere,
579 4068 665 4135 atque
679 4063 713 4118 ad
726 4064 855 4119 ultimum
873 4069 1029 4138 perstrepe·
1068 4063 1141 4128 dice,
1156 4063 1196 4117 sic
1210 4066 1365 4134 promatur.
1383 4061 1506 4116 Sabbata
1521 4060 1556 4116 ad
1572 4075 1704 4133 vesperes
1718 4057 1848 4129 qninecan·

232 4163 274 4214 re,
287 4163 351 4203 oum
363 4156 501 4205 sonantur
514 4135 651 4217 inunum,
662 4153 771 4218 tandiu,
780 4169 926 4224 quousque
939 4153 1029 4209 infen-
1070 4143 1848 4216 delubrailluminenturantearam.hlteiuie,lleptetisnnt.

231 4241 275 4292 tes
289 4237 403 4292 venient
417 4237 446 4292 in
460 4239 615 4294 ecclesiam.
634 4239 679 4294 Ad
695 4239 885 4295 invitatorium
909 4246 1030 4311 quatuor
1073 4240 1207 4296 Sacerdos
1214 4240 1252 4294 sit
1261 4239 1400 4310 incappis.
1408 4239 1571 4311 Antiphone
1578 4239 1614 4293 ad
1626 4229 1848 4307 meretricantur

231 4325 388 4381 vestiantur
411 4327 440 4382 in
462 4327 565 4400 cappis.
594 4327 688 4384 Primo
710 4335 739 4384 et
759 4330 881 4384 secundo
893 4334 1030 4384 nocturno
1071 4345 1116 4384 uos
1127 4331 1295 4397 relinquam.
1312 4326 1442 4394 Oramus,
1453 4329 1533 4392 Deus,
1549 4331 1601 4396 qui
1614 4327 1747 4381 hodierno
1759 4322 1807 4374 die.

231 4419 298 4468 ante
312 4415 402 4470 altere
415 4415 472 4470 tria
483 4416 650 4471 candelebra
663 4422 813 4488 ponantur.
831 4418 886 4472 Pro
900 4401 1063 4489 unoquo-D
1107 4415 1135 4471 Si
1157 4415 1266 4488 jejunia
1288 4415 1393 4470 mensis
1411 4415 1505 4487 quarti
1532 4415 1663 4470 venerint
1683 4413 1754 4468 intra
1774 4409 1850 4479 ipsam

232 4517 287 4575 que
296 4511 444 4571 nocturno,
464 4505 580 4576 singula
594 4506 762 4576 antiphonae.
787 4506 923 4561 Dicentur
937 4506 1031 4561 lectio-
1071 4505 1286 4566 hebdomadam.
1308 4503 1433 4559 efficiant
1451 4503 1504 4562 ita.
1532 4505 1605 4559 Ante
1636 4502 1758 4564 tertiam,
1780 4495 1851 4566 agini

231 4598 354 4647 nesooto
368 4592 402 4646 de
416 4592 563 4664 Evangelio
575 4595 652 4665 quod
667 4595 772 4665 legitur
781 4594 810 4649 in
816 4594 921 4666 vigilia.
932 4595 1030 4651 Sermo
1071 4592 1315 4656 missamdefesto,
1324 4593 1419 4647 omnia
1433 4592 1634 4664 perordinem,
1647 4583 1852 4654 sicuteiietijem

232 4679 322 4735 sancti
341 4681 500 4752 Augustini.
523 4682 593 4737 Aliae
610 4688 732 4754 quatuor
754 4683 788 4738 dc
805 4683 920 4738 homilia
939 4684 1029 4740 sancti
1070 4698 1178 4737 sumus.
1189 4682 1332 4753 ieiunium
1343 4683 1498 4752 proteletur
1505 4697 1594 4752 usque
1603 4669 1851 4735 nonamProcessio

232 4768 360 4840 Gregorii
373 4786 452 4842 papae
471 4787 504 4825 ex
517 4771 660 4843 evangelio
673 4771 761 4844 ipsius
775 4771 841 4827 diei.
857 4772 899 4828 hd
914 4773 1029 4827 tertiam
1070 4787 1125 4826 non
1139 4773 1198 4834 ilat,
1217 4787 1268 4825 nec
1287 4771 1385 4826 litania
1396 4769 1566 4826 cantabitur.
1585 4769 1655 4825 Post
1677 4773 1790 4830 sertam,
1801 4773 1854 4814 cum

231 4873 344 4929 semper
355 4858 504 4914 lectionem
524 4860 746 4932 uniuscujusque
759 4860 889 4915 nocturni
902 4860 1030 4914 incenset
1070 4855 1855 4930 audierintsignum,surgantedormitorio,leventmanus

232 4947 362 5002 sacerdos
376 4949 468 5020 majus
481 4949 579 5014 altare,
596 4949 737 5020 simulque
747 4948 858 5004 iratres.
875 4949 1030 5019 Responsu-
1070 4949 1196 5003 aciacies
1206 4964 1282 5014 suas,
1301 4947 1469 5018 venientque
1480 4947 1510 5000 in
1525 4945 1652 5000 oratorio
1662 4942 1767 5013 absque
1776 4935 1855 4992 sonitu

231 5037 275 5093 ria
289 5038 345 5092 duo
359 5039 466 5110 pariter
480 5039 639 5094 decantent.
658 5039 699 5095 Ad
719 5039 859 5094 canticum
872 5043 1031 5108 augeantur
1070 5035 1155 5091 ullius
1165 5036 1248 5108 signi,
1261 5047 1289 5090 er
1296 5034 1572 5090 iaciantorationem.
1583 5031 1721 5087 Sacerdos
1728 5027 1819 5082 vestiet
1831 5035 1856 5073 st

232 5127 391 5200 quindecim
407 5127 530 5183 candelae
542 5127 572 5182 in
587 5128 703 5200 pertica.
719 5129 752 5184 In
764 5127 834 5183 albis
844 5127 968 5199 quinque
981 5142 1031 5180 an·
1071 5139 1135 5178 cum
1155 5123 1302 5178 ministris.
1320 5123 1390 5178 Cum
1411 5120 1516 5177 fuerint
1535 5120 1629 5176 induti
1652 5117 1768 5188 incipiat
1785 5123 1857 5184 part·

234 5215 358 5287 tiphonrc
385 5215 579 5270 decantentur.
603 5213 929 5288 Responsoriumbreve
951 5214 1031 5286 pueri
1072 5211 1203 5281 phonista
1216 5212 1339 5266 cilicium
1357 5231 1364 5266 ι
1380 5213 1451 5267 Deus
1465 5213 1533 5266 dam
1547 5211 1723 5279 egredereris.
1741 5205 1855 5298 Orenaul.

235 5305 394 5374 persolvant
410 5304 554 5373 :Spiritus
572 5312 683 5360 sanctus
700 5306 856 5373 procedens.
876 5305 950 5358 Ante
972 5303 1032 5374 pri·
1072 5303 1185 5367 Prasia,
1204 5303 1374 5369 omnipotens
1395 5302 1474 5365 Deus,
1498 5303 1598 5353 mentes
1623 5302 1746 5352 nostrus.
1765 5293 1855 5351 laeua

234 5407 310 5448 mam
322 5392 477 5449 adornetur
491 5394 588 5449 altare.
598 5393 642 5448 hd
650 5393 843 5448 matutinalem
852 5392 966 5448 missam
975 5407 1032 5446 una
1072 5391 1151 5445 Discit
1171 5390 1312 5446 Salomon.
1327 5388 1555 5461 Responsorium,
1571 5389 1724 5456 Propitius.
1739 5383 1854 5474 Oramus,

233 5481 344 5538 dicatur
356 5483 482 5550 collecte,
494 5489 526 5538 ut
540 5499 600 5538 mos
613 5488 666 5540 cst.
681 5483 754 5539 Tum
767 5497 866 5537 omnes
878 5481 1034 5537 induentur
1072 5480 1184 5542 Pressa,
1197 5493 1362 5548 quesumus,
1370 5481 1541 5547 omnipotens
1550 5483 1575 5532 et
1581 5477 1748 5530 misericors.
1761 5469 1854 5528 nouo,

271 5586 322 5658 (lt)
341 5587 515 5645 alleluiatice
537 5593 651 5644 cantare
666 5607 673 5646 ι
691 5587 713 5646 f.
727 5602 794 5646 cum
808 5586 882 5643 vocis
903 5585 1104 5648 modulatione.
