3882 6172
226 293 280 357 aas
508 275 514 286 '
704 297 754 356 an
772 298 892 358 ornae
910 301 942 356 s.
962 289 1383 361 remurmuremus.
1805 307 1854 366 aa

335 434 440 489 roura
452 431 533 504 qa’en
544 431 650 502 menes
664 433 784 500 amado,
1032 433 1213 506 delegerunt
1224 435 1315 490 virum
1329 432 1462 487 idoneum
1473 429 1504 485 in
1517 427 1727 502 temporalibus,
1741 433 1770 485 et
1782 429 1855 502 spiri·

333 521 402 578 Snus
411 522 498 589 ferme
506 523 599 590 pierre
613 524 641 576 io
653 521 748 590 fondo.
1065 524 1189 579 tualibus
1210 524 1330 578 multum
1347 522 1579 592 circumspectum
1602 518 1734 590 omnique
1759 535 1856 574 recom-

262 609 367 665 Eodem
377 623 452 664 anno
466 607 496 665 in
510 609 632 680 capitulo
640 607 766 681 generali
777 608 926 681 pradictus
939 609 1026 664 abbas
1066 613 1246 668 mandatione
1256 611 1384 683 dignum,
1401 609 1546 665 dominum
1560 607 1706 663 Ymerium
1717 607 1751 662 de
1761 608 1855 664 Sancto

227 699 338 765 Petrus,
353 713 386 752 ex
400 713 539 754 consensu
551 702 580 753 et
593 697 738 754 voluntate
752 697 839 754 totius
853 699 969 770 capituli
983 715 1026 754 or·
1065 701 1188 765 Ymerio,
1202 707 1269 757 tunc
1284 700 1406 772 priorem
1420 697 1491 753 dieti
1506 695 1569 751 loci.
1585 696 1640 762 Qui
1650 695 1853 763 dictuselectus,

228 784 336 842 dinavit
358 785 434 859 quod
457 786 640 853 camerarius,
661 786 711 860 qui
732 786 817 841 oflicii
844 787 917 842 vices
942 786 1025 858 gerit,
1067 789 1121 845 suit
1134 790 1316 845 confirmatus
1335 787 1410 859 apud
1431 784 1596 850 pontisiam,
1616 783 1716 840 Martis
1731 783 1785 852 die,
1800 789 1857 856 post

227 874 366 949 percipiet
386 875 511 948 quolibet
525 890 600 932 anno
614 875 644 932 in
658 876 829 932 escensione
846 877 957 932 Domini
977 893 1028 949 per
1067 877 1169 934 festum
1185 877 1275 932 sancti
1289 875 1408 930 Andreae
1423 873 1552 946 apostoli,
1575 873 1604 927 in
1628 873 1756 944 prioratu
1770 879 1856 930 nostro

227 979 344 1020 mmum
354 964 518 1037 grenetarii,
534 964 582 1038 qui
595 981 646 1036 pro
660 970 787 1038 tempore
798 965 892 1033 fuerit,
909 966 1028 1037 triginta
1068 966 1163 1022 Sancti
1177 965 1254 1022 Petri
1268 965 1297 1020 in
1312 963 1388 1019 dicta
1404 962 1479 1027 villa,
1502 978 1519 1016 a
1539 961 1684 1016 Willelmo
1702 959 1754 1015 Dei
1774 961 1858 1032 gratia

228 1051 315 1109 libras
334 1054 522 1120 Turonenses,
543 1069 594 1126 pro
617 1053 877 1127 recompensatione
897 1071 1027 1110 cavarum
1068 1054 1276 1127 archiepiscopo
1292 1049 1521 1122 Rothornagensi,
1546 1055 1575 1106 et
1594 1050 1640 1104 die
1655 1048 1786 1104 Mercurii
1799 1067 1857 1122 pro-

228 1143 421 1199 maneriorum
435 1142 503 1199 dicti
523 1142 688 1214 grenetarii,
703 1160 774 1217 quas
795 1143 887 1200 dietus
905 1160 1028 1200 mmera-
1067 1144 1144 1199 xima
1158 1143 1232 1216 apud
1247 1141 1373 1197 Parisios
1392 1138 1428 1194 ab
1447 1138 1638 1196 illustrissimo
1658 1153 1725 1209 rege
1745 1137 1858 1194 Francia

229 1229 289 1288 rius
304 1231 413 1288 solebat
429 1231 583 1305 percipere.
887 1259 893 1272 ·
1068 1232 1198 1305 Philippo
1212 1234 1350 1303 receptae.
1375 1227 1482 1284 Deinde
1506 1225 1654 1282 Dominica
1669 1226 1805 1298 sequenti,
1818 1243 1857 1282 se-

265 1321 421 1391 lncoeptum
440 1325 484 1376 est
501 1319 554 1376 hoc
570 1336 640 1392 opus
664 1335 738 1374 anno
753 1319 865 1374 Domini
880 1319 1028 1376 millesimo
1068 1321 1160 1376 cunda
1172 1316 1456 1386 adventus,videlicet
1470 1321 1526 1386 Μ
1538 1314 1660 1388 septimo
1675 1312 1742 1369 idus
1752 1313 1858 1368 Decem·

230 1409 422 1467 ducentesimo
445 1409 652 1481 septuagesimo
669 1408 777 1480 quinto,
792 1407 822 1463 in
835 1424 890 1480 quo
903 1410 1026 1481 primum
1069 1410 1135 1476 bris,
1151 1408 1225 1481 apud
1236 1405 1371 1462 Fraxinos
1391 1402 1602 1475 archiepiscopi,
1627 1402 1663 1458 ab
1683 1404 1780 1458 eodem
1793 1401 1858 1458 Wil-

229 1496 351 1569 lapidem
367 1495 927 1568 posuitPetrusabbasBeeci,secundum
940 1497 1026 1553 abbas
1067 1500 1155 1555 lermo
1176 1495 1384 1568 archiepiscopo
1399 1492 1619 1563 Rothornagensi
1644 1490 1812 1558 benedictus,
1834 1495 1858 1546 et

230 1585 339 1642 Sanctae
369 1584 528 1640 Catharinae
550 1600 637 1657 prope
664 1583 882 1658 Rothomagum,
912 1587 1025 1642 tertium
1067 1583 1339 1656 inRothomagodie
1353 1581 1478 1637 Lunain
1494 1581 1611 1636 ecclesia
1633 1579 1787 1634 cathedrali
1800 1579 1859 1634 lecit

228 1674 388 1729 willelmus
398 1673 484 1746 prior,
495 1678 524 1729 et
534 1673 693 1730 Almaricus
706 1674 742 1730 de
755 1675 887 1750 Mellento
895 1676 943 1748 qui
951 1676 1028 1747 prior
1067 1674 1268 1747 professionem
1295 1677 1468 1737 consuetam,
1492 1674 1521 1724 et
1543 1669 1589 1724 die
1616 1667 1750 1724 Mercurii
1775 1666 1858 1722 subse·

229 1761 327 1817 eodem
346 1778 422 1817 anno
436 1761 546 1816 decimo
564 1761 708 1818 Kalendas
727 1761 854 1818 Octobris
869 1763 947 1830 obiit,
960 1769 989 1820 et
1001 1749 1057 1817 eiB
1067 1764 1164 1838 quenti
1178 1762 1252 1835 apud
1266 1761 1385 1816 Beccum
1398 1776 1461 1814 curn
1481 1757 1661 1813 solemnitate
1675 1761 1800 1829 receptus
1812 1761 1857 1811 est

229 1847 514 1906 successitRobertus
535 1849 570 1905 de
593 1849 686 1906 Leone
708 1850 785 1922 prior
807 1852 842 1907 de
865 1852 983 1920 Scotris;
997 1852 1027 1908 in
1103 1853 1176 1907 Note
1190 1852 1382 1924 juramentum
1405 1847 1479 1921 quod
1500 1845 1567 1916 fecit
1584 1844 1673 1901 abbas
1690 1845 1816 1901 Ymerius
1833 1846 1858 1900 in

178 1933 181 1940 ’
230 1954 285 2010 quo
295 1955 380 2011 opere
391 1939 542 2010 pradictus
556 1938 642 1995 abbas
656 1939 781 2012 quandin
793 1941 861 1996 vixit
874 1941 1028 2012 diligentis·
1069 1940 1229 2013 receptione
1252 1955 1324 1994 sua:
1341 1961 1351 1984 ι
1370 1937 1427 2008 Ego
1442 1936 1530 1991 irater
1540 1935 1674 1990 Ymerius
1688 1935 1859 2007 permissione

210 2021 216 2028 ’
230 2028 301 2084 sime
314 2026 446 2084 intendit.
1068 2029 1162 2085 divina
1182 2027 1267 2083 abbas
1280 2025 1444 2082 monasterii
1458 2025 1551 2081 Beata
1566 2023 1661 2080 liarioe
1673 2023 1709 2079 de
1723 2023 1815 2092 Becco,
1829 2023 1859 2078 de

261 2114 1029 2189 Annomillesimoducentesimooctegesimosextoprae·
1068 2117 1153 2187 bona,
1167 2116 1326 2187 etantiqua
1347 2119 1376 2170 et
1395 2113 1551 2186 approbata
1567 2111 1771 2168 consuetudine
1783 2113 1859 2183 hujus

229 2205 321 2260 dictus
335 2203 421 2259 abbas
436 2204 538 2260 Petrus
552 2204 745 2260 transfretavit
764 2205 795 2260 in
817 2206 958 2276 Angliam,
979 2209 1028 2262 de·
1068 2205 1244 2273 monasterii,
1259 2205 1336 2277 J‘uro,
1352 2220 1401 2276 per
1414 2203 1505 2258 Deum
1521 2206 1549 2257 et
1563 2205 1678 2258 sanctos
1693 2201 1762 2272 ejus,
1777 2206 1804 2257 et
1816 2217 1859 2273 per

228 2293 326 2349 functo
338 2293 477 2348 Richards
498 2292 533 2348 de
555 2292 699 2348 Flamvilla
714 2299 896 2366 procuratore
910 2296 1030 2352 Olehon-
1069 2296 1122 2352 hoc
1139 2299 1348 2350 sacrosanctum
1368 2291 1559 2363 Evangelium,
1578 2290 1654 2363 quod
1676 2305 1727 2362 ego
1748 2295 1803 2345 mm
1816 2307 1859 2362 per

229 2382 293 2451 niae,
308 2381 404 2455 ibique
417 2381 564 2436 constituit
575 2381 692 2437 tratrem
707 2382 862 2438 liebertum
882 2384 918 2439 tle
936 2386 1029 2440 Leone
1069 2402 1114 2440 me
1140 2400 1223 2457 quarn
1248 2399 1299 2455 per
1320 2397 1456 2454 personas
1476 2379 1563 2451 hujus
1577 2377 1743 2435 monasterii
1756 2378 1859 2434 idoneas

229 2476 440 2546 procuratorem
455 2487 506 2542 pro
521 2487 564 2526 eo.
1069 2471 1273 2528 monasterium
1283 2468 1567 2538 Beccense,etomnia
1582 2469 1646 2539 eius
1661 2467 1859 2534 membraculo

264 2558 1028 2633 AnnoDominimillesimoducentesimoseptuagesimo
1069 2557 1856 2633 omnibuspertinentiiscuis,taminspiritualibusquam

231 2665 315 2715 nono,
324 2647 461 2704 dieLunae
474 2653 539 2721 post
547 2647 649 2703 festum
659 2647 750 2703 sancti
761 2648 878 2704 ioannis
885 2651 1027 2726 Baptistae,
1068 2648 1280 2722 temporalibus,
1297 2664 1329 2702 ac
1344 2645 1468 2702 omnium
1481 2644 1682 2718 praedictorum
1695 2645 1769 2717 jura,
1781 2643 1858 2716 Jun's-

230 2737 261 2794 in
274 2737 380 2794 Assisia
395 2735 660 2793 Pontis-Audomari
681 2737 755 2794 lacta
770 2737 824 2792 luit
838 2737 975 2794 discussio
994 2739 1030 2796 de
1070 2738 1214 2805 dictiones,
1234 2737 1389 2802 libertates,
1403 2736 1510 2801 charta,
1523 2734 1682 2807 privilegia,
1693 2731 1859 2790 consuetudi-

231 2826 360 2894 emeuda‚
377 2826 463 2898 [Gal.,
478 2825 610 2882 Amenda.
626 2826 810 2892 Menoeceus,
827 2827 985 2897 speculas,
1000 2829 1029 2885 in
1071 2844 1120 2884 nes
1130 2825 1368 2882 dictimonasterii
1380 2824 1511 2896 antiquas
1522 2827 1551 2879 et
1562 2823 1772 2896 approbatasad
1783 2824 1860 2876 hone

230 2915 498 2988 densaretmoneea
505 2915 595 2982 Becci,
606 2915 712 2970 darilla
722 2932 864 2987 quarnrex
874 2916 1031 2973 volebatle·
1071 2934 1130 2972 rem
1142 2917 1192 2972 Dei
1203 2920 1231 2972 et
1240 2916 1394 2971 utilitatem
1402 2913 1470 2970 dicti
1485 2914 1662 2981 monasterii,
1679 2913 1748 2968 bene
1764 2911 1860 2967 attide»

229 3021 305 3074 vare,
322 3003 403 3060 nobis
413 3003 619 3078 opponentibus
634 3020 685 3076 per
694 3009 805 3060 nostras
815 3005 928 3060 chartas
938 3023 954 3060 a
964 2984 1060 3079 regeC
1071 3007 1144 3074 liter,
1152 3007 1186 3061 de
1200 3009 1260 3060 toto
1271 3021 1353 3078 posse
1364 3021 1426 3058 meo
1439 3003 1594 3075 procurabo
1605 3008 1635 3057 et
1648 3002 1860 3069 servachusto

216 3093 339 3166 'Angliae
352 3109 508 3161 concessas,
532 3109 565 3148 ac
588 3109 605 3148 a
624 3092 682 3148 suis
705 3093 912 3150 successoribus
926 3096 1029 3150 conflr—
1072 3094 1147 3150 diam
1162 3098 1192 3150 et
1205 3093 1364 3150 delendam.
1381 3092 1427 3150 Sic
1441 3109 1487 3148 ma
1502 3092 1577 3148 Deus
1591 3092 1715 3164 adjuret.
1741 3113 1751 3140 ι
1769 3091 1802 3146 nt
1812 3089 1860 3143 for·

230 3188 332 3238 matas.
356 3181 463 3248 Quibus
485 3181 620 3255 inspectis
641 3185 670 3236 et
692 3182 722 3238 in
744 3183 928 3253 parlamentis
954 3185 1030 3255 regis
1069 3199 1145 3240 mam
1158 3183 1325 3256 receptionis
1342 3181 1466 3238 invenies
1478 3182 1508 3237 in
1524 3177 1859 3237 chartularioinFardcllo

229 3271 309 3328 lectis
323 3277 353 3327 et
366 3270 507 3339 indicatis,
522 3271 597 3326 dicta
611 3271 731 3326 emenda
745 3271 798 3327 huit
812 3270 893 3328 nobis
907 3272 1028 3341 reddita,
1071 3271 1181 3344 signato
1196 3287 1247 3344 per
1260 3289 1289 3344 y.

230 3367 259 3418 et
277 3377 373 3416 eoram
389 3359 504 3415 baillivo
521 3359 673 3432 multisque
688 3360 835 3429 militibus,
859 3361 964 3418 ibidem
984 3379 1030 3418 as-
1106 3361 1211 3416 Eodem
1228 3375 1301 3414 anno
1325 3358 1475 3432 pradictus
1491 3356 1578 3412 abbas
1595 3356 1728 3413 Ymerius
1740 3353 1860 3411 haume

231 3448 406 3516 sistentibus,
422 3449 575 3504 decimata.
1072 3449 1141 3506 tavit
1153 3449 1184 3504 in
1197 3449 1329 3520 Angliam
1338 3465 1389 3522 pro
1400 3447 1521 3520 negotiis
1533 3452 1561 3503 et
1573 3445 1660 3503 rebus
1680 3446 1802 3502 Ecclesia
1810 3459 1859 3499 sua

266 3539 341 3594 Nota
361 3538 437 3610 quod
460 3554 511 3611 pro
532 3535 798 3609 praesentationibus
819 3535 1029 3608 beneficiorum,
1071 3537 1264 3611 disponendis.

231 3627 307 3684 unde
321 3631 365 3682 est
384 3625 458 3699 quod
476 3626 587 3698 priores
605 3641 662 3680 non
687 3625 791 3681 halent
814 3633 985 3698 praesentare
1001 3629 1031 3685 in
1106 3629 1189 3682 Anno
1204 3625 1317 3682 Domini
1333 3623 1482 3679 millesime
1497 3622 1691 3679 ducentesimo
1705 3621 1859 3694 octogesimo

231 3714 448 3781 beneficiissuis,
463 3731 547 3770 causa
553 3719 595 3770 est
605 3719 637 3770 ut
646 3714 869 3787 quotiescunque
875 3719 1032 3790 superium
1073 3715 1174 3789 primo,
1188 3715 1331 3771 declarata
1350 3713 1405 3769 fuit
1427 3711 1543 3768 libertas
1572 3713 1676 3785 prioris
1688 3712 1722 3768 de
1735 3713 1821 3778 Proto,
1833 3709 1858 3764 in

232 3809 399 3878 patronatus
414 3804 554 3876 contingit
562 3804 667 3860 moveri
677 3805 803 3877 questio,
817 3806 979 3863 conclusum
990 3813 1032 3864 est
1072 3805 1154 3878 pleno
1162 3805 1285 3861 scacario
1295 3803 1408 3859 Paschae
1415 3799 1483 3875 (73),
1491 3817 1584 3857 coram
1596 3800 1739 3873 magistris
1747 3799 1859 3870 ejusdam

233 3899 267 3951 ut
279 3894 344 3949 talis
357 3894 473 3967 quaetio
487 3893 607 3948 ducatur
626 3892 784 3964 sumptibus
799 3894 972 3962 monasterii,
993 3899 1030 3960 et,
1073 3893 1199 3957 scacarii,
1208 3893 1282 3966 apud
1297 3892 1523 3962 Rothomagum3
1539 3889 1574 3944 de
1591 3889 1715 3962 quodam
1730 3904 1805 3961 equo,
1817 3886 1858 3958 qui

232 3989 348 4058 propter
360 3982 463 4038 nimios
482 3987 611 4055 sumptus
626 3985 654 4036 et
673 3987 780 4040 metum
801 3997 972 4050 muscarum,
989 3999 1034 4038 vo-
1072 3981 1370 4054 occideratquamdam
1380 3979 1527 4036 mulierem
1537 3978 1565 4033 in
1576 3978 1749 4034 nundinisde
1759 3977 1859 4032 Ermen-

232 4071 338 4128 luerint
350 4088 449 4127 omnes
461 4071 569 4145 priores
585 4071 748 4127 monasterii
763 4071 840 4142 quod
854 4072 1032 4143 presentatio
1072 4073 1178 4136 truilla,
1197 4076 1226 4126 et
1245 4069 1422 4142 adjudicatus
1442 4067 1497 4124 luit
1517 4067 1607 4122 dictus
1627 4083 1717 4140 equus
1736 4064 1817 4138 priori
1829 4063 1859 4117 de

232 4164 372 4234 spectaret
394 4160 429 4216 ad
457 4160 598 4226 abbatem,
623 4159 671 4231 qui
696 4159 803 4216 subiret
830 4177 917 4216 onera
940 4161 1033 4217 litium
1073 4163 1168 4229 Prato,
1180 4177 1231 4233 per
1246 4159 1397 4232 magistros
1410 4158 1440 4214 in
1453 4157 1527 4213 dicto
1541 4157 1666 4213 scacario
1682 4155 1856 4229 presidentes,

232 4250 438 4323 emergentium
451 4250 525 4305 circa
536 4251 584 4321 jus
598 4252 774 4322 patronatus,
799 4257 914 4322 excepto
936 4256 1033 4307 tamen
1074 4256 1103 4306 et
1116 4250 1262 4322 superhoc
1273 4249 1401 4304 coniecta
1411 4248 1466 4303 suit
1475 4246 1569 4302 littera
1582 4244 1713 4302 baillivia
1724 4243 1857 4300 Rothcma·

232 4337 326 4410 priore
339 4338 374 4393 de
389 4337 508 4395 cancico
523 4337 571 4408 qui
584 4352 642 4393 non
656 4337 826 4409 comparuit.
1042 4339 1177 4413 Dgensie.

268 4427 349 4481 Anno
363 4422 513 4481 Dominicae
527 4425 733 4482 incarnationis
754 4425 903 4484 millesimo
924 4427 1029 4482 ducen-
1112 4430 1193 4483 huno
1208 4426 1319 4483 Domini
1338 4425 1488 4482 millesimo
1502 4425 1696 4481 ducentesimo
1705 4419 1858 4494 octogesimo

233 4515 336 4573 tesimo
350 4514 520 4586 octogesimo
542 4513 644 4586 primo,
669 4514 715 4570 die
737 4515 884 4572 Dominica
902 4516 974 4572 circa
989 4533 1032 4572 ve·
1075 4517 1207 4584 secundo,
1217 4517 1326 4572 decimo
1337 4515 1478 4571 Kalendas
1488 4513 1660 4581 Maii,abbas
1675 4511 1799 4568 Ymerius
1812 4507 1859 4562 dis·

234 4619 340 4677 speras,
356 4602 387 4658 in
398 4603 444 4658 die
457 4604 583 4658 omnium
597 4603 723 4658 fidelium
738 4603 945 4674 defunctorum,
964 4605 1034 4661 obiit
1074 4606 1172 4679 positis
1186 4605 1271 4661 rebus
1293 4604 1351 4661 suis
1370 4603 1400 4658 iu
1422 4603 1534 4676 Anglia,
1555 4603 1590 4660 ab
1608 4620 1643 4659 ea
1660 4600 1778 4666 recessit,
1791 4601 1816 4652 et
1828 4593 1858 4649 ad

234 4689 402 4748 venerabilis
423 4691 566 4748 memoriae
585 4692 716 4748 dominus
740 4693 842 4749 Petrus
859 4694 894 4749 dc
915 4694 1031 4762 Caniba,
1074 4701 1168 4768 partes
1181 4694 1306 4750 Francia
1317 4693 1520 4754 transhetavit,
1532 4677 1716 4766 receptusque
1729 4689 1781 4746 luit
1793 4682 1858 4758 apud

235 4780 322 4837 abbas
336 4781 417 4836 Becci
431 4781 555 4836 decimus
569 4781 716 4854 septimus,
724 4783 861 4838 oriundus
872 4800 959 4856 prope
969 4785 1036 4839 Bec-
1076 4783 1194 4840 Deccum
1217 4783 1253 4839 ab
1276 4783 1353 4839 omni
1367 4789 1506 4839 conventu
1528 4799 1590 4849 suo,
1614 4789 1711 4838 octavo
1732 4773 1857 4835 Kalendas

235 4886 317 4940 cum;
346 4869 559 4943 coenobiumque
582 4871 721 4926 Beccense
749 4871 821 4926 rexit
839 4873 1033 4928 strenuissime
1078 4873 1205 4945 ejusdem
1217 4871 1331 4928 mensis.

236 4975 336 5018 novem
352 4960 444 5027 annis,
461 4965 548 5015 atses
563 4957 672 5026 diebus,
688 4959 833 5032 Nonisque
855 4960 1029 5028 Novembris,
1109 4961 1215 5017 Eodem
1230 4977 1304 5016 anno
1320 4961 1437 5034 questio
1451 4962 1525 5016 facta
1534 4965 1578 5016 est
1587 4961 1662 5032 apud
1675 4960 1788 5015 Beccum
1802 4954 1857 5026 post

234 5049 363 5106 videlicet
376 5048 422 5104 die
436 5049 531 5114 Luna,
547 5048 668 5104 maditus
683 5049 737 5103 luit
750 5049 902 5122 sepulturae
916 5049 945 5104 in
960 5049 1034 5122 capi·
1073 5055 1185 5106 tantum
1199 5051 1370 5122 incendium,
1393 5057 1421 5106 et
1436 5052 1556 5119 ruinam,
1573 5051 1622 5106 ubi
1636 5066 1734 5123 corpus
1747 5046 1794 5119 pia
1807 5057 1856 5097 me

234 5139 294 5197 tulo
308 5139 388 5195 Becci
408 5137 482 5193 circa
500 5136 585 5209 pedes
605 5137 760 5209 sepultura
780 5137 887 5193 domiui
905 5139 1033 5194 llerluini
1074 5140 1170 5196 moria
1194 5139 1315 5195 dominae
1339 5140 1483 5196 Mathildis
1511 5137 1697 5212 imperatricis
1707 5135 1818 5209 jacebat,
1831 5133 1855 5184 et

234 5227 344 5284 abbatis
356 5226 449 5299 primi,
463 5225 649 5299 presentibus
671 5225 800 5299 episcopo
821 5225 987 5282 Abrinceusi
1005 5233 1033 5284 at
1074 5229 1218 5285 inventum
1233 5229 1288 5284 fuit
1301 5234 1367 5284 ante
1378 5229 1472 5285 sedem
1488 5229 1603 5303 majoris
1617 5227 1722 5294 altaris,
1736 5219 1854 5280 interclu-

234 5316 336 5373 abbate
346 5315 468 5372 Bernaii.
480 5315 516 5370 iit
522 5315 645 5388 petitaet
652 5314 767 5372 obtenta
776 5315 889 5372 licentia
898 5316 1030 5387 eligendi,
1073 5334 1135 5373 sum
1149 5318 1178 5373 in
1194 5317 1315 5390 quodam
1330 5317 1405 5373 corio
1421 5317 1533 5374 bovino.

233 5405 432 5478 assignataque
439 5404 485 5461 die
492 5405 622 5460 Mercurii
632 5404 662 5460 in
672 5404 794 5460 crastino
814 5409 917 5461 sauctae
927 5407 1031 5462 Catha·
1107 5408 1189 5463 Auno
1203 5407 1314 5462 Domini
1331 5407 1480 5463 millesimo
1497 5407 1686 5464 ducentesimo
1699 5398 1853 5474 octogesimo

183 5549 189 5558 ,
234 5495 303 5552 rinae
324 5493 450 5567 virginis,
466 5494 523 5550 uoti
542 5494 645 5551 haum
666 5493 817 5550 concordes
841 5498 871 5549 et
884 5495 1030 5552 unanimes
1072 5497 1180 5569 quinto,
1196 5497 1227 5554 in
1241 5496 1363 5554 crastino
1392 5498 1525 5555 Omnium
1550 5499 1723 5564 Sanctorum,
1745 5493 1853 5566 quatuor

270 5582 326 5657 (73)
336 5583 481 5644 &anum
492 5582 611 5658 maium,
624 5583 667 5643 vel
680 5581 805 5642 tribunal
819 5583 922 5642 hande.
