3934 6174
256 309 311 380 m
726 302 757 370 Β,
778 300 987 372 bbbissthCl
1007 297 1188 370 crurum.
1208 298 1378 370 tuemur·
1818 307 1863 376 uu

258 432 389 500 venisset,
405 427 522 486 sollicite
536 441 582 481 me
594 423 720 498 quaesiuit
734 432 764 481 et
777 425 892 480 invenit.
905 424 960 478 Dct
971 421 1010 477 illi
1026 422 1162 476 Dominus
1179 423 1258 475 Peter
1273 421 1398 475 invenire
1415 421 1640 476 misericordiam
1654 423 1788 481 aDomino
1800 433 1866 498 opud

260 525 411 584 Uiriatum,
430 521 497 589 quio
519 531 598 571 omne
615 517 758 584 judicium
781 517 854 568 dedit
874 516 955 568 Pater
971 513 1049 574 Filio,
1059 510 1106 568 13.
1122 511 1151 564 in
1165 511 1215 564 illa
1229 510 1283 564 die.
1300 510 1337 564 Et
1352 517 1456 582 quanta
1472 511 1574 582 Ephesi
1586 511 1746 568 ministravit
1757 517 1828 583 milri,
1840 524 1869 572 tu

260 613 361 668 meiius
373 609 457 690 posti,
475 623 560 678 rtrum
570 608 633 673 etii,
650 611 680 662 tu
696 607 926 674 rrrr'rrrinterrras,

996 686 1112 745 ulem
1126 683 1166 745 11.

294 790 337 844 Tu
352 805 428 860 ergo,
443 787 483 842 iili
498 786 548 852 mi,
560 787 627 854 quia
641 787 686 840 ilii
696 785 887 842 discernerent.
904 779 1061 842 confortare
1072 780 1099 832 in
1113 777 1205 850 gretie
1226 794 1287 848 quse
1298 778 1378 838 estin
1395 777 1588 846 Christolesu,
1602 783 1687 848 inrue
1698 782 1870 837 Olrrisu'trrn:

260 880 286 934 l.
303 883 332 934 et
347 895 408 950 quae
419 875 524 930 audisti
540 891 556 928 s
571 889 616 927 me
628 869 655 929 2.
673 889 722 942 per
736 869 840 925 multos
850 874 946 930 testes,
956 869 1136 937 presentibus
1153 870 1248 920 irruitis
1264 865 1451 925 tertibosbaec
1462 869 1627 923 commende
1638 871 1872 926 fidelibushomini·

259 967 324 1037 bus,
337 967 385 1040 qui
395 965 488 1021 idonei
503 969 586 1018 erunt
598 966 628 1016 et
639 960 709 1015 alios
721 960 830 1014 docere.
848 957 959 1016 Labore
974 957 1047 1014 sicut
1061 955 1150 1014 hunus
1165 955 1246 1014 miles
1261 956 1364 1010 Christi
1379 957 1525 1022 leemites
1540 960 1691 1027 impliciter
1704 963 1872 1014 secularibus.

258 1059 348 1114 Nemo
362 1057 487 1112 militans
501 1053 559 1107 Deo
573 1050 710 1122 implicet,
723 1051 797 1102 debet
813 1050 968 1116 irnptr'core,
982 1063 1012 1100 se
1027 1045 1147 1116 negotiis
1163 1043 1353 1107 soecularibus,
1369 1051 1400 1100 ut
1413 1045 1449 1110 ei,
1463 1048 1515 1100 Deo
1527 1047 1645 1118 placeat.
1661 1048 1743 1118 quise
1752 1049 1873 1119 probarit.

152 1159 155 1164 '
258 1149 431 1218 placiturum
445 1145 534 1210 clepit.
551 1139 577 1194 a.
593 1141 664 1193 Naro
687 1143 715 1191 et
733 1136 780 1208 qui
797 1139 888 1190 certat
906 1135 935 1190 in
948 1149 1051 1204 egone,
1067 1149 1123 1188 non
1137 1133 1326 1199 coronabitur,
1341 1136 1395 1188 nisi
1410 1134 1535 1205 legitime
1550 1137 1705 1190 certaverit.
1721 1137 1746 1202 l,
1762 1135 1787 1192 5.
1801 1135 1877 1191 lubo-

257 1239 369 1290 rnntem
383 1231 535 1302 agricolam
549 1231 662 1299 oportet
674 1225 795 1296 primunr
808 1225 844 1278 de
857 1222 994 1277 fructibus
1008 1223 1160 1294 percipere.
1178 1225 1263 1291 oaesi
1278 1226 1459 1292 irretopirorire
1473 1228 1578 1294 loquor,
1594 1225 1722 1296 intellige
1731 1241 1789 1296 que
1803 1227 1872 1281 dico:

258 1323 337 1379 dabit
353 1321 429 1376 enim
443 1325 468 1374 et
481 1320 564 1386 faciet
578 1316 630 1369 tibi
640 1314 776 1369 Dominus
789 1313 817 1367 in
831 1310 960 1372 omnibus
974 1311 1158 1374 intellectum.
1174 1312 1283 1368 Memor
1297 1319 1356 1366 esto
1369 1313 1521 1367 Dominum
1531 1315 1627 1369 Jesum
1643 1314 1782 1370 Christum
1794 1331 1877 1369 resur·

257 1412 362 1482 rexisse
378 1407 530 1474 emortuis,
547 1411 646 1470 octrcm
662 1421 694 1460 ex
708 1403 815 1472 semiue
825 1401 922 1466 David,
938 1401 1091 1467 secundum
1104 1401 1284 1474 Evangeliurn
1295 1418 1401 1472 meum,
1411 1401 1440 1456 in
1452 1419 1507 1474 quo
1516 1401 1613 1462 laboro
1620 1404 1792 1474 predicando
1801 1421 1878 1474 usque

256 1503 293 1571 sd
308 1501 484 1569 rineulmquo
497 1511 581 1564 usque
590 1493 793 1564 marianarum
803 1493 876 1556 male
885 1507 1005 1562 operans
1021 1509 1027 1543 ι
1042 1491 1097 1558 Deo
1106 1491 1217 1560 quictem
1233 1491 1368 1558 ceonred
1382 1491 1499 1546 verbum
1509 1491 1597 1548 Delli.
1609 1509 1666 1558 non
1680 1497 1723 1548 est
1736 1493 1877 1564 alligatum.

256 1589 335 1662 Ideo,
353 1595 383 1644 ut
398 1587 579 1654 Ducnpclium
591 1584 747 1654 predicere,
764 1580 859 1641 omniu
871 1579 995 1637 sustineo
1011 1585 1126 1650 propter
1140 1579 1242 1632 clectos
1253 1580 1485 1649 aolucmlosmiet
1497 1579 1550 1650 ipsi
1565 1579 1696 1648 salutern,
1707 1584 1879 1647 reprimerem

252 1675 775 1754 peecatorrmcousequunlur,qumcst
789 1670 816 1734 iu
832 1669 944 1734 Christo
955 1670 1097 1734 Jcsu‚cum
1108 1666 1199 1738 gloria
1213 1667 1328 1730 coelesti.
1345 1671 1504 1730 salutemet
1516 1671 1637 1738 plocium
1650 1669 1880 1736 futurumiidelis

254 1784 359 1842 parma,
375 1781 456 1840 quem
473 1765 542 1824 diei,
559 1766 584 1815 ei
595 1763 724 1820 dicturus
740 1777 813 1822 uum,
828 1764 859 1823 ‚ut
869 1761 985 1812 salutem
1003 1762 1221 1828 consequentum
1238 1758 1310 1824 quod
1326 1761 1350 1810 et
1362 1758 1486 1823 turcicum
1503 1773 1568 1821 uam
1582 1757 1605 1811 si
1619 1757 1784 1818 commortui
1795 1775 1881 1812 sumus

254 1860 373 1921 Christo.
387 1859 416 1909 et
428 1852 617 1922 convivemus,
630 1849 654 1903 si
669 1846 958 1912 sustinebirnus‚sicrt
972 1847 1028 1918 illc,
1042 1851 1070 1899 et
1080 1842 1314 1913 conregnabimus
1326 1862 1332 1908 ς
1347 1843 1372 1898 si
1381 1845 1586 1914 negaverimus,
1597 1849 1627 1900 et
1641 1845 1689 1902 ille
1703 1843 1879 1916 negabituos3

254 1949 280 2018 ri
294 1963 351 2012 buu
368 1943 520 2006 eredimus,
533 1941 563 1996 7.
584 1938 631 1993 ille
644 1937 1064 2008 fidelis,perempermanetrqoi
1077 1935 1219 1988 erubuerit
1234 1949 1276 1986 me
1290 1948 1384 1986 corum
1396 1934 1592 2006 boruim'bur,et
1606 1949 1654 2004 epo
1666 1951 1730 1990 cum
1739 1935 1883 1991 erubescam

253 2051 350 2104 peram
375 2035 456 2098 Petro
478 2028 549 2100 meo)
562 2044 666 2100 negare
682 2043 713 2080 se
726 2026 819 2098 ipsum
831 2041 887 2089 non
903 2027 1003 2096 potest.
1020 2024 1085 2082 lise
1097 2038 1255 2085 commone,
1276 2021 1430 2090 testificans
1445 2038 1539 2092 eorum
1554 2022 1687 2084 Domino.
1701 2027 1791 2078 testem
1802 2024 1878 2076 Deum

253 2126 398 2196 publicem.
414 2119 478 2178 Noli
492 2117 661 2175 contendere
676 2115 766 2180 verbis
779 2133 786 2182 ;
797 2115 832 2172 ad
848 2115 917 2183 nibil
937 2113 1012 2182 enirn
1028 2109 1474 2182 utileest,nisiorlsubrersionem
1486 2111 1735 2181 audientiummr'si
1750 2113 1884 2174 contende:

254 2219 287 2282 ‚ut
301 2215 451 2278 convertes,
468 2209 541 2276 mitrii
556 2209 626 2273 utile
638 2211 684 2260 et.
697 2204 820 2268 Sollicite
831 2211 925 2260 autmn
941 2219 1009 2268 cura
1023 2202 1142 2274 teipsum
1151 2199 1322 2270 probabilem
1338 2199 1469 2266 exhibere
1481 2200 1550 2266 Deo,
1567 2201 1731 2274 operarium
1744 2199 1885 2254 mcontusi-

254 2301 349 2370 bilem,
363 2315 420 2368 pon
435 2299 632 2368 erubescentem
641 2295 800 2364 predicare,
814 2298 888 2349 recte
903 2297 1072 2352 tractantem
1087 2289 1203 2344 uerbum
1216 2288 1350 2344 ueritatis.
1367 2289 1487 2346 Proianu
1498 2292 1696 2356 aubemucrbo,
1705 2288 1887 2360 etroniloquia

252 2391 361 2460 ἀφήῃ
387 2387 508 2458 multum
534 2384 608 2442 enim
632 2382 783 2456 proliciunt
808 2382 843 2446 ad
866 2380 1040 2453 impietatem
1055 2397 1062 2446 ς
1079 2383 1107 2434 ct
1127 2394 1220 2442 serruu
1242 2394 1340 2443 eorum
1364 2382 1396 2433 ut
1418 2375 1444 2434 8.
1468 2395 1567 2446 cancer
1588 2381 1727 2448 trnorbus)
1746 2376 1843 2448 serpit;
1857 2392 1886 2428 es

252 2480 355 2553 qubns
380 2482 425 2544 est
451 2477 629 2547 Hymenaeus,
655 2477 683 2530 et
705 2472 839 2539 Philetus,
860 2471 908 2541 ,qui
929 2487 946 2524 a
970 2468 1087 2536 ueritate
1112 2467 1284 2531 exciderunt,
1302 2470 1355 2534 (uel
1379 2471 1447 2542 quie
1466 2470 1575 2522 nullius
1594 2468 1777 2532 crediderunt
1799 2479 1884 2520 resur-

252 2571 412 2638 rectiorrem,
430 2566 486 2620 uiri
502 2563 613 2630 Cicereii,
629 2563 670 2618 rel
681 2563 738 2622 etsi
750 2562 895 2624 sacertotem
906 2561 937 2615 in
952 2557 1093 2626 baptismo)
1107 2555 1232 2610 dicentes
1243 2555 1270 2610 9.
1287 2555 1521 2628 resurrectionem
1532 2573 1592 2610 esse
1606 2557 1670 2627 jam
1692 2557 1885 2630 lgm-192

251 2659 365 2728 lacerer,
382 2655 489 2722 cbristo
504 2654 660 2720 recurrente
675 2665 740 2702 cum
756 2647 931 2718 quibusdam,
951 2648 990 2698 rol
1002 2648 1033 2698 iu
1045 2645 1188 2712 baptismo,
1203 2649 1232 2698 et
1246 2644 1444 2715 subverterunt
1455 2645 1645 2718 quorumdem
1660 2645 1758 2714 tidem
1775 2643 1828 2698 Sed
1838 2642 1889 2711 iqui

252 2747 386 2814 ternplum
400 2742 450 2796 Dei
461 2743 537 2806 sunt)
551 2736 595 2807 lb,
612 2735 654 2794 il.
671 2736 784 2802 firmum
795 2733 1008 2800 fundamentum
1022 2732 1073 2788 Dei
1085 2732 1280 2804 stat‚(eerecer
1290 2735 1417 2800 firrnruut
1430 2733 1535 2792 habens
1546 2734 1729 2806 signaculum
1740 2733 1890 2799 noemma·-

251 2838 377 2898 mentum
391 2830 438 2886 buc
452 2829 525 2900 quod
539 2843 557 2880 u
570 2828 623 2882 Deo
637 2830 839 2897 reprimerentur
850 2824 998 2880 serrendo-m
1008 2822 1278 2890 prcdcrtr'rmtr'oucm
1289 2823 1631 2899 ;cognouitDominusqui
1647 2829 1717 2890 suut
1727 2821 1890 2894 ejus3eticleo

249 2925 325 2994 ptem
343 2923 381 2990 pt,
395 2917 522 2990 discedet
533 2914 568 2970 ab
581 2913 732 2988 iniquitate
746 2913 838 2980 ompis
850 2911 899 2986 qui
912 2911 1024 2967 inuocat
1034 2926 1136 2970 nomen
1152 2911 1274 2969 Domini.
1291 2911 1335 2972 12.
1351 2913 1384 2980 In
1398 2928 1501 2984 magne
1515 2919 1610 2976 cutem
1622 2913 1722 2982 domo,
1737 2928 1795 2981 pon
1808 2910 1892 2978 solum

923 3016 1222 3076 COMMENTARIUS.

286 3130 329 3190 tr.
347 3133 442 3186 lectito
455 3131 509 3186 die.
524 3129 611 3195 Quasi
622 3127 729 3182 eliceret
743 3137 750 3174 τ
766 3126 801 3180 de
816 3141 872 3196 quo
887 3139 999 3195 semper
1013 3124 1080 3184 iri-A
1092 3139 1168 3192 suos,
1185 3141 1316 3197 magnam
1339 3125 1368 3182 in
1383 3125 1478 3181 orbem
1499 3133 1645 3183 terrarum
1660 3129 1791 3183 suturam
1807 3124 1894 3180 Eccle-

249 3233 323 3291 ξῦον
336 3223 439 3276 emm.
1092 3215 1174 3280 siam,
1187 3221 1216 3269 et
1228 3216 1364 3286 populum
1375 3217 1560 3286 grandemin
1573 3233 1632 3288 quo
1641 3216 1807 3271 laudandus
1817 3217 1894 3268 esset.

285 3308 365 3364 GAD.
381 3307 418 3362 il.
434 3337 463 3348 -
480 3307 507 3361 l.
524 3307 650 3362 Aeaeos.
666 3307 730 3373 Quor
752 3303 858 3357 credisti
880 3317 899 3356 a
918 3319 971 3356 rue.
983 3303 1050 3368 Qum
1092 3303 1121 3359 Si
1135 3321 1213 3375 ergo,
1230 3303 1332 3375 inquit,
1351 3321 1402 3359 nos
1418 3322 1473 3359 non
1493 3305 1658 3376 credinrus3
1675 3308 1725 3360 illc
1744 3311 1840 3361 tamon
1859 3317 1898 3354 re·

248 3393 354 3451 sedisti
376 3411 393 3449 a
416 3409 471 3460 me,
494 3393 657 3465 frequenter
675 3394 745 3448 slios
760 3392 879 3446 docere:
904 3391 957 3445 hoc
971 3391 1048 3458 dicit,
1091 3408 1139 3446 rex
1150 3399 1204 3462 est,
1220 3392 1355 3464 seipsum,
1370 3393 1399 3448 id
1413 3400 1465 3457 est,
1478 3393 1562 3448 verba
1577 3411 1631 3449 sua
1645 3411 1664 3449 a
1681 3411 1713 3450 se
1728 3395 1839 3467 prolate
1852 3407 1899 3447 ne·

248 3501 299 3556 per
308 3487 501 3544 moltoetcstes.
1091 3497 1158 3552 gare
1171 3497 1227 3536 non
1242 3488 1342 3553 potest,
1354 3482 1520 3538 inventurus
1530 3483 1601 3538 ulios
1616 3501 1755 3569 perquos
1765 3492 1794 3539 et
1807 3485 1836 3538 in
1847 3482 1901 3554 qui·

285 3573 314 3628 Q.
339 3573 529 3627 Lussnnrmus.
546 3573 596 3626 Per
609 3572 711 3624 multoe
725 3573 811 3628 tester.
827 3569 883 3623 Per
896 3569 1008 3635 mullos,
1021 3568 1051 3623 id
1091 3570 1144 3625 bus
1157 3572 1296 3626 laudetur.

251 3659 395 3728 eumer
407 3661 520 3715 multos.
539 3660 577 3714 Ut
595 3659 749 3730 Virgilius:
770 3658 1050 3728 Viasectaperem·
1127 3658 1154 3717 8.
1182 3661 1293 3716 Cancer.
1324 3660 1436 3715 Morbus
1458 3661 1495 3716 ad
1517 3661 1743 3720 similitudinem
1766 3660 1901 3724 animalis,

250 3750 313 3816 bes,
323 3749 353 3806 id
367 3754 420 3816 est,
437 3750 511 3804 inter
525 3747 629 3808 ambas·
646 3748 696 3802 bel
710 3748 749 3801 its
766 3761 843 3818 :queo
855 3747 958 3805 audisti
974 3763 1051 3802 arne
1092 3749 1159 3821 quia
1173 3749 1247 3804 sicut
1260 3750 1384 3822 undique
1400 3751 1445 3804 lrie
1459 3751 1543 3806 hebet
1553 3753 1654 3823 pedes,
1664 3753 1709 3808 ita
1722 3753 1770 3808 hic
1784 3751 1903 3821 undique

248 3838 446 3911 cuntpro'bate
464 3854 516 3909 per
534 3838 639 3892 multos
655 3842 750 3903 testes,
762 3837 790 3890 id
806 3836 959 3906 permulta
970 3837 1051 3892 testi-
1092 3844 1218 3910 occupat.

248 3929 349 3983 monle
364 3927 582 3998 Scripturarum.
1128 3925 1155 3984 9.
1173 3929 1416 3984 Resurrectionem.
1432 3930 1548 4002 Veique
1563 3934 1702 4004 tempore
1717 3932 1905 3987 Dominusre·

289 4018 315 4072 3.
332 4019 434 4073 Laura.
449 4016 580 4084 Numqui
590 4018 676 4069 certat
685 4017 716 4068 r'n
727 4030 823 4082 arone.
837 4014 920 4068 Certa
928 4013 1054 4083 legitime
1093 4017 1225 4084 surrexit,
1241 4023 1271 4071 et
1283 4033 1345 4072 enm
1359 4034 1392 4072 co
1411 4019 1501 4073 multa
1513 4036 1636 4091 corpora
1651 4028 1849 4088 mortuorum,
1867 4018 1907 4073 rel

253 4114 286 4174 ut
298 4106 448 4173 coroneris,
468 4103 639 4168 econtrario
660 4121 666 4156 :
688 4103 771 4158 aliter
793 4119 849 4160 non
863 4103 1052 4169 coronaberis
1094 4106 1124 4162 in
1138 4105 1288 4180 baptismo,
1311 4107 1339 4162 in
1366 4124 1421 4178 quo
1442 4109 1599 4164 secundum
1615 4113 1782 4184 quemdam
1795 4110 1908 4175 modum

253 4213 271 4252 a
285 4196 387 4252 simili:
409 4197 480 4251 Nem
495 4197 544 4264 qui
553 4198 637 4248 certet
653 4195 785 4260 irrepere,
804 4197 856 4248 etc,
1095 4195 1223 4252 homines
1238 4195 1408 4269 moriuntur,
1420 4203 1448 4252 ct
1461 4206 1633 4272 resurgunt.

289 4286 316 4340 4.
332 4288 457 4350 Auunos.
473 4285 664 4338 laborantem.
683 4281 753 4346 Quin
770 4282 899 4335 hortatus
914 4286 957 4336 est
978 4285 1010 4338 ut-
1025 4279 1054 4334 in
1133 4285 1174 4338 lb.
1189 4285 1312 4340 Asianos.
1329 4286 1456 4339 Firmum
1471 4268 1705 4352 firmamenium.
1722 4291 1784 4348 Ista
1796 4291 1834 4364 erl
1848 4305 1911 4343 con-

253 4373 302 4429 llla
316 4373 531 4428 sollicitudinem
543 4369 577 4426 de
591 4369 772 4426 saecularibus
787 4369 1054 4432 lrabeotmecessitas
1095 4372 1261 4430 solutionem
1269 4374 1330 4452 ejus
1339 4373 1555 4433 rideturdixisso
1566 4377 1744 4457 Apostolus,
1758 4377 1912 4454 nequando

255 4463 365 4533 llagitat
377 4462 502 4516 humana
515 4461 551 4516 de
565 4460 620 4515 illis
628 4459 753 4534 perquiri
766 4476 827 4532 quae
841 4475 909 4530 erge
923 4475 1014 4513 escam
1028 4453 1086 4522 etB
1095 4462 1143 4518 det
1153 4462 1209 4518 illis
1227 4463 1311 4530 Deus,
1333 4462 1361 4520 id
1382 4467 1435 4540 est,
1451 4468 1483 4517 ut
1499 4464 1653 4532 ueritatem
1669 4470 1842 4546 prospicere
1856 4485 1914 4540 pos·

254 4551 420 4606 indumenta
434 4557 510 4605 sunt.
1095 4551 1160 4622 sint.

292 4641 317 4695 5.
334 4642 525 4696 Laborantem.
539 4637 704 4694 Timotheus
717 4637 771 4692 iste
787 4638 913 4708 exemplo
929 4637 1054 4709 Apostoli
1133 4639 1162 4695 ll
1180 4640 1282 4710 Leues.
1299 4643 1426 4698 Firumm
1438 4644 1672 4716 firmurmntum.
1690 4647 1843 4722 Quidquid
1856 4663 1917 4718 gar·

253 4727 497 4788 laboremsnuum
513 4743 628 4782 suarum
638 4725 855 4791 volebatuvere,
866 4727 938 4781 etab
947 4727 1056 4782 audito·
1095 4728 1318 4799 rbmtbueretici,
1333 4729 1548 4791 fundamentum
1572 4733 1637 4803 Dei,
1655 4735 1688 4808 id
1708 4717 1760 4810 'esp
1779 4739 1876 4806 homo,
1890 4736 1918 4790 in

253 4815 343 4884 ribus,
367 4815 469 4888 quibus
487 4815 603 4874 verbum
630 4815 679 4870 Dei
707 4815 884 4886 praedicabat,
899 4815 969 4873 nibil
983 4815 1057 4870 acci-
1098 4834 1153 4894 quo
1167 4817 1237 4882 tides
1245 4819 1294 4874 Dei
1308 4820 1438 4888 firmatur
1451 4826 1480 4876 et
1487 4821 1604 4896 fundpta
1619 4825 1791 4898 eserenon
1805 4827 1919 4894 ¹titubat,

256 4905 421 4978 per-*eunde
437 4904 584 4976 penuriam
605 4904 725 4959 multem
745 4903 915 4975 petiebatur,
932 4905 1057 4976 quieiu-
1097 4922 1154 4961 non
1168 4905 1289 4968 vacillat.
1305 4906 1411 4962 habens
1432 4908 1485 4963 hoc
1499 4909 1701 4988 signaculum,
1730 4915 1834 4986 idest,
1852 4916 1922 4970 banc

254 4996 355 5050 §renue
370 4999 441 5060 eret,
457 4991 589 5048 ellebori
603 5009 739 5048 manuum
756 5009 853 5047 semare
863 5009 919 5047 non
934 4999 1054 5065 poterat.
1098 4995 1426 5074 mentisuaeimpressem
1437 4985 1920 5078 memoriam,CoqreouitDourr'rrus.

255 5083 396 5138 Admonet
409 5097 477 5153 ergo
491 5097 555 5136 eum
577 5080 629 5136 sub
642 5081 735 5152 specie
749 5081 880 5150 agricolae
894 5086 927 5135 ut
939 5081 975 5136 de
987 5097 1056 5152 agro
1097 5089 1150 5139 ete.
1168 5085 1221 5156 ¹Per
1234 5085 1287 5152 boc
1308 5087 1382 5140 enim
1397 5092 1427 5153 et
1445 5087 1565 5159 peresos
1581 5093 1612 5160 et
1628 5093 1740 5150 omnia
1755 5095 1847 5158 saluti
1858 5110 1925 5150 con-

255 5189 340 5245 quem
355 5169 568 5239 colitfructum,·
579 5171 654 5226 unde
668 5173 809 5225 sustentet
826 5187 866 5237 se,
880 5186 938 5225 non
959 5185 1056 5242 asper·
1096 5173 1185 5230 traria
1199 5173 1305 5229 devitat
1316 5195 1324 5237 t
1336 5175 1403 5250 quio
1425 5176 1478 5240 scit
1500 5175 1601 5234 debere
1619 5178 1784 5252 discedere
1798 5185 1835 5240 ab
1850 5183 1925 5254 omni

251 5267 340 5327 ¹cretur
353 5260 506 5332 percipere.
529 5265 537 5280 ’
1097 5259 1247 5330 iniquitute
1262 5262 1352 5319 omnis
1364 5263 1411 5334 qui
1425 5261 1535 5332 inroret
1547 5281 1661 5334 nomen
1677 5270 1817 5338 Domini.

290 5347 317 5406 6.
332 5351 397 5414 rien
409 5355 449 5412 est
461 5351 623 5417 atticorum.
648 5348 734 5412 Quasi
747 5349 872 5410 diceret:
887 5365 935 5408 me
955 5347 1053 5419 ligent,
1135 5349 1177 5407 1⁴2.
1194 5352 1227 5406 ln
1249 5367 1351 5420 rucene
1372 5357 1475 5408 uetere.
1493 5352 1535 5410 Ne
1549 5353 1626 5420 sorte
1641 5341 1816 5436 miramur
1831 5363 1928 5436 quiea

251 5439 306 5512 sed
331 5437 447 5512 uerbum
468 5437 519 5512 Dei
536 5437 625 5514 ligare
643 5453 700 5493 non
720 5443 848 5514 possunt,
867 5438 932 5510 quie
952 5437 1056 5510 ubique
1096 5439 1151 5500 Dde
1167 5439 1283 5515 quidam
1302 5439 1489 5518 discederent,
1508 5442 1743 5514 similitudinem
1756 5452 1835 5522 banc
1849 5453 1925 5508 iacit.

251 5527 384 5610 predico.
1098 5529 1220 5594 (tuidem
1240 5533 1326 5598 stent,
1351 5530 1465 5602 quidam
1478 5532 1626 5606 excidunt,
1642 5552 1707 5610 mec
1721 5556 1830 5616 ,oppres
1845 5542 1929 5600 unius

292 5616 320 5670 7.
336 5617 388 5671 lue
401 5615 499 5672 euers.
518 5614 653 5671 Praedixit
670 5615 817 5696 Dumium⁸
838 5630 890 5696 per
902 5615 1056 5696 prophetes
1096 5618 1174 5692 rpodi
1186 5622 1263 5694 suut.
1278 5618 1391 5686 sicutte
1405 5637 1508 5702 magno
1519 5622 1619 5682 domo.
1790 5607 1793 5614 ⁴
1815 5611 1817 5616 ’
