3872 6162
96 121 140 176 aa
618 117 832 202 consanam
852 111 1022 198 armano.
1044 145 1076 158 -
1095 117 1164 194 aaa.
1184 118 1207 173 1.
1681 121 1734 204 qqq

94 261 176 304 mom.
188 260 251 316 quae
261 242 416 315 capitulum
428 241 568 314 precedit,
583 244 698 298 chorum
709 243 836 306 intrabit.
847 224 888 299 iet
899 247 918 304 Α
929 249 1040 298 matum
1054 243 1203 308 inclinans,
1220 244 1255 298 ad
1274 244 1367 316 locum
1382 259 1466 312 suurn
1480 243 1565 309 radit,
1581 244 1640 300 sive
1656 246 1732 302 intus

8 323 9 330 ἵ
93 334 118 388 in
140 320 241 404 priori
253 349 367 404 vespere
388 333 535 388 duodecim
560 334 725 391 lectionum.
745 335 775 389 Si
797 339 890 389 autem
932 333 990 387 sive
1004 339 1083 387 extra
1097 332 1133 388 sit
1147 332 1240 388 statio.
1256 331 1332 387 lolia
1346 332 1442 400 horam
1459 337 1553 386 autem
1574 334 1636 388 aliis
1651 335 1733 406 incli-

93 423 161 477 inira
174 423 338 494 predictum
351 428 463 494 tempus
473 423 623 476 inormitas
632 425 693 492 ejus
702 423 818 487 venerit,
825 432 892 480 ωηο
932 421 1065 476 nantibus
1079 422 1138 493 ipse
1154 421 1277 476 nonnisi
1302 428 1400 475 contra
1428 422 1516 475 altare
1535 421 1674 488 inclinat:
1696 425 1732 500 aq

93 511 176 583 prior,
194 512 238 565 vel
252 512 312 582 ipso
326 511 438 566 iutlrrno
451 511 626 582 aegritudinis
638 529 695 566 suaa
706 518 887 582 augmentum
932 527 1028 581 preces
1044 511 1100 565 sive
1123 511 1315 582 procumbant.
1334 510 1392 564 sire
1412 509 1468 564 sint
1484 509 1660 576 inclinantes,
1678 513 1732 567 ibi-

93 600 257 672 incapitulo
276 601 449 672 perveniam
465 601 506 654 vel
528 601 598 654 alias
617 601 641 654 ei
660 601 830 664 insinuante,
846 603 889 656 rel
930 599 993 654 dein
1021 617 1068 654 eos
1088 599 1225 654 imitatur.
1243 597 1294 653 llic
1320 598 1384 670 talis
1410 598 1632 671 quandocunque
1660 601 1734 656 inira

93 706 138 743 sua
150 695 264 760 sponte.
278 689 319 743 rel
329 687 364 742 ab
375 689 469 759 aliquo
480 689 566 743 tratre
579 689 889 750 admonituscumdem
930 689 1053 758 psalmos
1080 689 1195 750 venerit,
1220 688 1255 742 ad
1276 687 1381 758 gradus
1408 683 1491 744 nutrit.
1514 688 1542 742 Si
1558 695 1653 760 autern
1669 697 1733 776 post

93 785 227 848 egmtum
243 778 276 833 ad
292 777 476 832 infirmariam
492 794 542 848 per
555 778 642 832 aliurn
657 779 776 833 fratrem
788 778 890 834 adduci
933 777 1065 848 psalmos,
1076 819 1078 825 .
1088 775 1156 830 foris
1177 777 1292 830 chorum
1315 774 1480 846 remanebit,
1505 781 1534 842 et
1551 783 1666 848 propter
1681 779 1733 842 hoc

93 867 226 938 precipit.
934 865 1043 919 veniam
1056 863 1085 918 in
1098 865 1220 936 capitulo
1236 864 1316 936 petit.
1605 852 1608 860 ’

368 963 485 1018 CAPUT
503 963 617 1019 xxxii.
640 1009 646 1020 .
1204 971 1321 1042 CAPUT
1338 971 1465 1042 XXXlll.

94 1057 125 1110 bc
139 1070 181 1116 eo,
201 1057 253 1124 qui
264 1059 324 1124 post
337 1055 679 1180 qlo'ngqqnpqqr'qoi'ptrclmi
691 1056 729 1108 ad
743 1055 893 1122 quamlibet
933 1063 971 1116 De
985 1078 1024 1133 οη,
1040 1064 1091 1136 qui
1102 1064 1240 1140 sanquine
1252 1063 1285 1125 de
1297 1063 1425 1202 stantium,
1443 1065 1485 1132 orl
1498 1064 1531 1116 dc
1545 1068 1644 1148 crupta
1660 1081 1732 1136 cepa

211 1149 212 1155 ’
569 1143 575 1172 '=
602 1164 609 1178 ·
1319 1149 1346 1184 ur
1364 1171 1369 1181 .

125 1223 135 1244 *
148 1222 234 1285 Quod
249 1222 272 1280 si
287 1221 381 1292 aliquo
394 1221 477 1278 modo
489 1221 650 1291 contigerit.
668 1226 700 1276 ut
717 1221 819 1291 aliquis
834 1227 892 1275 tam
969 1223 980 1246 ⁴*
992 1221 1115 1292 Siquam
1128 1227 1221 1275 autem
1231 1221 1274 1274 vel
1287 1219 1321 1274 de
1332 1219 1446 1274 nuribus
1457 1221 1499 1292 rel
1509 1221 1544 1275 de
1553 1228 1653 1294 erupta
1663 1241 1733 1294 vena

94 1327 187 1364 eorum
210 1311 262 1380 qui
284 1317 373 1378 extra,
398 1325 482 1380 quarn
505 1309 552 1380 qui
571 1310 646 1364 intra
667 1310 783 1364 chorum
802 1309 893 1364 solent
934 1311 1024 1364 lluens
1045 1310 1160 1380 sanguis
1181 1309 1307 1381 impedit.
1332 1325 1367 1363 ne
1390 1309 1424 1364 ad
1448 1309 1548 1364 horam
1568 1314 1732 1386 tempestive

93 1415 157 1463 eme,
177 1415 272 1469 neque
294 1399 329 1452 ad
345 1399 457 1453 initium
478 1404 679 1456 nocturnorum
701 1415 824 1470 praesens
844 1399 889 1462 sit,
933 1413 1078 1452 occurrere
1098 1397 1196 1468 possit,
1215 1397 1448 1469 quandocunque,
1465 1404 1615 1470 antequam
1634 1401 1734 1471 psalmi
1783 1431 1786 1440 ν

94 1504 180 1558 neque
194 1495 372 1559 posteaanto
387 1488 510 1546 Gloriam
525 1489 626 1558 psalmi
648 1491 743 1550 tanin.
762 1489 791 1542 in
807 1489 891 1543 choro
933 1487 1077 1550 liniantur,
1093 1477 1250 1541 intraverit.
1269 1494 1382 1557 propter
1401 1487 1452 1541 hoc
1474 1487 1509 1556 ad
1534 1479 1654 1557 gradum
1676 1507 1733 1544 non

94 1579 203 1648 quidem
220 1577 258 1630 ad
278 1577 365 1632 sedile
379 1593 472 1636 suum.
487 1583 565 1630 extra
579 1593 643 1631 vero
662 1579 697 1631 ad
712 1579 834 1648 aliquem
850 1577 1021 1660 lo-Bvadit;
1039 1577 1085 1629 sed
1098 1576 1161 1630 aliis
1177 1577 1212 1630 ad
1228 1577 1279 1630 hoc
1292 1593 1355 1629 eum
1372 1575 1548 1630 hortantibus
1562 1595 1674 1632 causam
1690 1576 1735 1634 sui

94 1683 149 1719 curn
166 1682 299 1726 vacuum.
317 1665 363 1718 ubi
377 1681 440 1718 curn
465 1663 527 1718 aliis
547 1673 738 1736 competenter
758 1666 891 1719 inclinare
906 1661 910 1686 ¹
933 1665 1107 1734 persignata
1123 1666 1263 1736 patefacit.
1283 1664 1310 1719 Si
1327 1671 1369 1719 est
1382 1665 1531 1736 litteratus.
1549 1666 1620 1736 lqnnc
1635 1668 1734 1738 liuram

94 1754 187 1824 possit,
205 1753 251 1807 rel
273 1753 308 1807 de
327 1752 463 1814 sacristia,
482 1751 528 1811 ubi
544 1755 674 1809 custodes
688 1755 810 1808 ecciesiae
826 1755 890 1807 dor·
933 1769 1026 1807 secum
1051 1759 1165 1807 cantare
1192 1770 1247 1806 non
1271 1753 1405 1822 negligit3
1430 1753 1452 1808 si
1479 1754 1650 1824 illitteratus
1677 1771 1733 1810 riou

96 1843 192 1908 minat,
207 1843 334 1904 seniens.
347 1841 423 1895 intra
441 1841 578 1902 minorem
593 1843 708 1896 chorum
727 1843 889 1907 occurrerit,
933 1841 1028 1904 aliurn,
1042 1859 1125 1912 quam
1139 1859 1200 1913 quae
1214 1842 1242 1895 in
1259 1827 1368 1911 publico
1383 1847 1495 1897 corruite
1511 1848 1562 1897 cst.
1574 1844 1662 1914 audit.
1679 1843 1733 1908 Qui

95 1933 201 1988 intrans
216 1933 335 1994 chorum
352 1935 379 1984 ct
393 1930 508 1988 ueniens
519 1931 554 1989 ad
569 1932 687 2001 gradum
704 1932 819 1986 honeste
833 1938 893 1986 tru-
934 1931 1008 1984 etad
1025 1931 1192 1986 larrium-ium
1208 1931 1309 1984 stando
1326 1932 1395 1984 hanc
1409 1931 1516 2002 audire,
1530 1931 1594 2002 etsi
1611 1921 1734 2003 psalmos

94 2021 215 2092 uimque
233 2021 303 2092 petit
321 2020 441 2080 verrium,
457 2036 542 2090 super
560 2037 659 2076 arianus
672 2027 700 2075 et
715 2037 808 2092 genua
823 2039 893 2092 pau·
935 2019 1057 2088 ejusdem
1076 2020 1151 2074 hora
1169 2019 1257 2076 scirit.
1273 2019 1354 2084 illos;
1372 2019 1414 2072 sin
1431 2027 1525 2073 autem
1541 2011 1623 2074 Patc'r
1643 2027 1735 2074 noster

95 2109 178 2164 lulum
195 2109 423 2180 pr·ocurabcndo;
446 2109 639 2163 summitatem
655 2111 749 2172 lrocci,
765 2117 796 2164 ut
810 2125 895 2181 super
934 2108 1103 2178 aliquotiens
1115 2125 1208 2162 secum
1228 2107 1345 2161 recitare
1359 2108 1470 2161 interim
1488 2108 1587 2178 potuit.
1606 2107 1650 2178 Fit
1664 2125 1734 2180 quo·

94 2217 150 2257 οηιη
164 2206 267 2253 masat
281 2214 394 2262 manus3
412 2203 441 2252 et
455 2213 573 2268 surgens
587 2205 686 2254 cantra
705 2199 794 2252 altare
808 2199 893 2254 altius
934 2214 989 2268 que
1000 2198 1160 2284 aliquando,
1170 2208 1202 2252 ut
1212 2198 1245 2251 ad
1256 2197 1526 2269 nocturnasquidcrn
1539 2203 1601 2268 post
1612 2187 1735 2268 Gloriam

94 2287 223 2352 inclinat3
242 2288 402 2360 quoderat
413 2288 581 2348 matutinum
593 2288 668 2349 lacit,
681 2287 702 2342 si
716 2289 891 2359 postdtoric,
935 2285 1033 2360 psalmi
1061 2289 1160 2351 tonitr,
1183 2285 1217 2340 ad
1239 2285 1309 2339 alias
1329 2302 1393 2362 ¹vero
1418 2285 1501 2340 horas
1525 2291 1589 2356 post
1610 2287 1735 2360 Gloriam

92 2380 131 2433 rel
142 2384 210 2450 post
221 2381 291 2434 brus
303 2377 585 2431 anime-catursenerit
597 2395 603 2430 :
616 2384 683 2435 tunc
695 2378 781 2432 frater
793 2377 894 2448 aliquis
935 2373 1017 2445 primi
1033 2375 1142 2446 psalmi,
1160 2375 1272 2446 aliquis,
1292 2374 1340 2446 qui
1356 2374 1433 2446 prius
1449 2392 1504 2429 non
1528 2375 1581 2429 fuit
1596 2375 1623 2430 in
1639 2377 1734 2452 choro²

92 2484 200 2529 aarum,
217 2466 266 2538 qui
281 2467 310 2520 in
325 2465 467 2520 vicinitate
481 2465 542 2536 ejus
553 2471 618 2522 stat.
637 2466 793 2537 providens,
810 2474 842 2520 ut
859 2467 894 2520 ad
936 2464 982 2517 sed
997 2469 1107 2519 tantum
1122 2471 1187 2518 ante
1204 2465 1329 2529 chorum,
1344 2464 1378 2518 ad
1394 2463 1505 2519 initium
1523 2465 1647 2532 ejusdem
1660 2465 1735 2521 horre

91 2557 187 2612 tranis
206 2556 293 2620 illius,
309 2571 393 2626 quam
408 2562 505 2616 contra
522 2560 691 2610 cantantum
713 2557 836 2610 tacturus
851 2559 895 2609 cst
937 2569 991 2607 non
1005 2553 1103 2615 demit,
1116 2560 1182 2608 ωηο
1193 2553 1314 2607 introeat
1329 2570 1397 2607 :noc
1408 2561 1502 2607 tamen
1516 2553 1735 2637 propterhocad

90 2644 365 2708 inclinationern,vel
375 2644 410 2696 ud
420 2644 611 2714 finanrlrynrni
623 2645 662 2699 rel
673 2645 772 2714 psalmi
783 2651 893 2715 tempus
933 2641 1053 2711 gradum
1070 2641 1163 2696 veniat
1183 2659 1188 2694 :
1209 2649 1237 2694 ot
1253 2641 1304 2694 hoc
1319 2641 1372 2693 isto
1391 2641 1473 2694 nrodo
1489 2661 1494 2694 :
1512 2641 1661 2712 siquando
1676 2659 1738 2697 eve·

92 2733 894 2804 conveniat.'l¹ales,inquarn,tempuscomputenterstanti
935 2728 1019 2784 uerit.
1035 2736 1067 2783 ut
1080 2729 1166 2800 aliqui
1181 2746 1377 2783 conversorum
1389 2747 1446 2800 pne
1460 2723 1734 2800 multitudinechoro

92 2824 114 2879 ei
138 2824 280 2888 insinuat,
295 2839 313 2876 a
327 2839 382 2893 quo
397 2837 447 2893 per
463 2821 600 2876 modicam
614 2822 713 2893 capitis
734 2823 894 2877 inclinatio·
935 2817 1071 2872 interesse
1094 2835 1150 2872 non
1171 2818 1287 2890 possint.
1305 2825 1372 2872 tunc
1395 2818 1463 2873 ioris
1485 2818 1565 2890 positi
1585 2819 1735 2890 diligenter

92 2923 218 2972 nemrot
242 2911 328 2966 moris
351 2917 401 2978 est)
423 2911 536 2964 licentia
558 2911 624 2964 data
644 2905 1093 2975 adabsolvendumcobservant,
1121 2905 1145 2960 si
1171 2907 1234 2977 quis
1261 2923 1369 2960 eorum.
1393 2906 1441 2976 qui
1469 2902 1553 2960 choro
1581 2907 1733 2974 intersunt,

91 3006 213 3058 lintrem
226 3001 309 3064 redit.
331 3001 385 3064 Qui
399 3015 461 3054 cum
480 3015 574 3062 rnunu,
600 3015 678 3054 mure
699 2999 840 3053 licentiam
855 2999 894 3053 si·
935 2995 1032 3048 eodem
1046 2995 1136 3056 inodo.
1150 3011 1205 3065 quo
1215 2995 1250 3048 sit
1262 2995 1412 3051 rediturus.
1426 3003 1520 3059 exeat:
1534 2995 1734 3067 utquicunque

91 3092 262 3162 gororanus,
275 3089 403 3144 innuenti
414 3087 559 3160 paululum
572 3088 735 3152 inclinabat
745 3088 818 3142 iacto
829 3095 894 3142 ente
936 3089 1002 3138 tunc
1017 3084 1091 3140 inter
1105 3101 1153 3137 cas
1172 3084 1277 3138 intrare
1290 3084 1386 3154 eligat,
1403 3101 1434 3138 ex
1449 3084 1593 3138 occasione
1608 3083 1735 3156 exeuntis

91 3189 118 3236 et
131 3189 212 3242 rotro
226 3180 331 3234 recedit
344 3180 379 3232 ad
393 3179 544 3232 sationem
555 3194 651 3232 suant:
665 3178 689 3231 si
703 3177 768 3232 talis
781 3184 832 3238 est.
846 3177 894 3248 qui
936 3173 1025 3226 loctrm
1041 3172 1115 3226 intus
1133 3172 1236 3226 habere
1252 3173 1350 3227 valeat.

92 3271 219 3325 inchoro
230 3275 383 3324 tuncstare
394 3267 482 3339 possit
492 3273 520 3320 ct
532 3266 624 3320 datm.
638 3266 674 3320 lbi
686 3283 798 3321 rursum
810 3265 894 3320 aliam
971 3262 1044 3332 Ergo
1059 3261 1094 3314 ad
1118 3269 1270 3315 nocturnus
1293 3265 1356 3331 post
1374 3262 1497 3317 Gloriam
1514 3262 1614 3334 psalmi
1633 3263 1733 3331 Venite,

89 3369 192 3432 petens
208 3359 318 3414 vertiam
333 3367 364 3412 ut
379 3358 466 3428 prius,
485 3357 531 3410 sod
545 3356 630 3410 aliam
644 3364 740 3427 postea
755 3371 810 3410 non
826 3355 895 3427 preti·
936 3349 1091 3420 cuicunque
1100 3350 1237 3420 ejusmodi
1248 3349 1486 3405 occasioiotmndi
1497 3352 1605 3427 copiam
1615 3351 1734 3424 dederit,

89 3455 182 3517 tonas,
201 3450 289 3503 etiarn
309 3447 332 3501 si
347 3447 407 3500 dies
428 3447 466 3500 sit
480 3445 661 3516 procidiendi,
676 3461 739 3500 curn
757 3453 894 3499 conventu
936 3437 1009 3493 inl'ra
1020 3439 1123 3509 primos
1136 3439 1257 3509 psalmos
1270 3456 1319 3509 per
1332 3437 1469 3493 minorem
1480 3441 1595 3494 chorum
1608 3441 1735 3510 intrabit,

89 3539 258 3601 inclinante,
274 3542 304 3592 et
327 3552 387 3608 ipso
411 3536 518 3606 paritur-
540 3533 657 3598 inclinat
687 3533 715 3588 Si
732 3541 826 3587 antem
842 3534 894 3588 ali·
937 3543 973 3581 ne
987 3543 1010 3579 οι
1023 3543 1074 3598 per
1086 3528 1271 3582 universalem
1287 3527 1364 3581 chori
1377 3527 1485 3582 aditum
1501 3533 1568 3583 tunc
1581 3515 1737 3602 ingressus,

89 3631 207 3698 quando
222 3627 283 3691 hoc,
299 3626 372 3696 quud
389 3624 553 3695 praedictum
570 3628 621 3686 pst,
642 3621 677 3676 de
693 3623 790 3675 eodem
806 3621 896 3676 inter·
936 3615 971 3669 ab
985 3617 1047 3670 aliis
1062 3623 1129 3670 ωηο
1145 3617 1266 3687 primum
1282 3616 1427 3670 ecclesiam
1449 3617 1554 3672 intrare
1569 3624 1737 3692 putareturg

87 3719 193 3772 nunno
204 3716 353 3788 praecisum
369 3731 423 3768 nun
438 3713 522 3766 tuerit
546 3713 588 3766 rel
603 3712 627 3778 si
638 3711 695 3768 ille.
710 3711 758 3783 qui
772 3719 839 3764 tunc
852 3727 895 3764 or·
936 3711 965 3758 et
974 3705 1036 3758 ideo
1045 3705 1079 3758 ad
1090 3706 1209 3776 gradum
1220 3706 1262 3760 ire
1273 3706 1486 3776 propelleretur.
1494 3701 1737 3782 Narn'quicunque

87 3807 185 3862 dinem
211 3799 302 3870 'tenet
319 3804 413 3858 ridens
428 3819 492 3858 curn
516 3801 550 3856 ad
573 3801 704 3872 gradum,
720 3817 773 3854 sua
795 3805 895 3871 sponte
936 3810 986 3865 pro
1001 3794 1082 3848 tardo
1097 3810 1214 3848 occursu
1229 3800 1271 3861 (ut
1286 3794 1392 3848 dictum
1409 3801 1458 3856 ost)
1473 3795 1506 3848 ad
1521 3795 1641 3875 gradum
1656 3799 1738 3876 satis·

87 3913 153 3950 mox
167 3895 253 3950 abire
265 3911 315 3966 per
326 3893 455 3948 nuntium
467 3892 585 3962 iusserit
607 3889 745 3961 (quamvis
761 3895 788 3944 ot
813 3906 896 3961 quoa·¹
935 3883 1010 3942 facit.
1026 3899 1170 3953 nunquam
1183 3899 1217 3938 ea
1231 3883 1289 3936 vico
1305 3899 1355 3954 per
1371 3883 1508 3937 minorem
1520 3885 1635 3940 chorum
1652 3886 1739 3942 intra-

85 3985 163 4048 dam,
178 3982 343 4038 leocritiam
356 3981 383 4034 in
395 3995 447 4035 usu
460 3978 604 4040 liabentes,
613 3977 755 4032 interdum
766 3976 895 4031 dissirnu·
936 3971 1318 4043 bitQuandocunqueautem
1328 3977 1391 4052 past
1400 3988 1497 4026 versus
1505 3973 1604 4042 psalmi
1613 3969 1739 4029 intrandi

86 4073 126 4127 let
148 4073 195 4128 ilai
210 4072 315 4138 sidem)
330 4077 399 4124 ωηο
420 4069 470 4132 ille
486 4069 574 4122 irater
587 4074 653 4138 post
672 4066 781 4120 veniam
796 4073 895 4130 cantra
936 4060 1044 4114 occasio
1069 4060 1094 4114 ei
1117 4059 1306 4132 dabitu1·,per
1332 4060 1504 4131 superiorem
1528 4061 1607 4115 chori
1627 4062 1738 4132 aditum

85 4169 263 4218 conuentum
286 4159 411 4224 inclinat,
436 4163 465 4212 at
483 4162 635 4212 conventus
658 4162 756 4210 corrtra
774 4171 848 4209 eum.
866 4155 895 4210 Si
936 4149 1109 4220 ingreditur3
1126 4149 1192 4219 quia
1206 4149 1241 4203 do
1254 4163 1287 4202 eo
1304 4148 1380 4202 nulla
1396 4147 1517 4219 suspicio
1531 4165 1594 4203 sero
1609 4147 1737 4222 veniendi

86 4268 152 4306 sero
169 4261 258 4306 extra
280 4246 396 4305 atoma
411 4247 495 4302 statio
514 4247 574 4315 ejus
590 4244 686 4313 facerit,
707 4245 741 4298 de
754 4243 845 4316 gradu
859 4235 1003 4310 aallltunc
1014 4239 1077 4292 erit.
1088 4237 1224 4292 Similiter
1234 4237 1269 4290 ad
1280 4236 1449 4290 matutinum
1460 4236 1563 4306 agitur.
1571 4237 1613 4291 dd
1621 4237 1737 4294 diurnas

83 4343 210 4396 chorum
225 4355 310 4394 suum
320 4337 439 4394 madens
450 4335 610 4398 locurrrdat,
625 4333 673 4404 qui
685 4332 722 4386 ibi
732 4333 849 4397 ultimus
859 4331 895 4386 ad
936 4344 1000 4381 tero
1014 4327 1098 4388 horas
1114 4333 1177 4398 post
1191 4327 1314 4381 diarium
1332 4325 1413 4396 primi
1431 4323 1530 4396 psalmi
1544 4344 1551 4393 3
1577 4327 1737 4402 quicunque

83 4429 197 4484 lineam
213 4429 259 4483 rel
272 4427 307 4481 ad
326 4429 445 4481 lormam
458 4430 524 4488 stat,
546 4423 634 4477 donec
647 4422 757 4476 veniam
771 4428 800 4475 et
813 4420 896 4474 incli-
935 4433 968 4471 ea
979 4416 1079 4470 cissam
1089 4423 1189 4486 sponte
1201 4414 1309 4485 ingredi
1322 4413 1449 4480 voluerit,
1463 4414 1528 4468 item
1541 4409 1738 4499 perminorem

82 4521 250 4582 nationem,
263 4517 337 4572 sicut
358 4515 533 4587 praemissum
555 4517 606 4578 est,
628 4511 722 4566 saciat.
739 4511 799 4576 Quo
822 4510 894 4564 lacto
935 4505 1051 4563 chorum
1069 4503 1194 4559 intrabit.
1213 4504 1243 4558 Si
1266 4509 1360 4558 autem
1384 4503 1419 4557 ab
1433 4521 1476 4569 co,
1493 4503 1541 4575 qui
1555 4510 1624 4560 tunc
1644 4505 1738 4574 ordini

80 4623 168 4664 extra
184 4606 303 4670 secedit,
316 4606 358 4660 rel
372 4603 470 4659 situlis
484 4609 598 4673 estqui
614 4601 692 4657 itero.
707 4601 781 4654 sicut
791 4599 895 4670 praedi-
935 4593 1067 4666 praeerit:
1084 4594 1126 4648 ael
1141 4593 1164 4646 si
1180 4593 1273 4648 nullus
1287 4593 1363 4677 prior
1373 4593 1409 4647 ad
1420 4608 1542 4664 praesens
1553 4593 1645 4666 aderit
1654 4595 1739 4668 (quod

79 4707 163 4754 ctum
182 4705 238 4763 est,
254 4697 331 4751 intus
345 4701 421 4748 staro
436 4692 532 4764 possit,
550 4689 716 4754 remanebit.
936 4697 1080 4754 nunquam
1094 4682 1156 4738 fieri
1171 4681 1262 4746 oeten
1278 4681 1313 4735 ab
1327 4681 1423 4752 aliquo
1437 4681 1582 4746 circatore,
1596 4683 1644 4755 qui
1659 4675 1738 4740 s'eor·

117 4789 234 4844 Eodem
251 4785 334 4849 morlo
348 4783 443 4854 agitur
456 4781 492 4836 ad
506 4779 624 4835 diurnas
644 4779 804 4848 horaserga
819 4791 894 4841 eunt,
937 4787 999 4826 sunt
1016 4770 1124 4842 ingredi
1142 4772 1238 4841 jussus
1261 4769 1354 4824 luerit.
1372 4777 1439 4826 tunc
1454 4771 1521 4842 quia
1535 4767 1739 4846 item'suspioio

78 4879 130 4950 qui
142 4877 354 4932 antedictarum
364 4871 448 4945 primi
459 4870 559 4942 psalmi
569 4869 598 4923 in
610 4867 749 4940 predictis
761 4866 828 4922 locis
841 4881 896 4930 noa
937 4860 966 4915 in
979 4876 1043 4915 eum
1058 4877 1114 4914 non
1128 4861 1191 4924 erit,
1207 4877 1256 4932 per
1271 4859 1444 4931 superiorem
1467 4861 1576 4916 aditum
1599 4862 1736 4934 introibit,

78 4968 196 5034 aderit,
209 4969 335 5036 excepta,
346 4961 422 5033 quod
435 4960 458 5014 si
473 4960 535 5030 quis
551 4959 602 5013 ωηο
615 4957 712 5020 uitium
726 4954 898 5027 negligentia
938 4948 1062 5021 alioquin
1075 4949 1100 5003 si
1115 4957 1182 5004 tunc
1202 4949 1331 5014 intraret,
1348 4949 1439 5016 vellet,
1455 4949 1551 5026 nollet,
1569 4951 1605 5005 ad
1618 4951 1739 5034 gradum
1766 5024 1768 5028 Ι

8 5039 10 5058 .
79 5057 194 5130 magis,
210 5069 297 5126 quam
318 5050 484 5107 necmsitate
504 5047 606 5119 sapius
624 5045 793 5110 incurrerit;
815 5043 850 5097 ab
864 5059 897 5097 so
937 5038 1002 5094 iret.
1621 5033 1633 5040 ”
1674 5033 1675 5038 '

8 5183 9 5190 .
79 5149 131 5218 qni
155 5137 233 5202 ωηο
256 5143 385 5198 ordinem
405 5145 483 5194 tanet
506 5136 647 5192 licentiam
662 5135 699 5188 de
714 5132 804 5204 gradu
820 5146 901 5186 recez
1208 5125 1328 5183 onena
1346 5127 1470 5183 lllllllll.

8 5285 9 5294 χ
78 5237 175 5292 mani
193 5249 252 5296 „012
266 5229 402 5303 accipian
428 5227 477 5283 aad
495 5234 642 5298 postquam
663 5222 702 5278 ibi
722 5223 842 5290 renam.
867 5225 899 5276 ot
1099 5217 1235 5286 Quomodo
1248 5231 1276 5269 se
1287 5217 1383 5270 habcat
1399 5217 1478 5284 infra
1492 5217 1583 5271 horos.

77 5325 261 5396 mamm
281 5328 333 5378 aa,
349 5318 455 5384 merit,
478 5316 544 5382 inde
563 5331 594 5372 se
615 5330 671 5369 non
687 5317 778 5380 rporet
798 5324 900 5381 usque-
975 5308 1032 5373 (na.
1044 5309 1117 5374 aar)
1130 5305 1172 5359 ad
1183 5304 1306 5359 druidum
1319 5303 1492 5374 singulorum
1507 5301 1678 5374 psalmorum
1690 5303 1739 5375 qni

79 5423 154 5470 oum
181 5413 257 5466 hora
269 5410 408 5481 regularis
427 5407 465 5463 sit
485 5405 574 5461 tinita.
589 5404 668 5459 Tunc
690 5407 789 5458 contra
809 5399 899 5454 altars
939 5401 1006 5452 sunt
1029 5393 1060 5451 in
1083 5392 1260 5476 regularibus
1280 5393 1358 5448 horis
1378 5397 1437 5462 ωηο
1460 5397 1553 5467 poete,
1573 5409 1660 5478 qnapp
1682 5393 1738 5470 clip,
