3986 6184
147 361 175 417 rs
954 349 1046 407 ιιιιι.
1724 363 1759 422 46

145 493 164 540 ιι
174 489 200 540 ιι
212 483 334 538 munitur
349 481 444 547 (dccli.
461 493 503 544 nr,
520 477 572 550 ill).
587 477 650 549 (Est
672 481 766 532 autern
782 474 918 531 Beocense
927 468 991 536 Αει
1005 477 1062 532 Deo
1078 477 1229 537 miserante
1242 484 1278 539 ad
1290 485 1365 542 diem
1378 487 1538 560 plenissime
1553 490 1703 547 convaluit.
1717 491 1762 548 Fi·

144 570 324 630 nonasterium
337 569 413 624 inter
422 569 492 623 duos
504 575 616 622 rnontcs
631 566 726 632 situm,
736 581 821 638 snper
830 565 921 620 rivum
962 565 1040 621 nitur
1053 569 1153 639 majori
1167 585 1252 641 quarn
1263 580 1354 647 coepta
1366 577 1459 633 fuerat
1465 578 1642 648 jucunditate
1655 581 1760 636 solem-

144 664 183 736 qui
195 663 291 717 Βεεειιε
302 658 414 724 dicitur,
426 675 444 712 a
464 674 519 730 quo
538 661 568 711 et
581 672 685 712 nomen
707 656 834 727 accepit.)
851 655 922 709 Cum
963 655 1046 712 nitas.
1061 657 1156 713 Tertio
1167 660 1214 715 die
1227 663 1335 720 saeculis
1345 667 1544 724 memorandus
1555 669 1615 740 jam
1630 685 1704 742 sepe
1718 671 1761 725 ia·

144 749 320 823 ergcrenisset
329 747 364 802 ad
377 747 542 802 descensum
553 747 666 813 montis,
674 746 721 818 qni
729 745 784 817 ipsi
797 744 923 800 cenobio
963 748 1009 799 tus
1023 745 1241 804 Cantuariorum
1258 751 1482 828 archiepiscopus
1496 755 1531 810 ab
1557 756 1695 813 universis
1709 758 1764 814 fra·

143 842 240 906 eminet,
250 837 291 912 (ιι)
301 838 392 892 femur
399 836 535 892 annulum
550 835 584 890 de
598 835 686 906 digito
700 835 861 902 extraxisse;
873 849 925 888 nec
963 833 1054 889 tribus
1070 837 1154 892 eundi
1169 837 1331 896 missionem
1345 844 1479 915 poposcit.
1496 846 1565 910 Quis
1579 851 1691 904 tanturn
1700 855 1762 904 tan·

143 925 354 1000 posteaquandiu
367 924 447 979 Becci
457 929 584 979 moratus
599 930 651 992 est,
662 923 762 978 nisied
773 923 925 978 missarum
964 927 1000 978 tea
1015 924 1090 980 inter
1100 942 1148 981 eos
1158 926 1340 999 benignitatis
1362 932 1454 988 virum
1478 935 1653 992 recedentem
1682 937 1763 993 siccis

143 1015 273 1083 solemnia,
289 1013 481 1085 resumpsisse.
492 1013 536 1067 nd
548 1011 657 1068 abbatis
667 1013 727 1083 jam
741 1012 820 1066 senio
835 1011 926 1066 incur·
966 1013 1054 1066 oculis
1064 1014 1311 1087 aspicere'potnit?
1325 1019 1430 1076 Omnes
1439 1024 1595 1096 eruperein
1607 1025 1762 1098 lacrymam
1797 1027 1801 1036 '

142 1105 188 1158 rati
203 1103 326 1158 emulum
357 1101 493 1156 accedens
513 1107 572 1156 tam
591 1117 710 1174 magnus
743 1101 870 1168 antistes,
890 1099 926 1155 ad
967 1103 1077 1172 parvuli
1091 1119 1148 1158 non
1163 1105 1454 1168 valebantconsolari.
1470 1112 1766 1171 Consultomaturavit

143 1193 214 1264 pedes
227 1193 288 1263 ejus
311 1191 419 1246 advolvi
443 1198 559 1246 conatus
582 1196 641 1246 est:
663 1207 760 1246 verum
776 1191 824 1246 illo
842 1207 927 1245 econ·
968 1187 1134 1257 discessum,
1150 1197 1290 1263 quatenus
1304 1211 1320 1250 a
1333 1197 1401 1251 lietu
1415 1213 1445 1252 se
1455 1199 1640 1267 continerent,
1654 1203 1766 1276 veipost

143 1287 180 1336 tm
189 1281 214 1336 id
236 1281 327 1353 ipsum
342 1285 472 1347 conante,
485 1279 569 1350 longo
593 1279 706 1352 utrique
727 1279 788 1350 [al.,
817 1279 926 1351 utiquc]
968 1278 1030 1348 ejus
1050 1277 1214 1336 discessum.
1230 1283 1405 1340 Venerabilis
1427 1287 1580 1344 Herlninus
1602 1305 1667 1344 eum
1680 1307 1766 1364 supra

143 1369 368 1435 lamminarum
378 1370 451 1424 alter
463 1369 582 1424 alterum
601 1373 750 1434 sustentat,
767 1374 869 1424 neuter
883 1385 928 1423 ex·
968 1382 1065 1422 omnes
1079 1369 1212 1425 mortales
1226 1385 1335 1440 amans,
1361 1377 1390 1428 et
1404 1371 1440 1428 ab
1454 1391 1488 1430 eo
1502 1382 1624 1443 amatus,
1644 1393 1695 1449 per
1713 1378 1768 1434 duo

144 1457 295 1531 pleritquod
308 1457 464 1530 satagebat.
480 1458 547 1512 Post
570 1457 674 1512 multos
697 1457 802 1528 diuque
816 1462 927 1529 optatos
969 1455 1101 1510 milliaria
1114 1456 1303 1514 discedentem
1325 1468 1491 1534 prosecutus
1515 1471 1558 1520 est
1580 1465 1712 1534 amicum,
1733 1467 1767 1522 ad

144 1547 284 1619 amplexus,
301 1545 344 1618 ιιι)
359 1563 424 1600 cum
443 1545 576 1601 iratribus
602 1546 632 1600 in
646 1545 767 1600 claustro
792 1546 865 1601 sedit
882 1561 928 1604 ar·
970 1559 1035 1598 suos
1049 1543 1123 1600 visus
1133 1561 1278 1618 nunquam
1290 1547 1321 1602 in
1334 1549 1387 1604 hac
1401 1550 1457 1605 vita
1469 1551 1590 1608 ulterius
1600 1554 1768 1611 rediturum.

144 1636 332 1708 chlepiecopns,
341 1635 469 1706 utqnivis
478 1635 550 1690 alius
560 1635 826 1706 ipsorum,juvenes,
835 1651 926 1702 senes,
969 1631 1042 1687 Nam
1057 1638 1123 1688 ante
1137 1633 1193 1690 diei
1207 1635 1295 1708 ipsius
1309 1638 1493 1695 dedicationis
1507 1657 1631 1698 annuam
1658 1644 1770 1700 revolu-

145 1731 215 1796 atquc
227 1723 361 1790 infantes,
378 1740 608 1796 unumquemque
627 1721 791 1794 singillatim
810 1723 931 1795 compel·
969 1721 1076 1776 tionem
1088 1721 1162 1776 diem
1175 1723 1277 1779 clausit
1291 1731 1458 1783 extremum.
1480 1728 1547 1792 Qua
1561 1731 1653 1786 cordis
1668 1733 1770 1788 amari-

143 1813 202 1880 lans,
212 1813 329 1883 etJ‘nxta
342 1812 563 1883 uniuscujusque
577 1812 742 1883 qualitatem
760 1811 856 1868 debite
871 1791 1055 1878 losstudo!
1070 1811 1133 1882 quis
1147 1812 1230 1868 fletus
1240 1813 1271 1869 in
1285 1813 1347 1886 ipso
1370 1815 1471 1873 ultimo
1494 1817 1556 1874 vale
1578 1823 1608 1874 et
1621 1819 1720 1876 ultimo
1734 1821 1770 1876 ab

145 1902 333 1957 oculortatione
343 1901 505 1956 adhortans.
523 1901 591 1966 Quis
605 1917 737 1956 enarrare
758 1901 929 1956 sufficienter
969 1898 1087 1954 invicem
1096 1899 1236 1958 discessui

146 1997 215 2061 queat
227 1995 363 2062 quantam
385 1989 574 2044 humilitatem
597 1995 625 2044 et
654 1988 856 2061 benignitatem
873 2007 960 2074 om·
1280 1993 1398 2050 CAPUT
1409 1995 1457 2051 IX.

147 2079 214 2134 nibus
227 2079 477 2134 condescendendo
491 2077 657 2132 exhibebat?
671 2078 713 2132 nd
729 2095 854 2134 mensem
867 2079 931 2134 dcx·
1008 2073 1053 2133 20.
1068 2076 1118 2132 llis
1137 2080 1357 2152 preoccupando
1372 2082 1413 2137 ita
1424 2085 1586 2155 premissis,
1597 2085 1632 2143 ad
1645 2087 1773 2146 ordinem

143 2173 249 2224 uorsnm
269 2173 301 2222 ει
318 2168 513 2223 sinistrorsum
529 2167 631 2222 fratres
644 2183 707 2222 cum
724 2167 933 2240 archiepiscopo
973 2181 1049 2222 nunc
1060 2171 1242 2223 revertamur.
1260 2169 1328 2224 Post
1355 2172 1569 2231 translationem
1588 2177 1618 2232 in
1642 2178 1773 2250 Angliam

145 2257 228 2312 sedere
253 2273 290 2311 ac
315 2257 459 2312 communi
482 2256 578 2324 calice,
595 2257 712 2311 scutelle
734 2273 875 2322 unacum
900 2273 934 2312 eo
975 2254 1157 2323 laabancus,
1165 2257 1332 2314 nonoblitus
1341 2265 1456 2333 propter
1466 2263 1541 2334 quod
1549 2272 1671 2332 venerat,
1682 2273 1773 2323 totam

143 2353 391 2415 coguntursumere
406 2344 508 2400 cibum.
523 2346 582 2400 Nec
596 2345 656 2400 sola
670 2345 854 2401 aedificatione
864 2346 935 2401 sola·
975 2344 1160 2402 intentionem
1171 2362 1251 2401 suam
1266 2347 1302 2402 ad
1318 2365 1410 2404 mores
1431 2349 1578 2409 hominurn
1593 2355 1774 2427 corrigendos

143 2433 527 2505 tiairatribusimpendit‚sed
537 2432 934 2506 tantohospitedignabospi-
976 2433 1774 2518 etcomponendumllcclesiaestatumconvertit.Etprius
1826 2444 1830 2452 '

145 2523 205 2578 dum
231 2523 345 2600 locavit¹
358 2523 553 2577 munificentia
577 2527 610 2576 ut
634 2537 668 2578 en
692 2522 818 2594 reliquiis
837 2523 934 2578 festive
975 2519 1065 2592 ipsam
1081 2522 1161 2593 regni
1175 2529 1294 2579 matrem
1310 2527 1456 2583 ecclesiam
1470 2530 1713 2589 Dorobernensem
1727 2551 1774 2591 re·

144 2611 271 2683 geminari
297 2611 444 2683 potuerint
467 2616 579 2666 octava.
594 2612 627 2666 ln
643 2611 758 2667 ecclesia
771 2613 933 2667 cathedram
975 2624 1079 2664 novare
1100 2611 1218 2667 studuit.
1245 2613 1280 2668 Et
1293 2614 1360 2686 quia
1382 2621 1448 2672 ante
1472 2619 1581 2691 aliquot
1599 2638 1688 2680 annos
1711 2623 1776 2697 igue

144 2703 322 2774 episcopalem
355 2701 410 2756 sibi
429 2701 581 2773 preparari
602 2702 704 2769 uoluit,
724 2701 772 2757 sed
792 2703 820 2757 in
840 2701 936 2756 sedem
976 2697 1120 2754 combusta
1136 2699 1237 2767 inerat,
1252 2717 1269 2756 a
1287 2701 1478 2760 lundameutis
1501 2707 1578 2764 illam
1604 2711 1774 2769 reedificare

143 2791 234 2860 prieris
246 2791 376 2856 intravit,
392 2790 487 2845 dicens
504 2809 534 2845 se
560 2791 652 2846 adhuc
679 2791 800 2862 priorem
822 2781 892 2857 esse,
908 2795 937 2845 ει
977 2787 1095 2849 studuit.
1105 2790 1213 2859 grande
1227 2806 1298 2862 opus
1311 2795 1511 2865 etspatiosum.
1524 2797 1656 2855 Officinas
1667 2816 1778 2873 quoquc

143 2879 256 2934 noudum
271 2879 414 2934 dimisisse
429 2879 597 2950 prioratum.
615 2879 805 2951 Compellatns
828 2878 863 2934 ab
878 2879 938 2960 uni·
978 2875 1074 2932 usibus
1090 2877 1291 2932 monachorum
1305 2883 1478 2937 necessarias
1492 2883 1649 2941 edificavit.
1657 2887 1693 2942 Et
1702 2889 1777 2958 quod

143 2969 219 3022 rarsis
233 2968 269 3024 de
285 2968 496 3024 consecratione
522 2969 646 3038 ejusdem
671 2968 803 3034 ecclesiae,
821 2975 936 3040 paratus
977 2965 1080 3020 mitum
1094 2965 1299 3033 admodumsib
1311 2967 1346 3022 du
1360 2968 1482 3024 Cedomo
1498 2970 1546 3025 ubi
1564 2971 1650 3029 abbas
1660 2976 1777 3050 exstitit,

145 3073 231 3112 eorum
240 3071 351 3112 morem
360 3073 459 3128 gerere
469 3057 615 3124 voluntati,
631 3057 666 3112 ad
678 3058 786 3112 curiam
796 3057 937 3130 prolectu-
977 3052 1101 3107 velivolis
1111 3053 1228 3108 navibus
1242 3070 1293 3125 ρει
1318 3071 1396 3111 mare
1410 3058 1553 3114 transuehi
1571 3060 1694 3117 faciebat
1707 3080 1777 3136 qua-

145 3163 187 3200 rus
203 3147 333 3201 inducias
359 3146 449 3217 petiit,
467 3146 556 3202 donec
581 3147 647 3201 inde
668 3113 1044 3203 sciretvoluntatemcdros
1069 3141 1177 3213 lapides
1196 3142 1233 3197 ad
1256 3141 1460 3201 edificandum.
1480 3147 1583 3204 Demos
1612 3167 1724 3224 quoquo
1742 3153 1779 3209 ad

147 3236 221 3306 regis.
236 3235 309 3292 Dein
319 3233 440 3290 fratrum
455 3235 528 3290 votis
553 3236 775 3303 commendatus,
791 3237 826 3292 ad
842 3253 938 3308 regem
978 3229 1163 3286 habitandum
1177 3230 1231 3286 sibi
1255 3234 1412 3289 construxit
1428 3252 1514 3310 prope
1533 3239 1688 3296 ecclesiam.
1711 3241 1779 3308 Quae

146 3325 272 3395 parvenit,
291 3323 475 3378 loculuscum
490 3339 532 3390 eo,
547 3324 623 3379 uude
648 3325 709 3395 [nl.,
729 3325 805 3396 inde]
825 3332 939 3397 rogatus
980 3319 1291 3376 omuiaadificianruro
1301 3330 1443 3395 magnoet
1455 3325 1619 3384 altociuxit.
1630 3329 1778 3403 Dispositis

147 3411 317 3479 discesserat,
334 3413 410 3467 diem
425 3412 609 3468 dedicationis
620 3414 735 3485 accepit,
752 3419 782 3469 et
795 3413 939 3470 confestim
981 3408 1155 3464 sufficienter
1167 3425 1229 3481 (11¹ae
1244 3410 1280 3464 ad
1295 3413 1454 3483 regularem
1468 3415 1572 3472 victum
1595 3423 1624 3473 et
1647 3420 1780 3477 vestitum

147 3501 420 3558 remintnonsolnm
435 3501 484 3573 qui
497 3502 611 3567 diceret,
638 3519 733 3558 rernm
759 3508 787 3558 et
800 3503 876 3558 unde
890 3504 942 3558 lle·
982 3497 1228 3564 suntuecessaria,
1253 3499 1400 3556 ecclesiam
1426 3503 1516 3575 ipsam
1538 3506 1669 3577 pretiosis
1695 3514 1779 3582 etque

146 3597 193 3646 mg
982 3585 1079 3640 multis
1093 3585 1193 3641 ditavit
1205 3589 1388 3646 ornamentis.
1400 3591 1557 3662 Dignitates
1576 3611 1641 3650 vero
1656 3597 1782 3654 cantua-

179 3679 220 3737 19,
231 3680 326 3753 lgjmr
349 3681 458 3736 decimo
472 3680 613 3738 Kalendas
626 3679 802 3748 Novembris,
818 3697 892 3738 anno
906 3680 942 3736 ab
983 3673 1083 3730 riensis
1095 3675 1228 3740 ecclesia,
1239 3693 1302 3748 quae
1316 3683 1455 3735 vetustate
1465 3681 1507 3736 vel
1519 3684 1691 3756 negligentia
1705 3687 1782 3744 deci-

147 3770 336 3828 moemnqone
362 3769 476 3826 Domini
505 3767 581 3836 1077,
598 3774 701 3825 sancta
724 3770 800 3825 omni
814 3770 942 3827 Ecclesiae
983 3762 1092 3832 derant,
1104 3763 1328 3821 siveimminntae
1348 3767 1782 3836 fuerantrenorandorasorma-

148 3861 331 3924 venerandus,
357 3859 485 3931 gentium
509 3859 764 3914 transmarinarum
790 3859 896 3931 primas
914 3867 943 3916 et
982 3851 1138 3908 vit'l'crras
1149 3854 1252 3909 multas
1267 3871 1328 3926 qua
1339 3855 1439 3914 ablatae
1454 3860 1575 3931 luerent,
1591 3863 1621 3918 in
1631 3865 1678 3936 jus
1693 3867 1781 3924 ecele-

147 3949 264 4020 pontif„
280 3965 412 4004 summu„
425 3949 481 4018 (ῃ)
509 3948 681 4003 Lanfmncus
702 3948 824 4014 advenit,
850 3966 946 4005 conse.
986 3941 1034 3998 sie
1048 3943 1197 4011 revocavit,
1211 3949 1240 3998 et
1249 3944 1347 4016 uiginti
1361 3947 1486 4020 quinque
1509 3953 1636 4008 maneria
1659 3957 1781 4014 ecclesiae

146 4038 243 4094 nando
257 4041 508 4094 consummaturus
522 4037 667 4093 ecclesiam
679 4053 763 4108 quam
788 4037 944 4109 inspirante
985 4032 1120 4088 restituit.
1129 4030 1170 4106 (ιι)
1178 4033 1358 4090 xenodochia
1373 4035 1429 4107 (28)
1438 4039 1483 4094 rel
1496 4042 1710 4114 ptochotrophia
1724 4045 1781 4102 duo

146 4126 362 4194 lieoinchoavit,
380 4130 409 4182 et
420 4125 449 4180 in
463 4126 543 4198 cujas
563 4125 756 4182 fundamentis
770 4126 944 4183 exstruendis
986 4126 1065 4176 extra
1091 4121 1231 4178 civitatem
1255 4123 1415 4194 edilicerit;
1439 4143 1528 4182 unum
1556 4131 1591 4184 ed
1610 4133 1778 4203 aquilonem,

148 4213 263 4286 lapidem
272 4215 659 4287 secundumipsemannsua
677 4215 820 4288 imposuit.
836 4217 944 4273 Conve-
985 4211 1106 4266 alterum
1122 4211 1158 4266 ad
1186 4228 1325 4279 occasum,
1351 4230 1415 4269 cum
1443 4215 1572 4272 omnibus
1605 4222 1780 4292 necessariis,

148 4311 244 4361 rerunt
268 4303 397 4361 universi
420 4303 600 4360 Normanniae
622 4303 754 4375 episcopi,
778 4303 902 4372 abbates,
916 4312 945 4361 et
986 4299 1602 4374 quibusdesuoannuosredditus,quantum
1614 4311 1781 4390 salierisnm
1873 4301 1881 4312 '

149 4393 303 4467 aliiqnique
311 4392 437 4465 religiosi
444 4393 509 4462 viri;
526 4393 678 4449 adfuerunt
687 4395 943 4465 etprooeresregni.
986 4394 1037 4454 est,
1048 4389 1238 4458 delegavitln
1260 4389 1395 4446 maneriis
1408 4392 1466 4447 suis
1486 4393 1783 4470 instituitpraebendas

149 4481 200 4536 Rex
209 4488 238 4538 et
248 4481 353 4554 regina
366 4481 430 4536 aliis
440 4481 541 4536 intenti
553 4496 610 4535 nou
624 4479 784 4547 adfuerunt,
796 4482 845 4536 sed
861 4482 945 4554 largi·
986 4476 1093 4532 dandas
1109 4475 1279 4548 pauperibus
1293 4494 1344 4549 ρει
1357 4495 1472 4539 annum.
1483 4482 1649 4555 luplnribus
1659 4487 1785 4561 ipsorum

148 4569 428 4627 mfimaebeneficia
442 4569 588 4625 miserunt,
599 4568 701 4640 Agitur
711 4569 849 4626 dedicatio
858 4571 945 4627 laetis.
986 4565 1120 4622 maneriis
1139 4566 1295 4622 construxit
1304 4567 1430 4640 lapideas
1439 4570 1537 4627 domos
1546 4573 1600 4629 sibi
1615 4575 1785 4636 adhabitarr·

147 4659 216 4716 sima
229 4659 414 4716 solemnitate
427 4663 456 4714 et
482 4657 601 4714 solemni
629 4657 755 4714 omnium
782 4659 944 4732 alacritate3
987 4655 1065 4711 dum.
1435 4737 1438 4744 Ι

148 4749 287 4805 alacritati
295 4748 443 4803 hominum
452 4747 567 4820 aeripse
577 4747 745 4820 purissimus
755 4747 870 4821 diesque
882 4751 950 4806 luci·
1024 4743 1069 4802 ιι.
1081 4743 1204 4819 Οιιο(2οι
1213 4745 1373 4818 Bajoccnsis
1387 4752 1542 4825 episcopus,
1554 4754 1642 4812 trater
1650 4756 1786 4815 Willelmi

146 4836 282 4894 diesimus
291 4835 444 4892 arridebat.
452 4835 594 4908 Languor,
612 4836 660 4907 qui
672 4851 722 4908 ρει
734 4841 796 4892 octe
811 4843 877 4894 ante
887 4839 947 4894 dies
988 4835 1072 4906 regis,
1084 4841 1147 4890 erat
1156 4851 1249 4891 comcs
1259 4838 1538 4913 cantiaeeotempore
1548 4861 1603 4916 quo
1613 4846 1786 4905 Lanirancus

148 4924 532 4998 Petremipsummonasterii
538 4928 678 4991 tenuerat,
685 4930 752 4981 tunc
759 4941 822 4982 eum
829 4927 945 4996 dimisit,
988 4925 1023 4980 ad
1037 4925 1306 4999 archiepiscopatum
1315 4927 1399 4985 veuit.
1412 4929 1463 4985 Hic
1473 4933 1569 4989 multis
1578 4937 1788 5006 gravaminibus

182 5069 242 5140 pr)
250 5067 509 5140 Sicpraecipuarnm
519 5065 627 5122 sedium
640 5066 840 5142 archiepiscopi
846 5069 950 5141 passim
990 5065 1137 5134 riensium,
1152 5071 1180 5123 et
1193 5067 1223 5123 in
1235 5068 1309 5125 libro
1323 5069 1495 5142 Deejusdcm
1504 5076 1626 5134 ecclcsiae
1635 5081 1789 5152 conflagra-

147 5140 196 5196 hoc
202 5157 266 5196 aero
276 5139 522 5211 nuncupabantur.
535 5140 578 5194 lte
594 5138 678 5194 Wido
688 5137 841 5195 Remorum
857 5140 950 5195 archi·
991 5137 1067 5192 none
1078 5143 1106 5192 et
1120 5140 1307 5217 reparatione.

147 5212 251 5283 presul
267 5211 300 5266 iu
315 5210 440 5266 Historia
467 5209 636 5266 inuentionis
658 5209 686 5265 S.
703 5209 812 5266 bertini
825 5227 951 5267 summas
1028 5207 1080 5280 (aar
1087 5210 1127 5265 De
1141 5211 1201 5281 ejus
1212 5212 1458 5272 administratione
1467 5217 1549 5288 plura
1558 5219 1670 5291 scripsit
1678 5220 1789 5276 Onleri·

145 5285 286 5353 pontifex,
302 5282 371 5336 elias
381 5297 507 5337 ιιιιιιιιιιιι
521 5284 622 5350 merul
632 5280 743 5336 dicitnr.
992 5295 1040 5336 cus
1055 5279 1134 5336 libris
1149 5295 1190 5345 nr,
1207 5297 1234 5337 ιι
1249 5288 1278 5339 et
1295 5299 1332 5339 ιιι
1349 5285 1478 5344 ilistoriae
1495 5307 1562 5344 suae.
1578 5290 1656 5355 Quod
1671 5306 1734 5346 rero
1753 5293 1791 5348 ad

182 5354 239 5424 (28)
256 5353 410 5424 Egregiam
422 5351 524 5408 horum
534 5349 770 5408 xenodochiorum
786 5352 951 5426 descriptio·
992 5352 1065 5406 hanc
1079 5350 1154 5410 disce
1176 5354 1310 5410 tationem
1326 5371 1391 5412 cum
1404 5359 1559 5414 Laniranco
1573 5360 1682 5425 attinet,
1696 5363 1793 5434 legen-

147 5441 211 5480 nern
227 5423 320 5479 habet
333 5423 487 5479 Eadmerus
499 5423 592 5477 libror
609 5421 739 5478 Historia
749 5424 902 5493 Novarum,
913 5424 952 5480 si·
991 5371 1310 5548 peudusestdadmerus
1323 5429 1371 5499 qni
1385 5447 1447 5484 eam
1461 5430 1552 5484 libror
1567 5431 1639 5487 llist.
1650 5433 1794 5493 Nororum

148 5503 193 5550 cut
205 5503 238 5550 et
255 5495 408 5559 donorum,
421 5495 564 5566 quaeidem
577 5493 750 5550 Lanfrancns
768 5495 952 5551 ecclcsiresuae
1005 5510 1054 5550 use
1068 5495 1190 5568 exponit.
1207 5497 1280 5553 sieut
1298 5503 1325 5553 et
1344 5515 1374 5554 se
1396 5505 1507 5554 nentem
1523 5517 1588 5558 curu
1601 5504 1731 5577 episcopo
1746 5508 1793 5563 Ci-

148 5567 284 5622 contulit.
292 5565 456 5620 Videatiam
465 5566 540 5620 eade
553 5581 584 5620 re
592 5565 682 5620 fusius
690 5565 874 5622 disserentem
882 5567 954 5622 Ger·
994 5567 1139 5622 cestrensi.
1154 5566 1262 5624 Ibidem
1284 5575 1365 5625 notat
1407 5571 1557 5627 admerdus
1571 5575 1727 5633 Lanlrancc
1743 5579 1795 5634 ad·

146 5640 261 5696 sadum
277 5636 555 5694 Dorobernensemin
565 5635 643 5692 dctis
656 5637 819 5712 pontificum
835 5639 955 5695 cantua-
995 5636 1080 5696 faisse
1097 5639 1289 5712 Duustauum,
1310 5646 1342 5696 ut
1359 5642 1481 5702 ecclesiae
1499 5659 1557 5702 sue
1575 5647 1641 5721 iura
1658 5654 1795 5729 tueretur,
