3934 6174
150 367 190 426 tn
433 368 475 426 ΙΝ
492 368 528 426 li.
546 365 657 424 Ptutt
676 364 789 438 uptun.
809 365 996 423 coutitur.
1015 397 1051 408 -
1069 367 1181 426 EPlS'l'.
1202 368 1251 424 tu
1273 366 1432 425 PHILIPP.
1701 367 1753 428 318
1859 401 1866 412 ·

148 489 201 543 recti
213 498 307 554 mauri
329 494 365 545 ut
384 488 462 546 idem
486 489 645 563 sapientum
667 497 697 548 et
718 492 815 548 eadem
839 503 1055 564 permaneamus
1076 492 1184 565 regula.
1205 489 1240 550 tu
1263 492 1421 550 iminium
1441 492 1498 550 tuci
1517 496 1618 560 astuta
1638 493 1752 564 fratrem

55 597 56 602 ¹
147 575 307 632 concnam
328 580 492 640 incitemini.
504 595 562 640 eoa.
579 583 627 652 qui
642 581 699 650 ito,¹
718 585 789 638 n'tut
812 596 871 651 nor,
890 583 1047 648 ambulant,
1069 583 1142 638 sicut
1165 582 1274 639 habetis
1295 582 1413 637 formam
1434 587 1571 645 eommm.
1598 585 1670 640 sicut
1688 587 1753 640 ertit

147 667 264 735 mptimtt,
276 668 475 722 ttoombulote.
499 668 582 724 ttutti
596 670 672 726 euim
686 670 842 732 ambulant.
855 687 1047 727 noitneomnes
1058 675 1096 728 ito
1106 674 1349 742 ambulanttquoe
1357 687 1430 742 sepe
1441 670 1566 726 dicebam
1578 671 1753 742 vobisluunm

145 763 219 810 tutem
230 761 257 809 et
272 756 342 810 deos
354 755 428 816 diem
440 756 569 814 inimicos
583 760 674 815 erucis
688 760 802 824 Christi.
818 769 938 832 quorum
953 761 1016 816 lluis
1042 760 1184 824 interitus.
1213 757 1257 824 31,
1287 769 1407 830 quorum
1430 759 1504 814 Deus
1525 763 1624 814 venter
1642 763 1694 824 est.
1723 763 1752 814 et

143 843 213 914 noda
222 859 309 900 eorum
324 849 484 914 conpacto
497 846 527 901 in
538 854 670 918 perpetuo
685 849 848 906 contusione
862 850 998 922 ipsorum,
1014 851 1060 922 qui
1071 855 1185 906 terrene
1203 848 1326 920 sapiunt.
1343 848 1447 904 Nostra
1463 853 1557 904 autem
1577 846 1751 902 contemtio

142 934 236 989 incelis
247 941 296 1000 cet,
311 937 353 990 cei
370 938 403 990 ele
417 937 490 992 colia
503 942 552 1001 etl,
566 942 634 1008 qu't‘c
645 942 678 994 in
691 942 763 996 colit
773 937 978 994 conderemur.
994 938 1074 994 Unde
1094 937 1180 994 eliam
1201 937 1374 994 Salvatorern
1390 941 1586 1008 exspectamus
1599 935 1751 992 Dominum

142 1024 344 1079 nostrumlcsum
354 1024 509 1082 cuculum.
521 1025 565 1094 32,
577 1025 621 1085 33.
634 1029 682 1100 qni
694 1027 860 1084 reformabit
869 1043 971 1098 corpus
977 1025 1145 1081 humilitatis
1154 1031 1266 1090 nosue,
1275 1027 1381 1080 tremite
1394 1030 1531 1091 nostrum,
1543 1026 1750 1096 configuratum

130 1112 226 1183 ,corpori
238 1113 372 1169 claritatis
385 1122 454 1180 tua,
466 1121 491 1171 ct
507 1116 557 1172 boc
565 1123 661 1187 potest,
672 1117 828 1173 secundum
839 1115 1032 1188 operationem
1046 1118 1170 1182 strictio,
1191 1117 1352 1170 diuinitatis
1378 1121 1443 1182 tub,
1471 1129 1528 1185 qua
1549 1114 1636 1170 etiam
1661 1113 1751 1186 potuit

140 1199 250 1270 subjicere
262 1201 316 1257 sibi
329 1203 436 1258 omitia.

842 1293 960 1350 CAPUT
978 1293 1026 1349 tv.

162 1400 254 1486 ltaque,
268 1415 348 1485 (quid
359 1417 429 1472 Deus
439 1417 602 1486 relbrntobtt
614 1427 671 1485 nos,
681 1413 1031 1478 dundolmmo'rtotitotcm)
1042 1407 1143 1472 iratres
1153 1415 1209 1472 mei
1221 1411 1379 1472 charissimi
1390 1419 1418 1472 et
1427 1405 1669 1480 desideratissimi.
1679 1405 1751 1488 gili-¹

135 1498 195 1558 dium
209 1521 309 1569 meum,
325 1508 398 1560 unde
408 1507 538 1574 pendebo,
555 1513 584 1562 et
595 1517 697 1562 corona
713 1521 785 1571 mee.
803 1499 876 1562 unde
889 1507 1042 1561 corunbbor
1054 1505 1093 1560 sic
1107 1509 1191 1576 state,
1206 1511 1238 1560 ut
1252 1505 1419 1561 indocibilis
1433 1497 1644 1574 convertemini,
1657 1495 1751 1562 lnbe-

135 1593 195 1646 mino
203 1593 355 1648 etm'iissimi
363 1593 579 1665 (dissentiebant)
590 1591 1004 1665 Evodiamtproprtumnomen)
1013 1605 1090 1665 rogo,
1101 1587 1130 1650 et
1140 1585 1301 1667 syntychen
1314 1593 1470 1664 (proprium
1485 1605 1593 1661 nument
1602 1583 1748 1667 deprecor.

132 1687 156 1734 nt
167 1681 275 1753 idipsum
292 1700 400 1755 sapere,
416 1687 536 1754 romunt,
553 1682 582 1741 in
594 1685 723 1740 Domino.
735 1685 825 1740 Etiam
842 1690 908 1755 rogo
921 1681 949 1738 et
962 1681 1143 1750 te‚(le'rmane
1155 1685 1279 1753 (propriu
1285 1696 1311 1738 m
1323 1683 1676 1755 nomenttomparmdjurs
1684 1673 1751 1739 illas

132 1772 194 1834 dues,
204 1787 261 1842 quae
272 1789 384 1828 mecum
397 1773 605 1844 laboraverunt,
615 1778 767 1830 necessario
775 1778 977 1838 ministrantem
988 1773 1018 1828 in
1028 1773 1176 1844 Evangelio
1187 1789 1250 1828 cum
1259 1773 1402 1829 Clemente
1413 1773 1558 1828 attentetis
1569 1771 1748 1843 adjutoribus

131 1860 194 1922 meis,
205 1877 323 1931 quorum
333 1863 449 1918 nomina
458 1872 523 1919 sunt
538 1865 566 1919 in
576 1864 647 1920 libro
657 1867 729 1921 vitre.
743 1866 768 1923 1.
778 1865 906 1920 Gaudete
915 1863 1100 1922 tdctermincti
1110 1863 1139 1918 in
1150 1862 1269 1917 Domino
1280 1878 1400 1932 semper,
1410 1861 1514 1917 iterum
1525 1861 1586 1916 dico
1595 1880 1601 1915 :
1610 1859 1747 1932 Gaudete,

130 1950 150 2003 l.
162 1947 289 2005 llodestla‘
302 1955 396 2007 restio
409 1953 447 2008 eit
462 1947 592 2009 omnibus
608 1955 781 2021 bominibus,
795 1954 922 2009 munitm
933 1945 1048 2006 cutem
1059 1953 1129 2012 silit.
1146 1949 1176 2007 t.
1195 1947 1333 2006 Dominus
1341 1947 1416 2004 enim
1428 1961 1515 2021 prope
1522 1954 1574 2006 eet.
1582 1943 1752 2014 tumente:

129 2055 242 2094 mensum
252 2042 384 2096 omnibus·
393 2043 489 2096 diebus
501 2046 901 2112 risqueedcontammottbnem
913 2043 1008 2097 seculi
1021 2039 1114 2106 >Nihil
1127 2038 1239 2094 solliciti
1253 2038 1325 2102 sitis,
1340 2037 1388 2092 sed
1401 2038 1429 2101 t,
1444 2035 1474 2092 ln
1488 2033 1566 2092 omni
1581 2037 1608 2092 b.
1620 2029 1750 2091 oratione

130 2129 151 2180 et
162 2127 357 2196 obsecratione,
372 2144 436 2185 cum
450 2131 608 2202 gratiarum
623 2133 743 2190 actione.
759 2130 784 2188 6,
802 2128 953 2202 petitiones
966 2137 1065 2184 vestras
1079 2129 1256 2184 innotescent
1268 2143 1321 2181 eser
1332 2126 1407 2198 apud
1419 2127 1518 2190 Deum,
1534 2135 1590 2180 nort
1600 2119 1749 2194 micelen-

130 2214 185 2268 tlcm
200 2217 354 2272 tinnitum.
370 2215 396 2279 7,
415 2219 431 2275 8
458 2219 493 2274 Et
506 2230 561 2291 pax
575 2215 636 2287 det,
654 2237 715 2292 quae
732 2227 883 2293 exsuperat
897 2231 1009 2275 omnem
1022 2231 1147 2282 sensum,
1164 2210 1230 2286 (quo
1244 2215 1369 2272 dttristur
1384 2229 1432 2270 noa
1447 2217 1527 2270 Petri
1537 2208 1749 2283 potidcoottmll

128 2309 286 2372 mtrtmtice,
297 2311 372 2377 quod
382 2315 480 2364 nullas
493 2322 587 2364 sensus
603 2313 660 2364 disi
671 2313 721 2366 Dei
731 2314 847 2380 percipit
858 2309 999 2365 custodiet
1011 2307 1095 2362 corde
1108 2311 1211 2371 remia,
1222 2311 1250 2360 et
1261 2304 1462 2374 intelligentias
1473 2307 1588 2363 emmo.
1600 2299 1749 2356 inclrrlsto

127 2395 187 2450 lesu.
202 2393 240 2451 Ite
254 2399 368 2464 mter-o,
382 2399 490 2462 deindo,
505 2399 546 2454 oet
557 2402 589 2454 dc
598 2403 665 2455 otiis
675 2391 1163 2469 emendandisdtatresqquaecunque
1186 2399 1254 2448 sunt
1269 2408 1342 2457 rere,
1357 2391 1531 2463 quiscunque
1544 2388 1655 2462 pudica,
1671 2402 1751 2459 quer*

124 2500 216 2555 cunque
226 2487 314 2555 meta,
329 2503 503 2559 quecunque
519 2494 626 2551 saneta.
641 2497 817 2560 quacunque
830 2487 972 2554 amabilia,
983 2487 1010 2541 o.
1024 2497 1196 2556 quecunque
1210 2483 1289 2538 boote
1301 2482 1392 2546 mmm,
1413 2481 1438 2535 si
1452 2493 1509 2552 qua
1529 2480 1628 2540 cimus.-
1647 2477 1671 2532 si
1692 2491 1750 2548 qua

124 2574 174 2626 teus
186 2574 349 2646 disciplina:
364 2573 423 2630 brec
437 2576 569 2646 cogitate.
582 2577 650 2640 Qure
665 2583 692 2630 et
705 2577 851 2636 didicistis.
868 2581 896 2631 et
909 2571 1066 2647 acceptans·
1080 2579 1109 2628 et
1117 2573 1246 2638 audistis,
1262 2577 1292 2626 et
1307 2571 1414 2626 vidistis
1428 2571 1457 2626 ln
1472 2585 1526 2636 me,
1546 2573 1604 2626 time
1617 2565 1705 2640 egilo:
1718 2565 1749 2621 ὀὶ

125 2659 186 2715 Deus
198 2663 273 2734 petis
284 2663 342 2718 elit
353 2663 505 2720 tobiscttm.
528 2663 571 2723 tt.
586 2665 707 2719 Govlsds
715 2678 778 2720 sum
793 2673 890 2720 autem
902 2666 930 2719 in
940 2664 1060 2720 Domino
1072 2661 1261 2727 vehementer,
1277 2659 1410 2733 quodiam
1417 2660 1531 2718 undem
1542 2653 1745 2732 aliquandoltt

782 2769 1081 2846 contineremus.

146 2906 315 2967 blbmnos
340 2913 507 2978 Imltutoresr
528 2914 580 2968 boc
598 2919 651 2981 est,
673 2913 760 2970 nolite
777 2913 829 2970 sub
846 2915 942 2985 lepeA
952 2910 1260 2984 postcommunionem.
1276 2911 1335 2966 lloc
1348 2893 1429 2982 pouit
1440 2925 1492 2982 pro
1507 2906 1585 2964 omui
1601 2905 1742 2964 credone

118 2995 204 3065 rivere,
218 2999 292 3054 sicut
306 3016 359 3055 nec
374 3017 425 3072 ego
440 3001 499 3056 vivo
514 3001 650 3072 sublege.
981 3002 1008 3056 5.
1036 3001 1176 3066 Oreticum
1200 2999 1230 3054 id
1254 3004 1308 3064 estu
1326 2998 1548 3070 quotiescunque
1574 2995 1673 3063 oratis,
1701 2994 1747 3050 tel

144 3083 184 3144 31.
205 3087 331 3154 Quaeram
358 3091 429 3145 Deus
451 3096 553 3145 uenter.
577 3091 663 3156 Quasi
694 3091 753 3147 Deo
789 3092 904 3163 quidam
945 3087 1188 3162 gennomerus,
1204 3092 1271 3143 tunc
1292 3086 1380 3161 petite
1404 3086 1429 3142 si
1449 3085 1517 3158 quid
1537 3101 1555 3139 a
1573 3085 1631 3141 Deo
1650 3087 1747 3156 petere

115 3175 190 3228 rentii
229 3177 422 3242 intendentes,
459 3179 594 3251 pietotem
630 3194 692 3235 esse
728 3180 898 3246 existiment,
945 3179 1038 3233 vultis.
1600 3163 1609 3179 ⁴

114 3263 175 3332 quod
186 3263 240 3319 elia
261 3266 377 3336 quidem
400 3267 501 3322 offerre
520 3267 585 3329 alia.
612 3267 669 3322 alia
701 3268 817 3324 minime
840 3277 901 3324 stu·
978 3267 1004 3323 6.
1019 3268 1148 3346 litteren.¹
1164 3267 1252 3340 (epist.
1266 3263 1387 3323 ltine
1406 3265 1484 3336 prob.
1499 3265 1531 3318 de
1557 3263 1663 3317 orendo
1684 3262 1745 3328 Deo,

113 3349 237 3423 denota,
248 3351 299 3409 alii
316 3355 431 3426 quidem
441 3353 541 3412 offerre
558 3352 623 3424 alie,
641 3353 689 3411 alii
709 3357 766 3412 alia
784 3352 901 3412 minime
941 3349 1002 3427 c‘ap.
1015 3357 1042 3420 9.
1057 3361 1125 3411 tom.
1137 3356 1184 3422 ll.)
1199 3355 1344 3412 Petitionct
1354 3357 1447 3410 vestra
1471 3351 1534 3408 Non
1549 3343 1591 3406 sic'
1604 3349 1744 3422 accipien-

112 3442 255 3516 studeuntj.
941 3445 1009 3500 dum
1024 3449 1211 3517 esttanquam
1224 3444 1282 3500 Deo
1299 3444 1485 3505 innotescant.
1502 3441 1550 3514 qui
1566 3457 1614 3496 ena
1624 3445 1652 3495 et
1664 3445 1747 3494 ante·

139 3527 178 3583 m.
198 3533 253 3598 Qui
265 3533 440 3600 reformabit.
457 3531 564 3605 Corpus
579 3533 654 3606 quod
673 3538 748 3589 nunc
768 3533 900 3589 humilia·
942 3538 1027 3604 quatit
1041 3521 1136 3588 essent
1151 3539 1267 3588 novaret
1292 3533 1347 3588 Sed
1371 3531 1452 3587 nobis
1468 3531 1648 3587 innotescunt
1670 3527 1748 3600 apud

109 3625 159 3673 turo
172 3627 216 3675 ost
230 3621 399 3688 submonte,
420 3622 456 3676 ad
475 3622 715 3678 immortalitatem
738 3623 898 3687 transferet.
941 3623 1031 3677 Deum
1045 3639 1095 3694 per
1109 3623 1368 3689 tolerantiam‚non
1387 3621 1463 3693 apud
1482 3619 1610 3676 hontines
1625 3634 1677 3690 per
1700 3618 1747 3688 ja-

110 3706 190 3764 simile
199 3708 271 3764 illud
285 3725 339 3764 suo
352 3710 463 3781 corpori
478 3709 591 3765 faciens.
719 3775 722 3792 Ι
940 3711 1085 3766 cientium.
1097 3711 1233 3766 Autlorte
1248 3711 1332 3766 etiam
1344 3709 1522 3788 innotescant
1533 3708 1608 3780 apud
1621 3705 1746 3792 angelos,

138 3793 176 3852 33.
192 3798 301 3856 Lmsrm
323 3799 377 3868 Qui
396 3799 569 3868 reformabit.
590 3793 636 3855 Sic
656 3801 685 3856 in
705 3797 751 3855 die
772 3817 900 3856 resurre-
941 3800 989 3872 qui
1004 3807 1071 3855 sunt
1085 3799 1159 3871 apud
1175 3799 1273 3867 ileum,
1286 3806 1318 3855 ut
1331 3795 1540 3871 quodammodo
1560 3791 1608 3852 ees
1626 3794 1746 3878 offerant

109 3886 197 3940 ctiouis
225 3884 395 3942 reformabit
418 3883 548 3943 Christus
573 3904 675 3960 corpus
702 3893 840 3956 nostrum,
869 3895 901 3945 ut
941 3891 1010 3958 Deo,
1031 3895 1058 3944 et
1075 3887 1162 3943 dehis
1177 3887 1333 3954 consulant,
1349 3883 1464 3961 etquod
1479 3887 1536 3942 Deo
1549 3883 1667 3958 jubente
1690 3881 1746 3940 iii-

107 3975 223 4030 endem
240 3976 383 4031 claritatis
406 3977 526 4047 Quium
545 3977 648 4034 habeat
666 3995 750 4050 quam
770 3971 855 4033 habel
873 3985 901 4033 et
940 3977 1074 4049 piendum
1087 3995 1148 4032 esse
1158 3978 1348 4050 cognoverint,
1366 3977 1419 4032 hoc
1433 3973 1513 4032 nobis
1533 3973 1576 4030 vel
1592 3963 1745 4052 evidenter,

108 4078 189 4118 suum.
542 4093 549 4108 ·
941 4066 984 4120 vel
1006 4062 1127 4121 latenter
1150 4067 1304 4137 reportent.
1328 4061 1404 4121 uixit
1419 4063 1494 4120 enim
1517 4052 1655 4134 angelus:
1674 4061 1747 4118 Cum

136 4151 207 4208 ute.
223 4155 274 4210 Ν.
289 4183 322 4194 -
339 4154 363 4208 l.
376 4155 475 4229 (Serm.
491 4154 526 4210 37
546 4157 582 4210 lle
598 4159 671 4212 verb.
685 4159 776 4224 Dum„
792 4165 816 4212 c.
828 4156 854 4218 5,
871 4160 896 4212 t.
910 4155 1072 4248 Boraretii.
1089 4157 1140 4225 ego
1153 4154 1243 4211 obtuli
1253 4154 1408 4210 orationem
1423 4159 1542 4208 uestram
1557 4152 1747 4222 inconspectu

106 4239 144 4306 l.)
157 4243 276 4300 Gaudete
300 4246 333 4300 in
347 4245 474 4299 donnino.
497 4243 625 4300 Gaudete
648 4247 678 4301 in
701 4246 821 4302 Domino
844 4260 901 4300 non
943 4243 1081 4300 claritatis
1097 4244 1158 4299 Dei.

105 4327 130 4381 iu
142 4333 251 4400 seculo,
263 4332 295 4388 id
309 4337 360 4400 eat,
374 4333 496 4404 gaudete
516 4339 600 4400 101
617 4334 647 4392 in
662 4335 788 4404 tentata,
800 4350 857 4390 oon
870 4335 900 4389 in
980 4335 1005 4390 7.
1021 4337 1146 4389 Auensr.
1163 4333 1222 4398 (lib.
1238 4347 1303 4388 arn.
1318 4335 1355 4388 lte
1367 4335 1444 4388 civit.
1457 4333 1516 4399 Det,
1529 4347 1554 4388 c.
1566 4327 1613 4398 tt,
1624 4327 1747 4400 tomv.)

105 4417 255 4490 iniquitate.
944 4425 1046 4494 nepae
1059 4423 1115 4478 Dei.
1143 4423 1242 4478 Pacem
1264 4437 1320 4494 qua
1351 4421 1426 4478 Deua
1448 4421 1510 4494 ipse
1535 4419 1663 4491 placatus
1689 4423 1743 4486 est,

134 4509 158 4560 2.
173 4509 302 4568 Αυουετ.
319 4513 413 4581 (liniet.
430 4511 489 4572 159.
507 4513 653 4580 timedio,
670 4518 740 4570 tom.
762 4514 796 4572 IIt
813 4515 901 4568 illude
941 4515 1015 4572 sicut
1031 4514 1106 4570 Deus
1122 4514 1209 4579 novit,
1221 4529 1277 4568 nou
1290 4529 1355 4572 eam
1366 4512 1466 4568 nossic
1480 4527 1631 4594 possumus
1651 4525 1744 4577 nosse,

102 4599 747 4675 sttboertrc.0mniabonaoperaamantiuluce
754 4601 898 4670 constitui,
941 4621 992 4682 nec
1007 4601 1057 4680 ulli
1073 4601 1180 4676 angeli3
1197 4602 1536 4676 superatitaqueomnem
1551 4599 1741 4657 intellectum.

102 4694 280 4759 conpropter
296 4690 447 4747 humanam
463 4692 657 4763 gloriamsod
671 4697 702 4746 ut
716 4691 838 4758 uideant,
859 4691 900 4748 ait
974 4697 1001 4750 t.
1020 4693 1123 4750 bento.
1155 4693 1214 4750 Pac
1257 4693 1315 4756 Dei,
1339 4690 1368 4746 id
1392 4695 1445 4756 est,
1466 4705 1522 4762 qua
1542 4689 1572 4745 iu
1594 4687 1746 4770 semetipso

100 4773 243 4844 Dominus,
253 4795 338 4849 opero
348 4786 437 4837 certrc
447 4784 720 4852 bonumtptoriflccnt
735 4782 899 4838 Patremon·
941 4787 1059 4856 pacatus
1069 4787 1123 4848 est,
1138 4780 1182 4838 vel
1193 4797 1250 4853 qua
1267 4782 1424 4838 humanum
1441 4795 1531 4854 genus
1556 4778 1749 4838 reconciliarit

100 4868 188 4920 strum
203 4871 257 4936 qui
271 4871 306 4922 in
318 4871 390 4924 celis
405 4875 452 4924 erl.
942 4871 1009 4927 sibi.

130 4951 155 5009 3.
167 4957 269 5024 (loidi
287 4957 423 5012 Dominus
434 4974 517 5028 prope
528 4963 576 5016 ert.
593 4959 643 5013 llle
659 4959 735 5013 enirn
745 4953 793 5030 qni
803 4971 901 5012 ascen·
978 4951 1006 5016 9'.
1022 4963 1143 5016 Auuusr.
1163 4960 1220 5022 nib.
1234 4961 1272 5015 De
1292 4961 1359 5015 bono
1375 4960 1477 5021 viduit.
1493 4975 1517 5014 c.
1532 4957 1578 5026 22,
1596 4962 1666 5016 tom.
1681 4957 1748 5026 IV.)

99 5039 170 5096 ditio
184 5045 305 5114 omium,
321 5054 353 5100 ut
367 5047 515 5102 tolleretur
527 5047 563 5102 ab
574 5047 662 5103 oculis
675 5048 789 5114 nostris,
802 5047 904 5118 promi·
944 5051 1116 5120 Quacumque
1131 5053 1205 5106 boob
1218 5053 1310 5120 seim:
1326 5049 1391 5106 Non
1405 5049 1528 5122 neglexit
1542 5064 1647 5121 ponere
1667 5047 1746 5106 bonai

98 5129 130 5184 sit
140 5131 224 5189 uobis
237 5133 340 5190 dicens
351 5153 357 5189 :
369 5137 437 5191 licce
445 5139 584 5192 vobiscum
593 5153 655 5192 curn
671 5137 903 5193 omnibusdicbm
944 5139 1043 5207 semet
1058 5139 1224 5212 duobusque
1235 5144 1337 5196 cuncta
1351 5139 1496 5204 conclusit,
1512 5138 1562 5196 ubi
1575 5138 1617 5196 ait
1628 5155 1635 5192 t
1647 5137 1679 5194 et
1690 5151 1747 5204 utta

99 5235 175 5289 usque
193 5225 233 5278 ad
251 5229 522 5280 comminutionem
545 5229 650 5281 seculi.
672 5225 773 5284 Merito
792 5225 832 5280 sic
850 5241 902 5280 nos
943 5233 1041 5295 sirim,
1053 5231 1079 5283 ri
1085 5247 1141 5300 quo
1152 5234 1223 5285 teus.
1235 5229 1416 5288 Advirtutem
1426 5235 1522 5286 autem
1534 5227 1747 5299 pertiuoutqua

95 5309 245 5379 Apostolus
260 5313 471 5384 alloquebatur:
484 5316 618 5370 dorminut
629 5318 661 5370 in
678 5318 813 5384 precium,
827 5315 901 5370 nibil
942 5323 1025 5372 antea
1035 5319 1213 5374 memorauit.
1230 5321 1307 5375 Boua
1320 5317 1472 5376 famatero
1486 5317 1522 5374 ad
1537 5315 1664 5372 laudem.

95 5402 204 5454 solliciti
216 5403 345 5468 [unitis.
359 5403 444 5458 Sedet
454 5404 628 5476 supercolos
634 5404 772 5468 Christus.
783 5403 901 5473 etlonge
982 5407 1024 5462 tu.
1039 5407 1163 5462 Aneros.
1180 5408 1295 5465 dubitus
1307 5424 1380 5462 cum.
1389 5407 1421 5462 ln
1433 5405 1555 5461 Domino
1565 5403 1748 5470 dixit.utuctt

93 5495 154 5542 sust
167 5489 246 5554 coeli,
264 5496 296 5544 et
307 5490 367 5563 ipse
378 5493 426 5563 qui
438 5492 477 5546 ibi
489 5492 579 5558 sedet,
591 5509 677 5565 prope
692 5497 745 5548 est.
941 5495 1085 5551 videretur
1108 5495 1143 5549 ob
1168 5495 1316 5568 pecuniam
1338 5493 1391 5550 tibi
1415 5493 1551 5550 directam
1576 5492 1677 5558 tauri.
1698 5491 1749 5548 ted

124 5577 150 5632 i.
167 5577 285 5633 Licere.
295 5581 329 5635 In
342 5584 422 5636 ontni
432 5586 566 5649 oratione,
579 5589 632 5638 etc.
650 5583 747 5638 Oratio
756 5599 817 5654 qua
831 5589 898 5640 ante
908 5583 1051 5656 Cpropter
1063 5590 1240 5656 propositum
1254 5583 1369 5640 illorum
1380 5581 1429 5654 qtti
1444 5580 1594 5640 miuruut.

93 5661 281 5738 Euangeliou]
296 5685 303 5736 ;
318 5668 483 5740 obsecratio,
495 5675 623 5741 secreta;
640 5671 799 5742 gratiarum
817 5672 901 5742 ectio,
982 5673 1143 5730 timeare.
1164 5673 1343 5744 deflorantis,
1365 5671 1395 5726 id
1419 5677 1472 5740 est,
1495 5670 1646 5743 pristinum
1663 5670 1751 5742 largi·
