3882 6172
80 279 124 336 57,
551 261 589 316 nv
610 257 720 314 noter.
742 256 774 312 e.
794 251 1003 308 munaum
1021 255 1138 312 nore.
1611 261 1663 320 ers

78 398 176 472 siquiden
188 391 252 448 nihil
267 389 343 446 aliud
358 387 530 452 intellexere,
547 391 625 456 puto,
641 381 725 454 prisci
747 378 860 450 regest
869 379 910 433 vel
925 386 1017 436 metus
1027 381 1111 453 Regis
1120 381 1276 454 (Guillelmi
1287 385 1448 457 primiiejus
1462 386 1660 459 scilicetquem

78 506 110 562 per
122 487 182 540 illum
194 480 336 536 denarium
347 474 492 532 annuatim
505 471 730 546 persolvendum,
741 483 826 540 quam
867 465 942 522 inter
957 473 1072 526 caetcroa
1086 470 1161 524 illius
1175 470 1320 541 dignitatis
1335 473 1484 544 specialius
1494 492 1606 550 semper
1618 480 1661 536 di.

77 573 220 634 tributarium,
228 569 270 624 vel
280 565 467 622 feudatarium
479 563 567 618 libera
575 566 660 633 etque
668 557 826 615 Christiana
865 555 992 623 ierimus,
1004 559 1046 613 vel
1057 559 1179 614 maxime
1193 566 1243 614 tua
1257 562 1340 633 culpa
1349 561 1429 617 nobis
1446 565 1567 636 negavit,
1581 585 1594 620 r
1606 573 1659 628 etc.

78 668 178 720 plumeo
197 659 222 714 s,
245 658 329 712 Petro
352 655 468 725 ejusque
482 647 688 707 successoribus
707 661 824 717 regnum
869 645 965 700 lsthoec
979 647 1067 718 igitur
1082 647 1202 702 crimina
1214 648 1266 703 sibi
1280 649 1411 722 imposita
1423 651 1531 708 diluere
1543 654 1574 709 B.
1585 656 1660 714 Len-

76 765 208 816 uneuarc3
227 763 260 800 ex
280 761 338 799 uno
361 743 489 813 sequitur
514 739 646 804 alterum,
666 751 767 806 nempe
792 751 825 789 ex
866 732 987 803 francus,
1002 740 1087 806 atque
1102 751 1249 807 perperam
1257 736 1291 791 de
1301 753 1331 792 se
1346 738 1426 809 queri
1440 741 1599 810 pontificem
1613 762 1661 801 os-

75 843 148 898 uibuto
158 834 297 910 persoluto,
313 830 445 902 subsequi
468 828 630 884 fidelitatem
644 840 758 880 necesse
771 827 823 878 est.
865 823 981 878 tendere
994 829 1120 878 conatur.
1128 823 1201 887 Quid
1216 831 1317 880 renuat
1328 825 1661 898 Guillelmusrex,suaad

76 933 120 987 liuic
133 924 224 982 renuti
243 923 417 991 suffragatur
437 919 585 974 Polidorus
599 916 707 988 virgil,
727 913 776 968 lib.
797 927 825 967 ιν
866 911 1031 982 Gregorium
1045 928 1145 984 papam
1160 911 1278 985 epistola
1292 914 1462 970 manifestat.
1477 918 1534 973 Gur
1547 921 1662 978 tandem

75 1015 210 1086 liistdngl..
224 1029 289 1084 pag.
302 1009 454 1065 89.Verum
463 1005 824 1080 propiusremintueamur,
866 998 907 1053 ita
925 1001 1075 1071 compellat
1089 1000 1276 1057 Lansrancum
1291 1002 1409 1057 Romam
1421 1007 1566 1075 proficisci,
1583 1025 1665 1066 meu«

75 1113 124 1162 ster
134 1101 238 1158 lontibus
245 1096 375 1156 nonnihil
383 1096 557 1153 hauriamus.
566 1096 624 1151 Lex
635 1091 738 1148 Canuti
752 1090 826 1162 regis
866 1091 925 1142 tem
938 1105 1018 1144 suam
1032 1089 1124 1161 aperit
1143 1090 1187 1146 his
1205 1090 1313 1146 verbis:
1325 1109 1339 1145 a
1354 1092 1497 1156 Quatenus
1509 1111 1560 1152 uos
1573 1098 1617 1153 his
1632 1103 1664 1156 et

73 1195 185 1266 loglorom
206 1189 244 1244 sic
265 1186 371 1244 babet:
394 1204 407 1239 ι
422 1187 577 1242 Nummum
591 1183 687 1238 Romae
701 1179 826 1235 debitum
866 1175 930 1230 aliis
948 1177 1067 1248 negotiis
1081 1179 1295 1250 presentialiter
1309 1180 1445 1250 conferre,
1459 1189 1544 1255 atque
1554 1186 1662 1245 utilitas

73 1285 96 1338 el
110 1283 191 1336 testum
204 1279 231 1332 S.
246 1276 325 1332 Petri
343 1273 461 1340 reddito,
482 1273 608 1344 quitum
622 1285 678 1324 non
700 1267 823 1334 solverit,
865 1265 996 1320 Ecclesia
1010 1271 1106 1321 nostro
1123 1265 1262 1339 colloquio
1282 1275 1468 1340 augmentum
1486 1274 1587 1343 valeat,
1603 1276 1661 1333 Deo

72 1362 534 1441 epsupdeoariumtltumpltosque
544 1363 729 1432 praetereater
738 1359 825 1413 denos
865 1352 983 1420 latente,
995 1355 1153 1428 percipere.
1167 1377 1178 1408 ι

73 1461 187 1521 emerato,
199 1471 228 1509 ac
240 1454 302 1525 regi
322 1470 355 1510 eo
369 1451 482 1509 nomine
500 1453 595 1516 848
608 1450 730 1504 ducenos
746 1447 822 1511 dato,
1135 1459 1172 1502 nn
1187 1459 1337 1502 srrsroanrr
1350 1461 1388 1504 rx.
1577 1513 1579 1524 Ι

69 1544 168 1616 erigimi
179 1543 288 1598 solidos.
306 1562 319 1594 ι
331 1543 361 1598 S.
372 1540 521 1598 Eduardus
529 1537 692 1612 explicatius
700 1537 764 1606 lege
779 1532 821 1592 10.
899 1531 1064 1587 enoroeemi
1077 1533 1276 1603 archiepiscopo
1294 1535 1408 1590 Therae.
1421 1555 1435 1590 ι
1449 1537 1572 1595 'lbomss
1582 1555 1665 1598 cano·

71 1653 79 1684 ι
92 1633 166 1688 Omnis
181 1632 224 1703 qui
237 1630 370 1688 habuerit
384 1630 502 1702 triginta
511 1628 675 1684 denariatus
687 1625 753 1680 vivoe
772 1639 821 1696 pe-
863 1619 944 1675 nicus
966 1621 1127 1692 Bajocensis
1141 1621 1191 1694 (ait
1204 1623 1315 1678 Guillel.
1333 1623 1599 1697 ilalmesburiensis,
1612 1629 1662 1687 lib.

68 1725 129 1777 cunia
140 1723 248 1776 indomo
258 1737 322 1788 sua,
336 1720 371 1775 de
385 1737 435 1776 suo
448 1717 571 1791 proprio,
586 1713 852 1786 Anglorumlcgeffl
863 1708 903 1762 De
915 1708 1014 1780 pontif·
1032 1709 1061 1766 in
1075 1709 1212 1783 episcopis
1233 1710 1366 1767 Condidit
1380 1713 1466 1779 Oasaei
1482 1732 1499 1768 a
1513 1715 1664 1774 Guillelmo

70 1811 122 1865 debit
133 1810 264 1866 denarium
281 1811 309 1866 S.
317 1810 440 1876 Petri‚et
453 1808 514 1879 lege
529 1807 671 1862 Danorum
679 1802 825 1858 dimidiam
865 1813 931 1868 rege
944 1798 1170 1869 archiepiscopus
1189 1796 1311 1854 Eboraco
1330 1800 1413 1856 datus
1428 1807 1481 1868 cst,
1497 1806 1665 1874 permansit·

69 1917 165 1965 namn,
185 1900 235 1954 iste
258 1915 323 1954 rere
346 1897 479 1954 denarius
504 1893 590 1951 debet
611 1890 771 1949 submoveri
795 1890 825 1946 in
866 1901 921 1956 que
934 1885 963 1940 in
977 1886 1084 1942 honore
1099 1886 1217 1958 triginta
1231 1888 1323 1954 annis,
1338 1889 1414 1943 omni
1430 1889 1485 1943 vita
1502 1890 1621 1964 integer,
1635 1899 1665 1950 et

71 1991 205 2046 eternitate
220 1990 412 2062 apostolorum
423 1986 500 2041 Petri
512 1989 541 2040 et
550 1982 641 2048 Pauli,
652 1987 681 2036 et
688 1979 780 2051 colligi
790 1978 825 2034 sd
866 1973 912 2028 cui
926 1973 995 2028 nibil
1008 1974 1050 2030 vel
1065 1974 1093 2030 in
1109 1975 1206 2045 gestis,
1225 1976 1268 2030 vel
1292 1975 1322 2030 in
1344 1976 1425 2032 dictis
1437 1981 1595 2036 succenseri
1614 1982 1664 2038 de·

68 2077 275 2148 tenentemque
285 2075 388 2130 dicitur
397 2073 566 2136 advincula,
576 2075 648 2127 estc.
660 2071 723 2124 Non
735 2068 825 2150 solum
866 2061 941 2127 beat.
957 2063 1011 2118 nisi
1026 2063 1101 2134 quod
1114 2065 1206 2134 primo
1226 2064 1481 2136 archiepiscopatus
1495 2072 1621 2140 tempore
1635 2069 1666 2126 in

69 2165 183 2233 lngiomm
190 2161 578 2236 regnumeJusmodicensum
590 2159 706 2220 solvere,
717 2171 826 2210 verum·
865 2169 951 2208 causa
970 2152 1110 2224 primatus
1125 2153 1335 2209 Cantuariensis
1356 2155 1445 2226 magis
1465 2172 1560 2212 errore
1577 2174 1665 2230 quam

69 2253 125 2306 etan
137 2253 248 2308 omnium
268 2263 381 2326 (paucos
399 2252 423 2306 si
440 2250 573 2322 excipias>
588 2248 761 2303 diversorum
780 2259 826 2298 re·
866 2241 1022 2314 pertinacia
1041 2241 1167 2308 certavit,
1187 2261 1200 2294 r
1225 2247 1277 2296 etc.
1299 2242 1442 2298 Guillelmi
1466 2245 1666 2317 conquestoria

66 2357 153 2410 porum
177 2342 247 2397 orbis
277 2341 430 2396 christiani
460 2353 569 2410 regum,
595 2350 826 2406 summorumque
866 2328 931 2384 fatis
945 2329 1033 2385 functi
1046 2330 1165 2386 naniam
1180 2329 1324 2402 scripsisse
1339 2335 1491 2388 attestatur
1504 2334 1666 2406 Ordericus,

68 2425 195 2496 pnoeipnm,
207 2443 269 2481 mos
291 2425 355 2480 tuit.
379 2424 528 2490 Ditbmsr.,
546 2423 566 2480 l.
582 2437 621 2492 vr,
639 2418 777 2476 Batonius
790 2419 827 2475 ad
867 2416 931 2474 hist.
948 2417 1011 2472 libr.
1023 2431 1073 2475 vrri
1089 2434 1173 2490 quam
1187 2423 1217 2473 et
1230 2418 1316 2474 refert
1333 2419 1393 2492 ipse
1406 2420 1581 2479 adverbum.
1593 2423 1669 2481 'fho-

66 2528 97 2570 aa.
108 2511 173 2574 ttae,
186 2513 261 2580 1062,
280 2511 359 2582 1076,
373 2513 450 2570 lost.
867 2522 942 2561 marn
958 2507 1072 2562 sanitati
1083 2507 1224 2562 redditum
1243 2507 1351 2564 meritis
1364 2507 1439 2564 beati
1453 2509 1600 2568 cuthberti
1614 2513 1668 2570 Bo·

89 2601 141 2656 fera
153 2608 333 2670 opportunum
345 2602 432 2668 (uerit
455 2601 673 2654 transmittetur.
694 2597 827 2654 Avaritiae
866 2610 951 2665 gerus
967 2595 1108 2650 Hereden.
1129 2597 1378 2652 commemorated
1396 2614 1441 2653 an.
1464 2597 1539 2666 1083,
1555 2600 1668 2658 inWil-

64 2688 110 2742 ritio
123 2691 213 2761 passim
226 2689 263 2744 ab
278 2689 441 2745 auctoribus
455 2693 571 2744 notatur
584 2686 752 2743 Guillclmus
766 2699 827 2755 rex,
868 2683 952 2738 lelmo
968 2684 1093 2742 Seniore.
1110 2683 1153 2740 Ob
1167 2685 1246 2754 cujus
1264 2685 1386 2756 gratiam
1405 2687 1588 2744 Dunelmensi
1607 2691 1668 2762 epi·

65 2777 208 2849 carpiturque
217 2778 296 2849 quod
308 2778 337 2833 in
346 2776 533 2849 aggregandis
543 2774 596 2832 sibi
606 2791 662 2832 non
673 2773 773 2830 debitis
782 2790 829 2846 pe-
869 2788 952 2845 scopo
964 2772 1091 2828 concedit
1104 2771 1224 2844 ipsemet
1235 2773 1394 2830 Willelmus
1407 2775 1554 2832 canonicos
1569 2777 1604 2832 ab
1619 2793 1668 2834 ea·

63 2864 127 2918 maiis
139 2866 255 2922 animum
276 2867 340 2938 plus
354 2881 433 2936 siquo
450 2864 618 2937 applicuerit
630 2883 637 2932 ;
651 2863 700 2918 sed
715 2862 828 2918 monitis
869 2861 933 2916 dem
948 2861 1066 2916 ecclesia
1077 2859 1252 2929 submovere,
1270 2861 1453 2935 sufficereque
1468 2865 1619 2922 monachos
1637 2867 1669 2923 iu

64 2949 84 3002 B.
91 2952 216 3010 Lnnlranci
229 2971 384 3026 assurgens
391 2954 506 3010 demum
521 2953 557 3008 ad
565 2952 711 3008 meliorem
718 2952 829 3022 frugem
869 2965 969 3005 eorum
983 2949 1085 3004 locum.

63 3043 194 3114 aesopo
214 3043 292 3116 quoe
315 3042 389 3098 rnna
407 3043 443 3097 ao
465 3042 547 3114 epus.
571 3042 616 3109 so,
632 3041 674 3096 nt.
690 3042 717 3108 e,
733 3019 858 3096 osten-C
906 3037 1667 3107 nooerroeseeee.orneacusvmmno.1v.ntsc.

64 3123 143 3183 lenus.
872 3143 935 3200 pag.
960 3124 1021 3182 eati.
1041 3145 1052 3176 ι
1079 3125 1162 3182 lvone
1186 3126 1363 3198 Sagiensium
1387 3130 1506 3200 praesule
1526 3130 1668 3200 defuncto,

286 3239 324 3278 nn
342 3233 496 3278 aeteruum
510 3233 570 3276 vlu.
871 3214 1010 3270 Robertus
1023 3213 1140 3270 liuberti
1155 3215 1190 3271 de
1208 3216 1261 3271 Ria
1279 3217 1354 3272 lilius
1371 3219 1514 3286 successit,
1536 3221 1585 3292 qui
1609 3223 1670 3278 lere

86 3304 203 3374 inperio.
225 3311 306 3368 Alias
334 3309 541 3378 llildebrand03
567 3310 648 3380 cujus
673 3323 718 3363 res
735 3309 830 3378 gestas
871 3303 1017 3358 duodecim
1031 3303 1113 3358 annis
1125 3305 1252 3376 praelatui
1267 3305 1396 3377 prafuit;
1413 3313 1442 3362 et
1458 3308 1518 3379 ipse
1532 3309 1607 3365 circa
1618 3309 1671 3368 Dei

66 3389 129 3447 elur
141 3401 363 3468 perstrinximus,
378 3416 421 3471 ep.
438 3400 464 3465 5,
480 3399 522 3454 lit.
535 3415 563 3452 a.
871 3397 1095 3452 cultumfervens
1104 3397 1260 3468 Religiosos
1271 3399 1392 3456 multum
1401 3399 1507 3455 dilexit.
1519 3401 1667 3475 spagbi'i.

88 3484 186 3541 torono
209 3506 253 3543 ore
281 3491 427 3544 dulcedine
454 3487 648 3557 reprehendere
675 3485 830 3540 studuistis.
872 3484 1003 3542 Interfuit
1017 3485 1134 3541 concilio
1149 3486 1368 3559 Rothomagsnsi
1388 3489 1672 3565 aloennearchiepi·

66 3566 120 3624 uos
130 3577 275 3647 respondet
296 3577 423 3650 epistolis
437 3576 472 3630 ad
488 3592 550 3631 sess
564 3591 581 3630 a
595 3573 730 3644 Gregorio
744 3571 832 3628 desti·
871 3591 955 3646 scopo
969 3580 1147 3646 congregato,
1166 3576 1199 3630 n.
1216 3577 1247 3632 0.
1272 3574 1347 3634 1070.
1365 3577 1456 3634 Etlib.
1473 3592 1510 3647 11,
1526 3597 1590 3652 pag.
1605 3580 1669 3652 833,

65 3660 245 3728 retiv5erstant
253 3666 305 3722 lib.
322 3680 359 3734 vr,
376 3666 456 3737 epist.
468 3663 514 3732 30,
526 3669 555 3721 et
568 3663 632 3720 libr.
649 3677 686 3726 rx,
696 3659 830 3734 epistiO.
872 3661 1278 3721 Robertidoctrinaindicatur.

65 3745 99 3800 ln
111 3751 290 3810 mosacum
310 3754 406 3826 arguit
419 3755 463 3809 his
476 3753 590 3809 verbis:
611 3771 622 3804 ι
638 3751 717 3822 Saepe
735 3749 833 3805 frater
908 3752 1026 3806 Mentem
1045 3751 1073 3807 S.
1095 3752 1245 3808 matruelis.
1268 3753 1308 3807 De
1326 3753 1429 3810 celebri
1448 3758 1619 3816 monasterio
1641 3759 1672 3818 in

63 3835 151 3895 dnum
164 3849 241 3899 tuam
257 3844 416 3917 apostolica
434 3842 574 3914 legatione
585 3841 763 3897 invitavimus
776 3840 834 3895 Ro-
873 3833 1669 3918 NorthmanniasanctissimoarcbsngsloMichaelisacro,

64 3937 110 3978 un
121 3930 315 3999 renire,etiam
332 3947 382 4004 pro
396 3931 461 3987 lldei
475 3936 504 3986 et
515 3928 833 4002 religionischristiaase
874 3943 929 3984 nou
941 3928 976 3983 de
985 3927 1034 3985 illo
1044 3935 1139 3984 munte
1149 3930 1290 4001 Gargano,
1306 3931 1432 4003 loquitur
1444 3932 1489 3988 liic
1500 3935 1576 3992 baud
1588 3935 1673 3994 dubie

62 4019 277 4089 conprehensum
295 4021 371 4092 quod
382 4021 536 4092 hucusque,
551 4019 623 4076 sicut
637 4023 763 4091 apparet,
784 4021 835 4073 aut
874 4018 906 4073 Β.
921 4017 1102 4072 Lannancus.
1117 4040 1128 4066 ι
1145 4017 1196 4073 llic
1211 4019 1289 4074 locus
1302 4021 1412 4076 'l'umba
1430 4023 1614 4080 vocitaturab
1624 4027 1673 4081 in·

63 4104 152 4172 ioprbe
169 4114 219 4165 aut
237 4109 420 4182 negligenter
437 4115 534 4164 nostra
560 4107 679 4164 abutens
697 4106 835 4180 patientia
874 4106 942 4161 colis
959 4111 1000 4177 (ut
1012 4106 1068 4162 fert
1081 4105 1206 4163 Historia
1225 4124 1278 4164 ma.
1295 4108 1411 4179 huiusce
1433 4113 1606 4178 monasterii)
1623 4113 1672 4186 qul

62 4187 174 4262 usuum,
194 4214 262 4254 cum
279 4215 333 4254 nec
347 4197 434 4253 etiam
447 4197 610 4254 canonicam
624 4196 834 4254 excusationem
875 4195 905 4250 in
914 4211 1021 4250 morem
1029 4194 1131 4250 tumuli
1142 4196 1221 4266 quasi
1231 4194 1266 4251 ab
1276 4196 1369 4252 arenis
1379 4214 1525 4270 emergens
1533 4201 1563 4256 in
1570 4201 1673 4272 altum,

64 4284 222 4351 emunderis,
238 4307 252 4340 r
270 4293 328 4343 etc.
345 4287 403 4342 liac
420 4301 485 4342 vero
499 4286 580 4342 illum
597 4303 615 4341 a
630 4285 750 4359 pristina
764 4284 904 4355 dile-nin
918 4284 1010 4355 spatio
1023 4283 1207 4340 ducentorum
1217 4283 1374 4340 cubiturum
1385 4287 1547 4359 porrigitur.
1562 4290 1676 4347 Oceano

64 4365 131 4425 otone
146 4373 281 4431 deiecisse
307 4375 491 4446 conqueritur
506 4393 514 4432 ι
532 4395 544 4427 ι
561 4374 641 4440 Quod
656 4391 689 4430 ea
707 4373 755 4429 illo
768 4379 839 4430 tem·
880 4373 1003 4445 undique
1017 4372 1125 4428 cinctus
1138 4373 1382 4444 locus,angustum
1392 4375 1565 4434 admirabilis
1575 4378 1677 4436 insulse

63 4469 118 4524 pore,
131 4462 253 4534 eloquit,
270 4483 283 4516 ι
303 4479 359 4536 quo
381 4463 553 4519 sacerdotale
571 4479 688 4520 summa
710 4463 786 4519 sedis
795 4464 840 4535 ju·
879 4461 987 4536 praebet
999 4461 1131 4536 spatium.
1151 4462 1194 4518 nb
1209 4461 1404 4520 abrincatensi
1418 4465 1489 4521 urbe
1500 4483 1549 4522 ser
1566 4467 1679 4526 distans

62 4549 414 4622 unanimitatem
424 4551 733 4626 indigni,suscepimus,
744 4552 839 4609 venire
879 4551 1021 4620 millibus,
1040 4567 1169 4607 occasum
1183 4557 1364 4624 prospectans
1377 4551 1609 4612 Abrincstensem
1623 4574 1676 4631 pa·

62 4633 201 4698 dumnoc
216 4641 347 4697 multum
364 4641 472 4697 curavit
483 4641 644 4698 fraternitas
658 4647 717 4710 tua,
733 4647 840 4713 quanto
879 4656 948 4712 gum
961 4638 1069 4696 dirimit
1080 4656 1098 4695 a
1111 4639 1268 4706 Britannia,
1291 4659 1304 4694 e
1318 4645 1371 4697 etc.
1391 4642 1470 4699 lilius
1482 4645 1678 4704 fundationem

64 4723 133 4782 mous
144 4729 177 4786 de
188 4731 346 4788 dilectione
360 4736 411 4786 tua
419 4747 533 4803 sperare
551 4730 704 4804 potuimus,
718 4749 732 4786 n
749 4737 802 4786 etc.
880 4728 971 4786 obiter
983 4729 1150 4802 perstringit
1163 4729 1322 4801 Sigibertus
1335 4729 1365 4786 in
1378 4732 1516 4789 Chronico
1530 4751 1596 4791 ann.
1612 4731 1676 4794 709.

89 4815 164 4872 i'ertis
176 4824 231 4876 tuis
241 4822 423 4876 calummcun
432 4824 565 4890 ingerere.
582 4819 620 4875 lis
630 4819 758 4875 videlicet
773 4819 839 4892 qui-
880 4817 1373 4886 childebertollmolt'rancorum
1381 4822 1573 4880 monarchiam
1581 4827 1680 4881 tenen-

64 4897 99 4956 bts
110 4922 231 4964 mmmus
244 4914 349 4982 peston
363 4909 411 4964 ills
425 4909 544 4980 epistola
562 4908 650 4982 priori
672 4909 720 4964 ubi
742 4926 838 4983 supra,
880 4912 918 4976 te;
930 4907 1108 4964 fundatorem
1119 4924 1183 4964 vero
1193 4906 1679 4970 S.AubertumAbrincensemexeti·

62 4993 281 5070 archiepiscopum
317 4998 504 5054 Mnbancum
526 4997 613 5070 (quod
639 4999 784 5054 remissior
809 5017 843 5056 ac
881 4996 1293 5069 tisse,posuissequeineadem
1303 4997 1421 5054 ecclesis
1435 5000 1559 5057 clericos.
1572 4999 1679 5061 Verum

63 5083 150 5148 amtor
173 5087 204 5142 in
229 5086 367 5142 libertate
394 5087 581 5142 ecclesiastica
603 5087 788 5156 defendenda,
813 5093 842 5145 et
882 5086 924 5142 illi
934 5086 988 5159 ipsi
998 5087 1076 5143 cultu
1093 5086 1187 5142 divino
1202 5103 1306 5159 susque
1322 5087 1413 5159 deque
1430 5088 1577 5158 habito,et
1586 5090 1680 5148 brata

63 5176 227 5236 promerenda
245 5175 373 5248 gesserit
385 5178 459 5247 sese)
472 5175 611 5248 objurgat,
625 5177 729 5249 culpat,
746 5177 843 5234 crimi·
883 5191 998 5249 prorsus
1012 5176 1364 5248 ecclesiasticadisciplina,
1375 5193 1439 5233 cum
1454 5183 1482 5232 et
1495 5178 1569 5249 gula
1581 5184 1610 5233 et
1623 5180 1680 5235 Vc·

63 5267 144 5316 nuuc:
162 5283 173 5316 ι
189 5267 255 5322 Nisi
279 5265 437 5338 apostolica
458 5266 644 5322 mansuetudo
666 5266 760 5338 (verba
777 5271 844 5323 sunt
884 5266 945 5321 neti
957 5265 1144 5337 indulgentes,
1163 5265 1261 5321 totila
1274 5265 1349 5320 vitiis
1364 5265 1489 5321 immersi
1504 5267 1679 5337 viderentur,

62 5347 169 5422 0151012)
184 5371 239 5412 nec
261 5367 325 5410 non
341 5358 371 5410 et
386 5353 490 5410 amoris
508 5354 610 5427 pignus
629 5357 778 5429 antiquum
792 5373 843 5412 nos
884 5371 975 5428 nequo
1001 5356 1101 5423 Deum,
1129 5371 1221 5426 neque
1246 5354 1375 5410 homines
1401 5359 1605 5423 revererentur,
1634 5355 1682 5413 Ri-

63 5433 180 5514 hueuaque
212 5444 397 5512 detinuisset,
425 5446 549 5517 profecto
566 5463 617 5502 nos
643 5447 697 5503 hoc
722 5449 845 5519 graviter
884 5444 1004 5500 ahardus
1022 5444 1106 5501 ldun
1121 5443 1381 5500 Northmaunorum
1403 5441 1504 5498 iisdem
1527 5442 1682 5502 eliminatis

62 5523 289 5606 ferejrmdadam
299 5534 596 5594 ambassatorem
605 5537 845 5598 adventumtuum
885 5533 1081 5594 emedcunos
1094 5533 1246 5592 monachos
1259 5530 1386 5602 suffecit3
1407 5529 1481 5604 quod
1500 5530 1559 5591 late
1575 5534 1681 5594 descri-
