3896 6170
211 268 299 344 riti,
730 273 758 328 a.
779 273 976 332 <cursurum
996 275 1147 332 nastris
1166 274 1335 332 arastus.
1750 273 1808 332 arva
1890 246 1891 336 l

214 393 298 449 altari
310 395 467 468 principali.
480 396 693 452 Ultimisautcm
704 397 807 452 domno
818 399 919 455 abbate
931 405 960 454 et
969 417 1012 470 eo,
1023 406 1045 464 Α
1056 401 1168 456 licentia
1195 400 1273 454 ducit
1293 414 1357 454 eum
1379 398 1408 452 in
1422 399 1583 454 claustrum.
1593 398 1626 454 llt
1640 399 1662 453 ai
1681 415 1730 454 aon
1749 401 1811 455 norit
1891 348 1892 428 1

216 484 264 554 qui
280 489 481 555 susceptusest
499 502 561 541 curn
591 485 705 558 his,qui
726 488 897 557 processioni
922 489 1015 544 inser·
1055 497 1183 544 nostrum
1211 489 1349 558 ordinem,
1364 489 1443 560 priua
1463 488 1489 543 ei
1512 488 1650 542 humiliter
1667 489 1773 544 ostendit
1785 491 1813 545 de

214 571 303 639 viunt,
320 573 436 628 chorum
452 573 636 632 intrantibus:
651 577 674 630 si
688 576 1013 641 Patcrmonasteriirex,
1055 579 1258 634 consuetudine
1272 583 1379 644 nostra,
1393 577 1498 632 scilicet
1518 582 1551 631 ut
1563 577 1587 631 si
1600 571 1625 632 ei
1641 577 1814 648 placet,intra-

216 660 259 715 vel
270 662 450 732 apostolicus,
468 663 631 735 suscipitur,
647 665 714 720 item
728 670 826 720 cantus
841 665 1012 738 imponitur:
1055 674 1137 723 turus
1152 667 1297 722 ecclesiam
1307 666 1342 722 ad
1357 665 1444 721 limen
1453 664 1561 721 veniam
1572 670 1817 736 petatetprcsternat
1894 721 1895 724 ,

218 749 242 803 ai
257 767 321 805 vero
331 751 478 824 episcopus
491 753 533 808 vel
545 753 640 813 abbas,
656 755 780 825 psalmus
791 756 898 826 primus
916 756 1016 811 decan·
1056 773 1086 812 se
1100 757 1135 812 ad
1149 756 1315 820 orationem,
1330 756 1353 810 si
1368 760 1412 810 est
1425 755 1486 810 dies
1506 755 1605 812 festus.
1618 754 1737 810 adheret
1752 755 1817 826 eiju·
1895 746 1896 836 l

216 841 307 896 tntur.
327 841 442 895 Interim
454 842 574 898 doninus
586 842 672 898 abhas
701 861 731 897 se
755 844 890 910 disvestit,
909 849 938 898 et
955 845 1015 900 sine
1056 843 1818 916 giteretmonstratisquibuslocisdebeatorareprino
1895 850 1897 944 q

217 944 297 982 mora
311 929 423 984 rediens
440 937 502 1001 post
518 933 655 1003 psalmum
676 934 797 1004 primum
817 938 846 988 et
860 933 1014 990 orationem
1057 933 1305 998 adS.Gruce1n,in
1320 933 1404 988 choro
1413 933 1448 987 ad
1463 933 1553 987 altare
1568 931 1721 1004 principale,
1735 933 1756 986 si
1766 949 1819 988 mu·

218 1015 393 1072 Dominicam
407 1019 555 1080 subinfert,
566 1037 616 1092 pro
628 1022 756 1093 episcopo
770 1039 857 1076 unum
870 1023 905 1076 de
918 1022 1018 1094 praedi·
1057 1031 1157 1079 ventus
1170 1029 1281 1077 nonest
1293 1023 1321 1075 iu
1336 1037 1378 1086 eo,
1390 1026 1440 1075 aut
1459 1020 1483 1074 si
1497 1020 1613 1076 ecclesia
1625 1036 1678 1075 uon
1688 1020 1818 1080 estclausa,

219 1105 272 1159 ctis
287 1106 421 1177 quinque,
439 1125 521 1178 quem
539 1115 633 1164 tanuen
659 1111 736 1181 prius
757 1127 812 1165 non
832 1111 941 1170 dixerit.
964 1113 1017 1166 Pro
1058 1121 1087 1169 et
1102 1114 1176 1168 intus
1195 1117 1262 1168 sunt
1274 1111 1360 1182 aliqui
1385 1109 1545 1182 populares,
1564 1108 1672 1164 aarum
1686 1109 1718 1164 ad
1740 1109 1820 1173 alum,

218 1192 320 1248 abbata
339 1195 520 1268 subiungitur
534 1215 631 1252 versus
641 1199 753 1254 Saturna
767 1202 811 1267 sar
821 1217 929 1253 sciram
943 1202 1018 1256 Mille
1060 1203 1133 1274 quod
1145 1209 1188 1256 est
1201 1202 1230 1256 in
1240 1201 1336 1256 dextra
1347 1205 1427 1271 parte
1448 1197 1535 1262 chori,
1550 1205 1580 1253 et
1600 1197 1635 1272 ad
1653 1197 1680 1252 S.
1691 1197 1790 1252 Mariam
1800 1198 1821 1250 in

219 1285 246 1338 ei
259 1284 383 1346 Domine,
401 1301 464 1339 cum
476 1287 574 1341 ordine
589 1288 615 1342 ei
625 1294 806 1358 congruente.
821 1289 899 1352 Quod
915 1289 939 1342 si
958 1289 1018 1360 epi·
1060 1292 1152 1346 medio
1163 1291 1251 1362 ipsius
1264 1289 1424 1360 capellae.Si
1434 1293 1568 1357 tempore,
1584 1303 1639 1358 quo
1654 1287 1746 1340 finires
1758 1287 1823 1340 meri·

220 1374 298 1444 scopi
312 1376 355 1429 vel
368 1374 455 1430 abbas
468 1376 553 1431 simul
567 1379 767 1449 suscipiuntur,
776 1378 906 1434 dicuutur
917 1378 945 1432 hi
956 1396 1018 1434 ver·
1059 1379 1175 1434 dinntur
1187 1379 1283 1433 eadem
1294 1393 1379 1432 rausa
1394 1375 1597 1446 supervenerit,
1613 1380 1675 1446 post
1694 1389 1782 1428 nonam
1793 1374 1825 1428 in·

220 1479 279 1521 sus.
290 1463 447 1518 Sacerdotes
464 1469 515 1519 toi.
532 1469 609 1521 llitte
624 1471 671 1520 eir.
687 1467 765 1522 'lunc
782 1467 805 1520 si
820 1473 863 1521 est
876 1467 962 1522 abbas
977 1467 1018 1522 vel
1060 1468 1232 1528 traducitur;
1252 1467 1276 1521 si
1297 1481 1361 1520 vero
1389 1470 1452 1536 post
1473 1464 1683 1536 completorium
1701 1479 1732 1517 ex
1746 1463 1824 1517 eadem

221 1551 368 1622 episcopus
382 1553 472 1608 nostri
481 1554 597 1621 ordinis,
609 1555 724 1623 ducunt,
749 1555 778 1609 iu
793 1572 876 1626 quem
896 1557 949 1611 sibi
960 1555 1018 1628 pla·
1059 1573 1143 1612 causa
1151 1557 1288 1612 adventus
1298 1555 1386 1626 ipsius
1396 1570 1456 1608 esse
1465 1553 1649 1624 dignoscitur,
1663 1557 1775 1606 eanccte
1783 1552 1827 1605 erit
1902 1551 1904 1652 q

222 1644 275 1702 cet,
292 1640 395 1694 locum.
421 1641 450 1696 si
475 1659 540 1696 vero
564 1659 646 1715 papa,
662 1645 704 1698 vel
733 1660 791 1708 rex,
806 1645 846 1699 rel
872 1637 1216 1716 episcopusBclaustrum
1235 1660 1393 1708 remanens,
1407 1643 1436 1697 in
1451 1641 1579 1712 sequenti
1593 1641 1639 1696 die
1656 1644 1718 1696 ante
1730 1641 1827 1712 pumen

221 1728 358 1784 clericalis
386 1730 503 1796 ordinis,
526 1732 634 1786 ducunt
653 1750 717 1788 eum
740 1733 770 1788 in
789 1734 911 1804 aliquem
927 1734 1017 1788 locum
1060 1736 1102 1790 acl
1116 1735 1171 1791 alio
1186 1742 1313 1805 tempore
1325 1732 1513 1787 antetertiam
1526 1729 1612 1786 simili
1622 1729 1828 1784 modooraturus.
1904 1754 1906 1842 q

222 1815 299 1886 prius
314 1818 350 1872 ad
363 1819 417 1873 hcc
435 1819 553 1875 honeste
562 1821 704 1892 tapetibus
718 1828 747 1876 et
758 1823 1019 1895 cortiniaprrepara·
1061 1831 1089 1880 et
1101 1840 1212 1880 versum
1221 1827 1285 1895 post
1298 1821 1423 1892 singulas
1437 1820 1521 1874 horas
1548 1824 1711 1890 accepturus
1723 1814 1830 1872 introdu-
1906 1854 1907 1934 q

223 1909 295 1972 tum,
309 1905 403 1978 ibique
417 1907 483 1963 data
497 1909 690 1966 benedictione
712 1911 780 1966 facit
792 1912 897 1982 aliquid
911 1911 945 1966 dc
956 1912 1018 1982 lege
1059 1914 1139 1969 citur.
1906 1939 1907 1942 ¹

221 1994 316 2050 divina
330 2011 423 2051 coram
439 2015 472 2052 ao
487 1999 642 2066 recitari,et
651 2000 729 2056 lectis
742 2000 833 2056 tribus
842 2007 891 2056 aut
899 2006 1020 2072 quatuor
1097 2000 1223 2056 Parrasi
1238 1999 1376 2070 ejusmodi
1391 1999 1494 2070 hospes
1514 2015 1565 2069 per
1578 1998 1685 2068 aliquot
1692 2001 1792 2068 tempus
1809 1995 1831 2048 in
1907 1954 1908 2040 l

223 2083 326 2146 verbis,
344 2085 438 2154 signat
453 2086 573 2142 domnus
599 2087 672 2143 abba
699 2090 805 2152 lectori,
822 2095 854 2145 ut
873 2091 1020 2145 lectionem
1062 2090 1231 2146 monasterio
1254 2105 1288 2144 ex
1315 2103 1483 2160 quacunque
1505 2103 1591 2141 causa
1611 2085 1713 2141 morari
1726 2084 1831 2148 voluerit,

223 2171 313 2230 liniat,
328 2172 458 2244 dictoque
473 2177 623 2230 benedicite
637 2179 781 2232 osculatur
803 2185 974 2250 susceptum,
993 2185 1023 2234 et
1063 2181 1127 2234 talis
1142 2195 1204 2233 esse
1219 2182 1321 2249 potest,
1338 2183 1371 2231 ut
1388 2177 1473 2231 etiarn
1487 2177 1511 2230 si
1526 2175 1614 2230 abbas
1633 2175 1679 2235 sit,
1692 2179 1833 2228 nontamen

223 2259 272 2314 alii
296 2260 407 2326 fratres,
424 2263 549 2333 quicum
574 2281 607 2319 eo
622 2271 687 2320 sunt
706 2265 741 2320 ad
760 2268 844 2339 pedes
862 2269 924 2337 ejus
935 2268 1021 2322 senrel
1062 2268 1151 2324 facilis
1161 2268 1187 2322 ci
1201 2265 1371 2322 concedatur
1384 2267 1535 2336 ingressus.
1548 2264 1603 2319 Sed
1614 2263 1834 2336 quamdiudcmnc

223 2348 308 2402 iidem
324 2354 390 2404 ante
405 2351 531 2406 osculum
548 2353 656 2408 veniam
670 2360 807 2425 petentes,
821 2356 844 2410 si
859 2363 902 2410 est
913 2356 1021 2428 episro·
1063 2357 1157 2412 abbati
1172 2356 1261 2411 visum
1272 2355 1369 2419 fuerit,
1383 2353 1450 2409 foris
1473 2358 1613 2417 moratur,
1623 2356 1720 2425 postea
1732 2350 1836 2406 introdu-

224 2453 277 2508 pus
291 2439 333 2492 vel
345 2437 441 2504 abbas,
457 2439 479 2494 si
495 2446 589 2495 autern
603 2459 660 2506 rex,
672 2444 713 2497 vel
725 2444 895 2515 apostolicus
915 2451 943 2499 ct
957 2451 1022 2500 ante
1064 2447 1150 2513 citur;
1167 2443 1362 2516 praescriptum
1378 2450 1473 2498 tamen
1484 2441 1613 2497 ordinem
1625 2440 1775 2496 orationum
1784 2453 1836 2510 pre·
1912 2456 1913 2494 v

225 2531 253 2580 et
268 2531 375 2597 postea.
393 2527 500 2582 Deinde
513 2546 577 2584 curn
601 2547 634 2585 eo
660 2532 785 2603 loquitur
806 2535 878 2604 quod
894 2533 944 2588 sibi
959 2550 1023 2589 con·
1063 2540 1127 2606 pter
1140 2539 1197 2588 tam
1213 2533 1328 2603 longum
1345 2533 1480 2587 adventus
1492 2537 1522 2585 et
1544 2529 1755 2586 introductionis
1765 2528 1836 2581 inter·
1913 2558 1914 2592 ,

224 2631 327 2685 gruum
336 2615 454 2670 ridetur.
465 2617 589 2674 Tandem
599 2619 663 2674 lacit
674 2638 737 2675 eum
747 2621 1020 2694 adhospitiumduci,
1062 2625 1166 2678 vallum
1182 2640 1238 2678 non
1247 2619 1642 2691 observaturus.Capellanum
1653 2618 1704 2685 etsi
1714 2616 1836 2690 proprium
1914 2658 1915 2676 .

225 2703 375 2776 ipsumque
385 2722 448 2760 curn
460 2707 590 2762 omnibus
609 2709 668 2764 suis
689 2710 852 2766 charitative
865 2717 894 2765 et
908 2713 1023 2766 honeste
1063 2713 1176 2780 habeat,
1190 2713 1266 2783 prior
1279 2710 1375 2766 abbati
1394 2709 1522 2781 providet
1539 2709 1640 2774 alium,
1656 2708 1703 2779 qui
1718 2709 1839 2762 lucernam
1915 2758 1916 2776 ,

223 2793 350 2848 tractari.
364 2794 512 2849 Sciendum
524 2797 714 2868 autem,quod
727 2800 831 2864 nullus,
847 2800 895 2870 qui
908 2801 945 2854 sit
959 2817 1024 2871 prc-
1065 2819 1081 2856 a
1097 2801 1252 2856 camerario
1267 2805 1409 2871 acceptam
1433 2803 1499 2852 ante
1522 2813 1587 2852 eurn
1611 2804 1694 2852 noctu
1706 2800 1797 2867 portet.
1814 2809 1841 2846 ex

225 2881 355 2936 fessionis
382 2883 411 2937 in
437 2885 659 2956 Quadragesivna
673 2904 737 2942 cunr
752 2893 834 2942 cantu
858 2890 1021 2960 suscipitur,
1063 2890 1143 2961 cujus
1156 2889 1241 2943 etiam
1254 2887 1400 2958 diligentia
1418 2886 1448 2940 ia
1469 2884 1585 2950 caeteris,
1606 2901 1669 2956 quae
1685 2884 1719 2938 ad
1733 2883 1840 2938 ordinem

225 2987 317 3042 neque
334 2971 363 3026 in
379 2972 449 3027 albis
462 2992 468 3036 ;
482 2980 598 3045 excepto
619 2976 693 3046 quod
707 2977 737 3030 hi
757 2982 878 3044 tantum,
891 2978 938 3048 qui
959 2995 1024 3050 pro·
1063 2978 1215 3051 pertinent,
1231 2975 1466 3048 adjuveturillius
1481 2975 1654 3044 ignorantia.

226 3059 345 3114 cessioni
361 3061 519 3116 inserviunt
532 3063 602 3118 albis
615 3069 643 3120 et
666 3066 761 3136 cappis
770 3073 835 3120 suut
851 3066 952 3122 induti.
969 3027 1055 3122 Nec
1101 3068 1172 3122 Cum
1184 3071 1297 3122 ventum
1311 3064 1396 3120 fuerit
1408 3063 1443 3118 ad
1457 3063 1556 3118 horam
1565 3062 1734 3124 refectionis,
1745 3060 1811 3132 prior
1822 3062 1845 3110 et

226 3149 332 3206 minem
345 3151 430 3206 etiam
440 3168 564 3224 unquam
575 3170 639 3208 cum
656 3155 831 3225 processione
846 3157 1023 3228 suscipimus,
1067 3157 1152 3212 abbas
1162 3155 1247 3210 simul
1262 3155 1371 3209 iuuant
1381 3153 1570 3211 refectorium.
1585 3157 1617 3206 et
1631 3151 1691 3223 pari
1706 3151 1805 3205 incessu
1817 3147 1845 3199 si·

226 3244 377 3310 postquam
392 3241 572 3296 nocturnales
587 3243 741 3300 induimus.
1066 3247 1126 3301 mul
1137 3243 1315 3317 progreditur
1326 3259 1389 3296 cum
1404 3241 1452 3296 illo
1463 3241 1498 3296 ad
1521 3255 1661 3306 marisam,
1678 3245 1707 3295 et
1719 3239 1803 3310 priore
1812 3251 1845 3290 sc·

534 3332 651 3388 CAPUT
665 3331 713 3388 LI.
1066 3337 1151 3392 dente
1164 3332 1324 3394 adscillam,
1341 3331 1431 3402 ipsam
1442 3330 1522 3384 sedet
1531 3329 1566 3384 ad
1579 3329 1644 3400 eJus
1663 3328 1807 3390 sinistram,
1823 3329 1847 3378 et

369 3419 406 3472 lie
419 3421 542 3484 ostiario,
560 3421 590 3473 r'rl
603 3425 641 3474 est
656 3422 763 3474 crestode
775 3422 897 3489 hospitii.
1065 3421 1222 3479 datlectori
1232 3420 1468 3476 benedictionem.
1486 3418 1634 3490 Capeliani
1654 3419 1722 3489 eius,
1734 3416 1778 3488 qui
1794 3429 1845 3469 curn

265 3507 321 3572 (uu.
335 3509 406 3577 aar.)
433 3508 572 3578 Hospites,
599 3509 648 3578 qui
672 3510 831 3579 equitantes
858 3511 1020 3578 adveniunt,
1065 3509 1380 3585 ipsaveneruut,siduo
1401 3501 1847 3576 sunt,simulsedentsicutetalii

229 3596 382 3649 monachos
395 3612 506 3666 quoque
529 3601 555 3650 et
582 3596 756 3652 honestiores
776 3599 891 3652 clericos
906 3600 1022 3671 pedites,
1067 3601 1201 3672 hospites,
1213 3597 1374 3670 quanvvisin
1385 3597 1470 3651 choro
1484 3602 1514 3652 et
1522 3596 1558 3650 ad
1572 3596 1760 3660 collationem,
1779 3595 1849 3664 prout

229 3699 330 3737 uxores
344 3684 430 3737 etiam
450 3684 605 3738 villicorum
619 3690 648 3739 et
669 3702 766 3741 omncs
783 3685 858 3741 brevi
873 3688 1026 3758 portitores
1068 3691 1155 3764 priori
1166 3689 1285 3752 videtur,
1299 3685 1456 3741 abinvicem
1468 3689 1646 3757 separentur.
1668 3684 1721 3740 Sed
1735 3683 1757 3738 si
1771 3681 1848 3753 pluas

230 3777 324 3826 custos
339 3771 462 3842 hospitii,
477 3773 525 3843 qui
538 3791 571 3826 ax
596 3775 798 3830 consuetudine
825 3781 869 3830 est
886 3777 1026 3843 sacerdos,
1068 3776 1352 3849 sunt,quamdictum
1367 3772 1847 3834 estnonomnessimulccllomntur.

230 3875 294 3914 curn
309 3861 387 3914 omui
397 3861 496 3932 recipit
506 3861 687 3933 benignitate.
699 3863 840 3935 Quidquid
849 3881 919 3936 opus
932 3866 1027 3932 fuerit,
1069 3870 1106 3923 ht
1119 3868 1142 3920 si
1156 3883 1191 3922 aa
1200 3864 1396 3937 supervenerit
1409 3863 1488 3928 hova,
1514 3879 1570 3932 qua
1589 3863 1741 3918 servitores
1753 3862 1807 3931 jaro
1822 3855 1851 3910 ud

231 3963 249 4003 a
263 3950 408 4004 cellerario
422 3949 530 4022 querit,
545 3957 574 4004 et
588 3952 610 4004 si
639 3952 711 4006 forte
723 3953 885 4008 cellerarius
904 3971 958 4010 non
975 3961 1027 4021 eat,
1070 3954 1251 4012 reficiendum
1265 3953 1461 4017 consederunt,
1472 3949 1735 4006 detineturinterim
1746 3965 1761 4003 a
1774 3947 1852 4020 priore

232 4039 332 4111 quaerit
344 4056 361 4094 a
375 4040 540 4106 camerario,
564 4047 597 4094 ut
620 4039 644 4095 si
668 4041 732 4096 talis
746 4047 790 4096 est
815 4043 902 4109 locus,
923 4045 1029 4116 absque
1068 4061 1120 4118 per
1132 4044 1258 4116 spiritale
1272 4041 1453 4112 colloquium,
1471 4046 1500 4094 et
1508 4045 1660 4111 postquam
1672 4040 1854 4096 servitoresre

232 4127 308 4184 omni
324 4128 502 4183 excusatione
516 4134 706 4200 comparetur.
730 4130 847 4195 Quodsi
867 4130 1029 4186 fortecella·
1069 4133 1195 4198 fecerint,
1210 4131 1300 4187 reficit
1313 4136 1342 4185 et
1356 4131 1416 4200 ipse
1439 4129 1540 4184 sedens
1556 4129 1590 4183 ad
1607 4133 1695 4200 caput
1707 4125 1853 4183 alterutrius

232 4217 324 4272 rarius
338 4216 427 4284 abest,
446 4223 475 4272 et
491 4218 547 4272 tale
570 4217 638 4289 quid
661 4224 704 4274 est
729 4219 878 4282 inclusum,
900 4221 974 4292 quod
993 4220 1029 4274 ad
1070 4218 1327 4293 aupremaetabulae,
1339 4216 1487 4273 comitibus
1495 4216 1728 4287 ejusaedentibus
1739 4217 1852 4286 juxtam.

231 4305 385 4378 hospitium
399 4307 528 4378 protinus
540 4307 730 4362 necessarium
749 4314 793 4362 est
804 4325 897 4374 usum,
914 4309 1029 4374 illesas,
1072 4311 1152 4376 Quod
1175 4309 1198 4364 si
1212 4313 1270 4362 tam
1283 4323 1345 4361 sero
1370 4305 1526 4376 advenerit,
1541 4310 1573 4360 ut
1600 4311 1669 4360 ante
1692 4304 1853 4360 collationem

232 4397 262 4452 in
273 4413 329 4468 qua
338 4401 433 4468 sperat
447 4394 517 4451 illud
532 4395 678 4462 contineri,
696 4396 741 4468 pie
752 4397 890 4452 violentus
908 4413 964 4452 nou
981 4387 1057 4453 dul)
1071 4399 1148 4455 refici
1161 4415 1218 4453 non
1227 4396 1327 4468 possit,
1338 4411 1428 4464 usque
1456 4399 1520 4466 post
1541 4394 1756 4466 completorium
1770 4403 1856 4460 exspe-

233 4484 305 4539 bitat
318 4485 449 4555 frangere
463 4484 493 4538 iu
506 4484 555 4539 tali
566 4484 743 4548 necessitate,
758 4491 790 4539 ut
804 4485 950 4556 integritas
964 4486 1032 4542 cha·
1072 4494 1139 4554 ctat,
1155 4491 1324 4558 acceptaque
1346 4481 1547 4540 benedictione.
1560 4483 1588 4538 ia
1606 4482 1740 4554 predicto
1752 4481 1809 4534 loco
1821 4492 1857 4531 se·

233 4573 326 4628 ritatis
345 4573 504 4644 peremnia
524 4573 648 4628 salvetur
667 4573 693 4628 iu
709 4573 865 4630 exhibenda
877 4575 1033 4647 hospitibus
1073 4577 1143 4632 deris
1153 4575 1252 4641 reficit,
1268 4573 1316 4628 ubi
1330 4571 1425 4626 tamen
1441 4571 1513 4626 alius
1523 4571 1611 4626 frater
1624 4587 1658 4626 eo
1673 4575 1796 4642 tempore
1808 4581 1856 4622 non

234 4661 420 4716 humanitate.
1074 4667 1153 4722 sedet
1167 4665 1304 4731 reficiens,
1321 4661 1371 4716 sad
1385 4661 1420 4716 ad
1436 4662 1520 4715 finem
1544 4659 1646 4716 tabulae
1660 4666 1797 4715 cauernae.
1811 4653 1857 4719 Qui

270 4751 319 4806 Est
329 4750 415 4805 etiarn
427 4751 609 4814 consuetudo,
625 4751 649 4805 si
659 4751 804 4808 cellerario
816 4769 872 4820 nou
887 4758 939 4820 est,
955 4754 1031 4826 quod
1073 4756 1170 4820 eham,
1191 4752 1293 4810 siinlra
1300 4750 1479 4806 refectionem
1486 4749 1678 4806 ministrorum
1694 4749 1735 4804 ita
1746 4743 1858 4810 advenit,

234 4839 275 4894 eis
289 4843 421 4911 apponat,
447 4844 479 4894 ut
501 4839 530 4893 in
554 4839 733 4894 refectorium
758 4847 823 4896 ante
843 4841 973 4897 abbatem
988 4844 1030 4897 vel
1072 4853 1104 4900 ut
1112 4860 1174 4898 cum
1184 4843 1224 4898 eis
1244 4841 1365 4913 pleniter
1374 4841 1488 4894 reficere
1497 4839 1665 4909 nequiverit,
1688 4838 1859 4904 illissurgeu·

233 4929 356 5001 priorem
369 4929 471 4995 veniat,
483 4927 583 4983 etinde
592 4929 704 5000 signum
716 4930 889 4986 faciat.Tunc
899 4931 1031 4986 continuo
1071 4933 1148 4988 tibus
1162 4934 1222 5003 ipse
1236 4937 1307 4986 nutu
1321 4928 1499 5002 presidentis
1512 4933 1689 4992 remanebat
1705 4923 1859 4998 usquedum

234 5018 432 5090 apraesidente
446 5016 486 5071 illi
496 5016 633 5084 innuitur,
645 5025 677 5073 ut
692 5035 786 5072 coram
805 5037 835 5075 sc
854 5019 944 5092 posita
958 5018 1030 5074 acci-
1072 5023 1279 5095 pertranseant,
1295 5023 1351 5074 stat
1362 5017 1474 5072 inclinis
1496 5017 1672 5088 refectusque
1686 5031 1794 5070 versum
1803 5025 1859 5066 cum

233 5108 302 5180 piat.
318 5107 522 5162 Verumtamen
536 5108 660 5162 studiose
670 5114 758 5175 cavet,
772 5113 805 5163 ut
823 5125 968 5180 nunquam
983 5125 1031 5162 ex·
1073 5110 1181 5184 psalmo
1194 5113 1260 5164 ante
1273 5106 1401 5162 eamdem
1412 5105 1537 5160 tabulam
1549 5105 1621 5159 anic.

232 5213 364 5263 truncum
380 5197 551 5252 monachum
565 5198 711 5268 permittat
738 5199 891 5253 claustrum
916 5199 1032 5262 intrare,
1112 5194 1368 5258 Prmdictusabbas,
1379 5195 1402 5249 si
1410 5195 1573 5249 societatem
1582 5199 1708 5248 nostram
1719 5189 1858 5263 quesierit,

232 5303 378 5360 quousque
392 5286 512 5342 solerter
524 5286 689 5358 inquisitum
706 5287 807 5342 habeat
819 5288 854 5343 ab
864 5304 907 5355 ec,
920 5287 955 5342 ad
967 5288 1034 5359 quid
1075 5291 1224 5359 postquam
1238 5285 1412 5355 disputatum
1434 5283 1520 5338 fuerit
1534 5283 1564 5337 iu
1579 5282 1700 5354 capitulo
1714 5281 1749 5336 de
1761 5278 1858 5337 ordine,

231 5379 336 5443 veniat,
347 5393 384 5432 an
397 5377 483 5432 etiam
496 5377 616 5446 legatus,
632 5376 690 5432 sive
712 5383 872 5432 moraturus
888 5378 1027 5442 adveniat,
1076 5382 1213 5448 quantum
1224 5374 1310 5446 priori
1325 5373 1444 5436 videtur,
1460 5371 1608 5443 mittitpro
1627 5387 1669 5426 eo.
1682 5369 1802 5424 Veniens
1813 5381 1860 5420 au·

232 5466 281 5521 sed
291 5465 406 5538 aliquod
415 5466 580 5521 iterfaciens
594 5466 732 5538 hospitari
741 5473 852 5523 tantum
867 5467 943 5522 velit.
959 5469 1029 5534 (uu.)
1071 5470 1128 5518 tem
1146 5463 1175 5517 in
1200 5462 1366 5533 capitulum,
1390 5466 1449 5516 tam
1477 5459 1538 5531 ipse
1552 5475 1638 5531 quarn
1663 5457 1778 5512 comites
1803 5454 1857 5520 ejus

233 5553 313 5620 Quod
332 5554 356 5611 si
383 5556 436 5610 hcc
450 5559 562 5610 tanturn
588 5553 699 5626 quaerit,
714 5555 776 5613 sina
790 5571 870 5616 more
884 5560 913 5612 et
926 5554 1032 5626 absque
1073 5551 1231 5624 (interiores
1244 5556 1340 5610 tamen
1369 5549 1417 5606 illo
1438 5547 1623 5630 procidentes)
1639 5550 1739 5624 petunt
1756 5542 1857 5598 veniam
