3934 6174
451 2 571 21 n*

118 256 171 314 181)
456 257 495 312 IN
514 257 547 311 D.
569 255 676 312 eamn
696 253 812 311 uniet.
827 253 1019 311 imiimi.
1041 281 1074 296 ·-
1092 251 1205 308 fflffl'.
1226 253 1238 308 1
1256 253 1306 310 AD
1326 254 1408 312 uolt.
1697 249 1752 312 iffi

115 398 177 447 me;
185 382 253 448 ω
264 379 306 447 lt,
320 379 363 446 13,
381 379 486 435 bonum
495 384 540 434 est
549 379 625 434 enim
637 380 706 436 milii
724 379 893 451 magismori
906 377 950 433 u.
959 381 1085 450 quarunt
1093 376 1211 448 gloriam
1223 393 1314 434 meam
1321 378 1751 450 quemcueettamaicmge

114 471 247 536 iimrero,
260 475 373 540 propter
386 473 539 538 sumptum,
558 467 598 525 15.
614 473 722 524 nonest
736 469 805 523 mibi
820 468 929 538 gloria3
944 465 1176 522 necessitasenim
1185 467 1345 535 sornismihi
1355 468 1508 524 incumbit:
1520 465 1561 534 16,
1574 467 1616 525 li.
1628 467 1750 524 ιιιιιιίιιι

114 560 187 614 mihi
201 565 246 614 est
258 559 283 614 si
298 575 354 614 non
370 558 611 629 evangelizavero!
629 558 659 614 Si
668 558 744 613 enim
753 557 848 612 volens
862 561 922 612 sine
934 559 1056 625 sarapte,
1066 558 1097 610 id
1106 562 1154 622 est,
1163 559 1252 624 protis
1263 557 1315 612 boc
1328 573 1390 628 ago,
1403 557 1561 612 mercedem
1572 555 1677 612 habeo:
1687 560 1750 625 glo·

112 651 161 702 ria
175 654 213 702 ιιι
228 650 311 702 mibi.
327 648 357 703 Si
372 653 469 702 autem
480 647 593 703 invitus.
609 649 640 700 id
649 653 696 713 ιιι,
710 663 762 717 pro
775 648 920 716 stipendio,
935 645 1107 717 dispensatio
1120 645 1190 700 mihi
1203 644 1310 700 credita
1324 651 1378 702 est.
1391 648 1479 714 Ouum
1490 649 1516 700 si
1529 649 1636 700 incitas
1646 645 1748 712 somno,

112 739 216 792 nedem
234 739 292 806 ipse
305 739 375 806 quid
389 739 421 792 de
431 753 475 790 me
486 742 563 804 opat.
579 736 647 800 Qua
659 741 703 791 est
715 752 781 807 ergo
792 753 898 791 merces
914 735 994 790 meai
1008 737 1042 790 ln
1053 751 1105 804 quo
1119 751 1182 802 erpo
1196 750 1298 789 merces
1306 737 1455 790 constituto
1469 740 1517 790 ιιι.
1529 736 1563 790 ln
1574 735 1624 790 boc
1637 735 1748 799 scilicet,

112 831 145 880 ut
156 825 342 896 Evangelium
355 825 519 898 praedicans,
535 825 596 880 sine
610 831 735 897 sumptu,
752 827 787 880 ab
799 825 974 880 auditoribus
988 830 1102 892 eccepto,
1111 839 1211 894 ponam
1225 822 1418 894 Evangelium,
1435 828 1533 879 utnon
1547 822 1649 878 abutar
1658 826 1750 892 potes·

113 919 172 969 tate
183 931 247 969 mea
261 915 291 969 in
307 914 466 985 Evangelio.
480 915 551 968 Nam
571 915 610 968 l8.
627 914 873 970 numliberessem
885 930 920 968 ex
938 912 1077 973 omnibus,
1092 911 1217 966 omnium
1232 928 1396 966 meserium
1409 911 1470 977 ieci,
1486 913 1610 966 moribus
1620 912 1750 964 omnium

112 1005 294 1068 concordans,
311 1009 342 1056 ut
352 1003 446 1073 plures
461 1001 662 1057 lucrifacerem.
683 1000 723 1058 19.
739 1001 785 1058 20.
802 1003 836 1056 Et
849 1002 939 1057 iactus
953 1017 1016 1056 sum
1031 999 1134 1056 ludaeis
1145 1005 1288 1072 tamquam
1307 1000 1429 1062 iudeus,
1446 1005 1478 1055 ut
1488 1000 1600 1055 ludaecs
1613 999 1748 1065 lucrarer,

111 1090 156 1156 tt,
173 1090 220 1147 ii.
236 1091 333 1162 iisqui
345 1091 470 1162 sublege
487 1097 562 1150 sunt.
577 1090 771 1146 Samaritanus
785 1093 862 1157 dicit,
877 1095 927 1160 qui
942 1095 996 1160 lapi
1010 1092 1107 1157 Moysi,
1123 1105 1180 1142 non
1191 1089 1329 1156 prophetis
1346 1088 1510 1152 obaudient,
1525 1086 1605 1158 qnasi
1624 1085 1752 1172 sublege

113 1196 206 1235 essem
219 1185 297 1235 lcum
308 1181 367 1252 ipse
374 1197 430 1235 non
438 1197 528 1234 essem
534 1179 587 1234 sub
596 1179 659 1250 lege
672 1182 799 1248 loduico)
815 1184 905 1234 utens
919 1181 968 1250 qui
983 1179 1034 1234 sub
1049 1179 1111 1248 lege
1121 1176 1421 1234 erantlucrifacerem:
1437 1176 1471 1230 iis
1486 1176 1534 1246 qui
1547 1176 1609 1230 sine
1618 1176 1751 1245 legem

111 1275 202 1334 erant,
218 1272 358 1336 pentibus,
378 1275 514 1341 tanquam
535 1269 595 1324 sine
618 1269 680 1340 lege
699 1285 789 1324 essem
805 1277 877 1332 tcum
894 1269 955 1323 sine
970 1270 1032 1339 lege
1047 1267 1098 1322 Dei
1112 1283 1169 1322 non
1185 1283 1286 1327 essem
1302 1265 1395 1321 sedin
1409 1265 1472 1335 lege
1486 1281 1574 1319 essem
1590 1263 1705 1322 Christi)
1716 1269 1750 1319 ut

112 1356 309 1412 lncrifacerem
323 1374 371 1412 eos
386 1359 434 1429 qui
447 1357 507 1412 sine
517 1358 579 1430 lege
592 1361 675 1412 crant
700 1357 744 1424 23,
760 1357 805 1413 11.
818 1359 920 1413 Factus
934 1375 996 1413 sum
1009 1357 1130 1412 infirmis
1139 1357 1280 1423 infirmus,
1298 1357 1536 1412 cortdcsoendcndo.
1546 1357 1616 1420 iltis,
1626 1359 1659 1408 ul
1670 1353 1750 1408 inlin-

112 1459 172 1498 mos
187 1447 394 1504 lucrifacerem.
410 1446 547 1502 Omnibus
561 1446 656 1502 omnia
662 1446 752 1503 motus
765 1463 838 1514 sum,
850 1451 882 1502 ut
893 1447 1119 1503 omnesiacerem
1134 1446 1234 1502 salam.
1251 1445 1354 1502 Omnia
1363 1443 1628 1513 autem,crpo,iacio
1637 1447 1751 1515 proptor

783 1703 1079 1761 COMMENTARIUS.

151 1925 192 1983 12.
210 1927 337 1982 Ancusr.
355 1927 412 1996 (lib.
431 1941 452 1982 ιι
477 1931 607 1984 Decerne.
625 1931 748 1996 Domini,
764 1932 796 1983 in
812 1928 983 1989 montaAid
994 1933 1045 1995 est,
1061 1927 1143 1983 tarnis
1170 1927 1324 2000 perieulum
1341 1927 1496 1982 vitandum.
1522 1925 1626 1980 Probat
1639 1942 1703 1981 vero
1722 1925 1751 1980 in

113 2031 175 2085 cap·
195 2013 236 2080 lt}
256 2019 366 2070 Bonum
378 2019 597 2072 eetenirnmilri.
615 2017 761 2082 llocdixit,
778 2017 915 2089 quiajam
957 2017 1027 2071 libro
1038 2019 1115 2089 quia,
1126 2017 1149 2071 si
1160 2016 1300 2089 praedicet,
1316 2016 1400 2071 famis
1412 2015 1567 2088 periculum
1579 2013 1751 2081 vitabit3vae
1789 2055 1794 2068 .

111 2109 262 2170 statuerat,
280 2107 397 2176 propter
412 2106 547 2175 quosdam
559 2106 731 2161 occasionem
747 2112 913 2178 quaerentes,
956 2106 1040 2170 euim,
1054 2107 1081 2161 id
1096 2111 1149 2169 est,
1161 2107 1242 2161 lamis
1252 2105 1407 2178 periculum
1420 2105 1553 2172 incurret,
1566 2103 1589 2159 si
1604 2120 1660 2158 non
1671 2118 1753 2157 evan·

108 2192 243 2246 manibus
253 2192 313 2248 suis
323 2193 426 2248 rictum
437 2195 602 2266 transigere.
614 2193 646 2250 Si
657 2197 731 2250 enim
746 2198 915 2264 evangelizo·
954 2195 1124 2266 gelizaverit.

110 2297 186 2344 aero,
199 2279 303 2353 inquit,
321 2299 378 2336 non
396 2288 435 2337 est
449 2283 520 2336 mibi
533 2286 633 2352 plorio,
650 2283 678 2338 id
694 2287 746 2348 est,
762 2283 786 2338 si
799 2299 916 2354 evange·
992 2281 1032 2339 18.
1051 2285 1119 2338 Geni
1134 2284 1308 2339 liberassem.
1327 2282 1413 2348 Quasi
1444 2281 1572 2337 diceret:
1588 2279 1642 2346 Qui
1660 2280 1753 2352 majus

107 2369 234 2424 macero
255 2370 296 2425 ita
313 2375 346 2426 ut
366 2367 430 2443 [ai.
445 2375 478 2425 ut
491 2371 555 2442 iste]
574 2373 644 2426 liant
658 2373 687 2426 in
705 2389 760 2438 me,
776 2371 804 2426 id
819 2377 870 2435 est.
891 2373 915 2426 si
955 2371 1017 2439 ieci,
1028 2371 1056 2426 id
1064 2372 1139 2444 quod
1150 2372 1302 2440 minusest,
1325 2373 1467 2444 negligere
1477 2388 1533 2426 non
1548 2369 1645 2426 debeo.
1661 2370 1754 2444 Mejns

107 2464 265 2532 propterea
279 2459 517 2530 evangelizavero.
527 2466 559 2516 ut
569 2461 603 2515 ad
616 2461 692 2516 illam
703 2461 764 2532 [ol.,
776 2461 835 2533 illa]
849 2478 913 2532 per·
956 2461 1030 2516 enim
1047 2478 1157 2516 servum
1173 2478 1203 2517 se
1218 2462 1347 2517 omnibns
1362 2462 1452 2517 iacere
1466 2477 1550 2532 quam
1562 2465 1706 2532 sumptum
1717 2457 1752 2514 ab

106 2547 236 2611 reniam,
249 2552 279 2602 et
293 2548 379 2602 linem
394 2547 539 2620 Evangelii
553 2549 581 2604 in
597 2548 668 2616 cibo,
685 2554 713 2605 et
728 2554 796 2622 potu
811 2557 840 2605 et
853 2567 913 2604 ves·
956 2549 1131 2604 auditoribus
1147 2567 1202 2604 non
1216 2550 1351 2621 accipere.
1367 2549 1498 2606 Liberum
1513 2555 1608 2604 autem
1624 2547 1753 2604 sciuisse

107 2635 168 2692 tito
179 2637 363 2692 collocavero.
379 2637 433 2693 Sed
449 2655 536 2710 quare
549 2655 605 2693 non
624 2644 667 2694 est
688 2639 714 2694 ei
727 2639 839 2710 glorie?
857 2640 914 2693 Ne·
955 2639 1023 2694 dicit
1036 2655 1068 2694 ex
1081 2639 1303 2711 omnibus,quia‚
1315 2637 1367 2695 snb
1376 2639 1567 2710 nulliusjugo,
1588 2637 1658 2694 nulii
1670 2637 1754 2710 quid·

107 2725 231 2780 cessitas
244 2725 321 2780 enim
334 2725 482 2792 incumbit,
489 2727 517 2780 id
531 2733 583 2793 est,
594 2733 628 2783 ut
641 2726 704 2782 ideo
716 2727 914 2798 evangelizem,
950 2745 1039 2799 quam
1054 2727 1183 2784 debebat.

108 2813 182 2887 qnia
193 2813 370 2868 underiram
380 2830 437 2869 non
451 2814 556 2882 habeo;
573 2813 623 2871 aut
642 2821 675 2871 ut
687 2815 830 2889 acquiram
841 2823 916 2872 tem·
991 2817 1036 2873 19.
1050 2819 1172 2873 Auousr.
1182 2817 1241 2882 (lib.
1252 2819 1288 2872 Dr
1298 2833 1376 2886 opere
1385 2832 1541 2890 mon.,cap.
1556 2813 1608 2884 ln.
1617 2815 1649 2870 dl
1663 2817 1753 2884 sectus

105 2903 244 2975 pon-alem
259 2902 394 2968 fructum,
409 2903 444 2958 de
464 2903 660 2975 praedicatione
686 2911 865 2960 atemorum.
886 2905 916 2960 Si
956 2921 1018 2960 sum
1028 2907 1148 2973 luctans,
1164 2905 1192 2960 id
1204 2911 1255 2972 est,
1266 2911 1299 2960 ut
1311 2921 1344 2960 eo
1363 2906 1446 2960 modo
1466 2905 1636 2966 subveniret.
1652 2907 1754 2958 etcor-

109 2993 192 3048 enim
200 2993 262 3062 jam
272 2991 429 3046 necesitas
436 2993 491 3047 erit
503 2993 532 3047 in
543 2993 700 3064 Evangelio,
711 3010 768 3050 non
776 2995 914 3049 voluntas.
957 2993 1015 3049 nali
1029 2993 1133 3060 Judaeo,
1159 2994 1202 3049 vel
1223 3010 1342 3066 pagano.
1358 2994 1497 3066 quomodo
1510 2993 1562 3048 sibi
1575 2991 1640 3064 ipsi,
1660 2992 1684 3048 si
1701 2991 1755 3048 hoc

107 3083 150 3136 Va·
168 3084 259 3140 enim.
274 3079 377 3151 inquit,
394 3082 476 3148 mibi,
492 3085 518 3135 si
544 3097 599 3138 non
614 3087 847 3152 evangelizavero.
861 3083 916 3140 Sed
958 3089 1040 3150 esset,
1057 3081 1199 3138 subveniri
1227 3083 1369 3138 voluisset.
1396 3083 1516 3138 Portans
1541 3082 1640 3154 utique
1655 3097 1753 3138 eorum

102 3167 254 3242 quomodo
285 3169 476 3239 evangelizare
501 3169 604 3226 debet?
626 3170 737 3226 Scilicet
756 3176 789 3226 ut
810 3171 917 3242 inipso
957 3173 1151 3228 infirmitatem
1167 3173 1196 3228 in
1211 3172 1413 3244 compassionis
1428 3163 1622 3240 similitudine,
1637 3187 1694 3226 nou
1705 3170 1755 3226 fal-

102 3257 275 3329 Evangelio,
291 3255 419 3328 iuregno
436 3259 485 3312 Dei
496 3263 583 3329 ponat
598 3261 755 3315 mercedem
780 3261 824 3316 lta
840 3243 1017 3317 enimsslens
1032 3263 1061 3317 in
1071 3261 1208 3317 mendacii
1222 3261 1344 3318 fictione.

102 3351 211 3417 potest.
227 3361 286 3400 ιιι
299 3353 411 3401 coactus
421 3348 678 3418 evangelizare‚sed
693 3348 797 3403 volens.
805 3349 837 3406 Si
842 3352 917 3403 enim
994 3349 1037 3408 20.
1047 3355 1170 3407 Aunios.
1187 3353 1221 3406 lit
1231 3353 1322 3419 sactus
1337 3367 1399 3406 snm
1417 3351 1538 3406 iudans.
1555 3349 1627 3414 Quia
1641 3354 1755 3422 propter

102 3439 214 3500 colens,
229 3433 335 3505 inquit,
347 3435 396 3490 boc
409 3435 491 3504 (ocio,
507 3439 654 3492 mercedem
666 3439 758 3492 babeo.
779 3437 811 3494 Si
824 3443 917 3492 eutem
958 3439 1121 3495 scandalum
1133 3440 1246 3495 illorum
1257 3438 1626 3504 circumcidit'l'imothenm,
1638 3443 1666 3493 et
1677 3439 1755 3511 puri·

102 3525 403 3592 inmtosonpemmio
413 3526 487 3578 mibi
497 3527 602 3580 credito
613 3525 694 3580 estid
707 3531 759 3592 est,
771 3526 794 3580 si
804 3531 917 3581 coactus
958 3529 1057 3584 doetus
1067 3528 1345 3600 ascendittemplum,
1355 3533 1384 3583 et
1398 3527 1538 3582 consentit
1546 3528 1637 3599 legem
1649 3531 1677 3582 et
1688 3543 1755 3600 prc-

103 3611 207 3684 inopia
218 3627 318 3665 earnm
330 3627 423 3666 rerum
440 3629 502 3684 quae
512 3615 660 3686 temporali
672 3615 735 3670 vitae
746 3621 812 3670 sunt
822 3631 916 3670 neces-
957 3617 1057 3688 phetas
1065 3634 1148 3674 essee
1160 3618 1227 3684 Dec,
1239 3623 1267 3672 ct
1276 3617 1372 3672 deillis
1391 3616 1515 3671 ostendit
1527 3616 1670 3672 Christum
1681 3616 1757 3672 hunc

104 3701 191 3755 ιιι-ιε
207 3699 334 3772 praedico
356 3699 547 3773 Evangelium,
566 3703 614 3757 alii
642 3721 693 3775 per
709 3720 754 3758 me
773 3703 918 3759 habebunt
957 3724 1018 3762 esse
1033 3707 1081 3779 qui
1095 3708 1251 3779 promissus
1264 3712 1316 3775 est,
1332 3712 1363 3762 ιι
1375 3721 1507 3762 assensus
1519 3707 1581 3776 ejus
1591 3705 1708 3761 haberet
1718 3705 1755 3760 ei·

102 3789 272 3844 mercedem
290 3789 442 3860 Evangelii,
460 3791 508 3862 qui
523 3792 717 3863 Evangelium,
746 3809 792 3847 me
814 3791 916 3864 pradi-
957 3797 1072 3852 lectum.

102 3883 201 3936 eante.
221 3877 351 3948 diligent·
990 3885 1035 3940 tl.
1055 3888 1090 3942 lis
1105 3889 1155 3956 qui
1166 3886 1216 3940 sub
1242 3885 1304 3956 lege.
1336 3885 1372 3940 ili
1398 3883 1568 3942 Samaritani
1589 3889 1754 3940 noscuntur.

145 3965 192 4022 13.
209 3965 318 4020 Lassa
340 3967 446 4022 dorium
457 3973 495 4022 ιιι
510 3971 585 4024 enim
602 3969 772 4026 mibi.Ratio
786 3985 837 4024 cur
847 3970 918 4025 nolit
958 3976 1062 4047 Legem
1073 3975 1146 4030 enlm
1156 3974 1246 4030 solam
1267 3974 1416 4046 accipiunt,
1432 3975 1461 4030 id
1483 3979 1535 4037 est,
1552 3972 1638 4030 libros
1653 3973 1754 4048 Moysi,

102 4053 256 4126 stipendia
270 4053 333 4109 dall
347 4054 414 4115 Sibi·
424 4055 534 4112 Ρθιῑιθΐ
546 4059 620 4112 essim
629 4059 721 4129 gratia
736 4075 797 4124 δῦθι
809 4076 871 4131 quae
885 4075 917 4114 ex
959 4070 988 4120 et
1002 4069 1069 4120 sunt
1080 4081 1112 4120 ex
1128 4064 1264 4134 sanguine
1289 4063 1449 4130 Persarum,
1476 4078 1546 4134 quos
1567 4079 1615 4117 rex
1629 4063 1756 4136 Assyrio·

101 4143 588 4217 fflfflffll’fflfficflti0sssspr000dit:
598 4163 659 4219 que
670 4154 920 4204 cumremunerata
959 4171 1033 4220 rum,
1050 4152 1167 4209 sublatis
1181 4153 1246 4208 tlliis
1254 4153 1351 4220 lrael,
1363 4153 1393 4206 iu
1401 4151 1592 4224 captivitatem
1607 4150 1709 4223 posuit,
1719 4151 1755 4206 ad

102 4231 264 4287 convenire
275 4247 332 4287 11⁰1]
349 4240 451 4305 posset·
958 4243 1105 4299 incolenda
1117 4243 1176 4297 loca
1184 4241 1328 4298 Samariae.

143 4319 194 4376 14,
207 4321 340 4388 mutant
353 4327 474 4390 glorium
488 4341 586 4391 mecon,
596 4323 722 4381 etc.Non
730 4325 804 4390 ideo,
814 4326 915 4398 inquit,
993 4331 1038 4390 ιι.
1051 4333 1143 4400 linqui
1157 4333 1216 4385 sinc
1229 4333 1284 4399 lege
1303 4329 1412 4386 Asserit
1421 4328 1496 4384 enim
1508 4326 1573 4391 illis,
1589 4327 1617 4382 id
1626 4331 1679 4387 est.
1688 4343 1756 4404 geu·

102 4408 305 4480 evangelizari
320 4415 353 4465 ut
366 4412 470 4483 quida
499 4413 576 4469 vobis
591 4413 717 4487 accipere
730 4415 824 4470 velino.
844 4417 917 4471 Nam
957 4421 1043 4487 tibus,
1057 4419 1291 4492 juxtaphysicam
1302 4418 1452 4483 rationem,
1472 4417 1607 4473 mundum
1623 4417 1757 4474 factumn

100 4499 127 4552 si
143 4505 269 4570 propter
283 4497 335 4553 hoc
347 4501 581 4572 evangelizavero,
596 4520 652 4560 non
680 4503 749 4559 mihi
768 4505 868 4576 gloria,
888 4505 917 4559 id
958 4511 1034 4577 Deo3
1051 4511 1124 4566 stab
1138 4511 1199 4582 ipso
1214 4527 1265 4565 nos
1287 4509 1423 4582 originem
1438 4509 1549 4566 habere.
1567 4509 1612 4564 lta
1626 4510 1702 4566 euim
1716 4509 1757 4566 ait

100 4591 161 4649 θεῖ,
172 4586 285 4640 moriar
294 4587 474 4644 &meliten
486 4591 559 4645 Nam
574 4591 679 4647 malum
695 4597 738 4648 esi
761 4593 834 4648 mori
846 4592 945 4656 tem-G
957 4600 986 4654 in
1001 4599 1117 4655 Actibus
1131 4599 1340 4671 apostolorum:
1365 4597 1411 4654 Sic
1422 4601 1533 4670 quide-m
1547 4617 1580 4654 ιι
1589 4603 1663 4656 vobis
1683 4601 1757 4656 dioc·

98 4673 261 4747 poralitor,
274 4677 323 4731 sed
335 4678 541 4734 minusmalum
552 4695 637 4751 quam
646 4681 816 4737 eternaliter
831 4685 915 4752 m01i3
958 4693 1048 4743 runt:
1066 4691 1154 4758 Ipsius
1168 4694 1192 4742 ιι
1202 4705 1289 4757 penos
1298 4705 1404 4743 sarnus.

98 4771 132 4820 ct
151 4765 212 4820 huc
223 4770 266 4819 est
274 4765 348 4836 quod
356 4767 425 4822 dicit
432 4769 657 4841 aequipollenter:
669 4771 777 4826 Bonum
787 4777 831 4827 est
840 4771 917 4826 enim
992 4775 1036 4832 23.
1049 4779 1216 4833 Foclmsnm
1229 4779 1370 4846 infirmus,
1388 4777 1416 4832 id
1431 4782 1482 4842 est,
1499 4777 1590 4833 iactus
1603 4794 1665 4834 sum
1677 4777 1757 4836 infir·

99 4853 183 4908 mihi
198 4855 292 4924 fflflgls
302 4855 383 4910 morl·
961 4883 1024 4921 mus
1034 4873 1148 4938 propter
1162 4865 1298 4932 infirmos,
1309 4866 1375 4921 dum
1391 4872 1507 4939 propter
1517 4867 1618 4923 iratres
1633 4885 1650 4923 a
1672 4867 1757 4926 licitis

143 4941 193 5000 15.
212 4943 276 4997 Ιιόιι
291 4949 329 4998 ιιι
340 4945 411 5000 mini
426 4949 528 5014 glorio.
543 4947 641 5002 Gloria
655 4949 713 5004 baec
731 4965 748 5004 a
776 4949 919 5006 voluntate
960 4954 1093 5021 abstinet,
1111 4971 1146 5010 ue
1160 4955 1216 5011 illis
1229 4953 1391 5012 mandalum
1403 4961 1528 5027 generet.

97 5029 255 5105 procedit,
272 5031 356 5104 longe
369 5034 485 5106 igitura
498 5037 676 5094 necessitate.
995 5045 1286 5101 indoctissimum
1304 5061 1365 5100 sum
1382 5047 1527 5114 infirmus.
1545 5045 1581 5102 Et
1596 5047 1657 5119 ipso
1668 5045 1758 5104 iactus

137 5119 193 5179 16.
211 5123 250 5177 Va
263 5127 340 5178 enim
350 5128 423 5180 miti
432 5132 487 5182 est!
502 5128 622 5198 Exponit
633 5128 668 5183 de
686 5143 742 5201 qua
750 5131 916 5186 necessitate
960 5134 1090 5208 infirmus
1104 5150 1160 5207 quo
1178 5139 1317 5206 potestate
1331 5151 1384 5190 sua
1395 5134 1437 5189 uti
1458 5135 1556 5196 voluit.
1571 5143 1630 5192 tam
1645 5135 1757 5190 miseri·

96 5211 258 5269 dicatFat
268 5213 342 5268 enim
353 5215 577 5282 alianecessitas‚
589 5233 651 5289 que
660 5218 691 5273 in
707 5235 803 5278 rerum
813 5220 916 5278 immu·
958 5223 1035 5278 cordi
1049 5223 1156 5278 scilicet
1170 5223 1271 5279 ellectu
1284 5223 1415 5279 inductus
1428 5228 1461 5279 ut
1474 5223 1611 5296 cogitaret
1625 5221 1758 5295 quemad-

95 5301 255 5358 iabilitsste
270 5303 408 5359 mittit·
504 5333 516 5366 ι
959 5313 1074 5369 modum
1089 5329 1183 5368 secum
1195 5313 1241 5385 agi
1252 5312 1344 5378 vellet,
1361 5313 1384 5368 si
1398 5313 1498 5385 etipse
1510 5313 1550 5368 ita
1566 5313 1758 5369 infirmaretur

141 5391 194 5448 l'l.
213 5391 250 5445 l'a
260 5395 336 5446 enim
344 5395 417 5448 mibi
427 5399 474 5459 ιιι,
484 5396 525 5448 sil
536 5399 588 5462 etc.
600 5393 832 5472 Nonest,inquit,
848 5401 915 5455 mihi
958 5407 990 5457 ut
1004 5407 1100 5475 posset
1108 5403 1143 5457 de
1153 5401 1209 5458 illis
1219 5418 1269 5475 per
1280 5417 1349 5475 qnos
1363 5401 1415 5458 sibi
1430 5401 1610 5475 Evangelium
1626 5401 1758 5474 predica-

94 5480 250 5553 gloria.si
266 5486 382 5554 propter
391 5490 536 5556 sumptum
547 5485 706 5556 praedicem,
722 5487 789 5560 quia
803 5495 918 5563 propter
957 5498 1046 5560 retur,
1058 5491 1083 5547 si
1090 5509 1137 5548 eos
1146 5492 1261 5556 rideret,
1273 5496 1403 5564 sumptus
1418 5491 1552 5568 accipere,
1566 5493 1648 5568 quasi
1658 5490 1757 5568 merci

95 5568 313 5628 moesduam
329 5571 472 5628 sitandam
482 5574 534 5629 hoc
551 5573 633 5645 iacto,
648 5592 714 5632 nam
729 5583 843 5652 propter
863 5597 914 5650 rae,
957 5582 1117 5639 mentorum
1134 5581 1276 5640 nundinas
1286 5579 1435 5654 suspicari.
