3986 6184
175 242 212 304 23
673 242 705 296 Β.
727 239 934 297 LANFRANCI
953 237 1133 294 centula.
1153 234 1323 292 ARCHIEP.
1783 235 1817 292 Ἃ

178 367 393 441 quamplurimis
405 367 511 438 Anglim
525 364 605 438 regni
624 361 748 420 ecclesiis
771 361 1074 423 cathedralibushret.
1092 358 1199 430 Viginti
1219 357 1343 430 quinque
1361 359 1490 414 maneria
1510 377 1523 413 a
1544 376 1576 414 ex
1594 359 1629 414 iis
1654 364 1823 414 enumerant

178 457 366 530 perseveravit
382 471 472 527 usque
494 455 529 508 ad
563 455 700 525 ejuratam
719 459 847 524 tempore
866 451 979 506 Hearici
1020 449 1157 504 Rodullus
1175 449 1210 502 de
1228 449 1335 516 Diceto,
1356 455 1385 502 et
1398 450 1546 504 Matthaeus
1570 450 1694 506 Parisios
1715 451 1749 504 ud
1769 466 1821 505 an-

178 547 244 602 Vlll
264 545 429 600 catholicam
449 544 544 598 fidem.
565 543 638 607 Quid
669 547 803 614 praterea
835 539 979 596 monachis
1020 556 1088 594 num
1112 536 1192 595 1039.
1222 538 1334 602 Quanta
1350 555 1415 592 vero
1441 539 1528 594 animi
1548 539 1705 595 constantia
1731 538 1822 595 Odoni

179 635 343 709 prestiterit
360 633 541 698 Lanlrancus,
563 649 596 686 cx
616 631 714 686 eodem
743 629 880 685 Eadmero
908 629 981 684 aliis·
1021 628 1166 699 Baj0censi
1189 628 1330 699 episcopo,
1351 627 1462 683 uterino
1482 629 1608 699 ejusdem
1637 629 1711 700 regis
1730 627 1821 692 fratri,

181 742 235 797 que
255 722 415 778 auctoribus
435 721 620 792 repetendum
646 726 704 787 est;
726 735 816 790 pauca
833 735 866 773 ex
885 717 981 772 multis
1023 717 1151 771 Ecclesia
1164 716 1375 772 Cantuariensis
1396 718 1461 787 jura
1472 717 1587 771 violanti
1599 717 1745 784 restiterit,
1760 733 1824 772 nar·
1877 771 1882 780 ,

178 813 225 868 hic
239 812 362 867 delibare
381 810 511 865 sufficiat.
534 809 734 864 Monachorum
751 807 872 862 ecclesia
891 807 980 861 sancti
1021 811 1086 861 rant
1109 806 1272 872 Eadmerus,
1295 805 1343 860 lib.
1374 820 1383 859 1
1406 807 1558 873 Novorum,
1582 811 1611 860 et
1631 806 1701 862 Vitae
1725 811 1824 860 auctor

180 900 333 957 Salvatoris
351 900 435 953 domo
454 896 539 952 veteri
559 898 710 959 destructa,
743 915 755 948 a
786 895 855 950 alias
880 895 981 950 dacore
1022 893 1119 966 cap.9.
1129 895 1194 949 Hac
1205 911 1269 949 vero
1278 893 1372 948 omnia
1383 895 1406 949 ei
1415 900 1522 949 tantam
1533 895 1727 950 auctoritatem
1737 895 1823 950 etiam

179 1006 212 1044 ac
230 987 424 1060 magnitudine
443 987 563 1041 multum
593 990 758 1058 praestantes
789 985 944 1050 aedificavit,
967 1002 979 1037 a
1023 984 1097 1055 apud
1126 999 1221 1054 regem
1243 984 1332 1055 ipsam
1361 984 1552 1050 conciliarant,
1573 989 1615 1050 ut,
1632 1001 1696 1039 curn
1711 983 1822 1039 Willel-

178 1078 272 1150 inquit
288 1077 458 1144 Eadmerus3
475 1075 617 1130 abbatiam
630 1073 725 1129 Sancti
741 1073 853 1140 Albani,
870 1095 881 1123 a
897 1087 981 1144 quarn
1022 1089 1086 1128 mus
1103 1072 1131 1127 in
1142 1072 1318 1127 Normannia
1342 1077 1511 1140 versaretur,
1527 1074 1700 1128 Lanlrancus
1718 1092 1728 1122 ι
1748 1072 1824 1145 prin·

180 1167 258 1222 intus
273 1172 302 1221 et
314 1171 391 1222 extra
406 1166 442 1219 ad
457 1165 577 1220 nihilum
604 1164 662 1218 sere
681 1163 850 1226 devolutam,
871 1163 931 1234 ipsc
951 1167 983 1215 ut
1022 1178 1087 1233 ceps
1102 1167 1131 1215 et
1145 1167 1238 1216 custos
1256 1161 1364 1232 Angliae
1375 1166 1458 1227 esset,
1474 1161 1606 1233 subjectis
1622 1161 1675 1216 sibi
1689 1161 1823 1234 principi·

185 1253 553 1323 suam,institutoeibonae
567 1253 709 1310 memoria
731 1253 818 1308 Paulo
835 1251 944 1318 abbate,
965 1269 983 1306 a
1022 1250 1084 1312 bus,
1102 1255 1198 1305 ateste
1214 1251 1285 1306 Vitae
1304 1256 1427 1314 auctore,
1444 1269 1494 1324 cap
1530 1252 1571 1309 15.
1595 1251 1824 1306 Eadmerusaliis

181 1345 371 1399 fundamentis
386 1343 575 1411 reaedificavit,
591 1342 706 1397 etintus
718 1358 822 1413 magna
836 1341 979 1412 religione,
1024 1339 1113 1395 verbis
1128 1339 1202 1394 idem
1218 1339 1331 1394 omnino
1344 1340 1455 1406 astruit,
1477 1341 1627 1395 asserendo
1645 1361 1656 1392 v
1673 1340 1708 1394 ad
1721 1345 1823 1395 nutum

181 1433 250 1488 foris
261 1433 414 1487 multarum
425 1447 519 1486 rerum
536 1430 687 1485 donatione
710 1429 796 1496 auxit,
812 1429 979 1494 honestavit,
1023 1427 1170 1482 Lsnlranci
1182 1427 1269 1482 totius
1293 1427 1371 1498 regni
1387 1428 1520 1482 intuitum
1545 1433 1694 1500 spectasse.
1713 1447 1725 1479 n
1741 1427 1822 1491 Quod

181 1521 316 1577 ditant.»
334 1522 388 1576 Per
402 1520 574 1576 Gundulium
588 1519 767 1584 monachum,
784 1517 982 1591 quemepisco-
1023 1521 1087 1588 post
1100 1518 1161 1588 ejus
1176 1522 1294 1571 mortem
1306 1515 1481 1588 potissimum
1498 1516 1608 1571 enituit.
1620 1517 1692 1571 Nara
1705 1515 1823 1572 Guillel-

181 1625 249 1682 purn
261 1609 418 1663 Rollensem
434 1607 568 1674 instituit,
584 1612 749 1663 «vetustam
765 1607 910 1661 ecclesiam
923 1606 982 1679 epi·
1025 1622 1087 1660 mus
1101 1605 1197 1664 Rufus.
1216 1605 1263 1676 qui
1270 1606 1328 1675 jam
1340 1605 1413 1676 patri
1423 1622 1474 1659 suo
1489 1609 1669 1671 successerat,
1688 1604 1824 1658 ‹confes-

181 1703 312 1772 scopatus
323 1715 385 1752 cum
405 1696 512 1752 fabrica
526 1695 673 1767 adjacente
700 1694 846 1761 subvertit,
866 1701 894 1748 et
909 1681 1010 1749 noval}
1021 1694 1073 1748 tim
1087 1715 1100 1744 n
1112 1694 1205 1765 inquit
1214 1695 1369 1749 Eadmerus
1379 1713 1392 1743 <‹
1400 1695 1475 1749 toras
1485 1694 1630 1766 expressit,
1641 1694 1716 1765 quod
1731 1693 1789 1758 illo,
1809 1715 1819 1742 ι

183 1805 300 1861 quaeque
315 1786 436 1842 extruxit
440 1826 541 1844 .........
558 1785 652 1840 sedem
675 1784 860 1855 episcopalem
887 1799 983 1837 mona·
1023 1783 1188 1850 Lansranco,
1207 1783 1373 1838 «confotum
1383 1782 1490 1838 habuit.
1505 1783 1584 1837 Fecit
1594 1800 1660 1854 ergo
1672 1781 1823 1837 Ecclesiam

183 1877 254 1932 chici
267 1876 374 1931 ordinis
392 1875 471 1929 cultu
495 1873 628 1939 instituit,
649 1889 682 1926 ac
695 1872 830 1942 delegatis
843 1873 934 1938 terris,
955 1877 984 1926 et
1024 1872 1126 1926 Christi
1140 1874 1276 1939 venalem,
1295 1891 1306 1924 r
1324 1878 1376 1927 etc.
1393 1873 1474 1927 Unde
1499 1871 1598 1926 merito
1613 1871 1648 1925 de
1666 1871 1822 1926 Lantranco

184 1964 246 2019 aliis
267 1980 328 2035 quae
346 1961 544 2017 sustentationi
559 1961 616 2015 illic
630 1960 810 2015 servientium
830 1961 888 2015 Deo
907 1977 984 2015 com·
1024 1961 1120 2031 paucis
1147 1960 1237 2016 verbis
1263 1978 1326 2016 curn
1356 1960 1452 2016 eodem
1473 1960 1609 2015 Eadmero
1636 1961 1689 2015 dici
1711 1964 1820 2032 potest:

183 2051 327 2125 petebant,
344 2052 456 2106 divitem
472 2051 507 2104 de
522 2066 654 2122 paupere,
667 2048 813 2104 sublimem
825 2050 859 2103 de
872 2049 982 2117 humili,
1027 2050 1178 2104 «Breviter
1187 2051 1248 2105 dico
1263 2052 1354 2122 ipsum
1370 2067 1467 2105 revera
1485 2066 1618 2121 magnum
1634 2053 1663 2104 et
1676 2049 1823 2121 insupera-

184 2141 259 2196 sicut
270 2142 300 2196 in
314 2140 445 2212 prasenti
458 2139 588 2205 habetur,
606 2139 705 2194 eilecit.
722 2159 735 2192 a
752 2141 816 2194 llaec
831 2140 985 2195 Eadmerus
1025 2138 1109 2194 bilem
1123 2140 1250 2195 Ecclesiae
1276 2140 1379 2194 Christi
1397 2139 1582 2206 defensorem,
1601 2143 1630 2194 et
1644 2138 1721 2210 pium
1736 2137 1823 2193 totius

185 2235 214 2286 et
227 2230 386 2285 Willelmus
400 2229 669 2286 Malmesburiensis.
691 2229 749 2284 Nec
764 2229 857 2283 minus
870 2245 934 2282 eum
950 2228 984 2284 de
1025 2229 1132 2299 Angliae
1147 2229 1312 2302 principem,
1325 2246 1366 2296 ac,
1394 2229 1423 2283 in
1440 2235 1576 2301 quantum
1601 2227 1655 2282 sibi
1667 2221 1755 2292 licuit,
1776 2227 1824 2281 bo-

188 2323 320 2374 accurata
337 2319 475 2390 regularis
495 2318 648 2390 disciplina
672 2317 864 2372 observatione
880 2305 986 2373 sollici·
1025 2334 1092 2372 num
1108 2323 1249 2389 pastorem
1265 2318 1371 2372 cunctis
1385 2317 1414 2372 in
1429 2335 1462 2373 ea
1472 2316 1771 2384 consistentibus,du1n
1785 2316 1825 2370 vi-

187 2413 249 2464 tum
261 2408 446 2480 fuisse,quam
459 2407 648 2479 desplendore
658 2411 708 2461 ant
722 2407 907 2478 amplitudine
920 2406 985 2461 aedi·
1026 2407 1075 2468 xit.
1088 2408 1183 2464 fuisse.
1199 2427 1210 2460 r
1225 2409 1349 2462 Noverat
1362 2407 1390 2462 id
1405 2408 1561 2462 Alexander
1575 2407 1601 2462 ΙΙ
1617 2422 1824 2478 summuspon·

185 2497 313 2553 liciorum
326 2496 448 2569 probant
458 2496 590 2568 praeclara
604 2495 652 2549 illa
666 2500 782 2563 statuta,
793 2513 854 2567 quae
868 2512 985 2568 promo.
1025 2495 1102 2563 tifex,
1117 2496 1164 2568 qui
1177 2497 1252 2569 apud
1267 2497 1396 2552 eumdem
1411 2501 1564 2564 auctorem,
1580 2495 1768 2551 Lanfraneum
1778 2511 1825 2548 vo-

185 2585 282 2642 nachis
297 2585 394 2652 edidit,
411 2601 428 2638 a
443 2589 539 2639 nostro
553 2584 673 2639 acherio
687 2585 772 2638 edita.
784 2585 909 2656 Denique
926 2584 984 2640 sin·
1026 2591 1071 2639 cat
1085 2609 1096 2633 v
1111 2586 1221 2641 Patrem
1234 2587 1331 2658 patria
1342 2587 1511 2658 hnglicanae;
1527 2607 1537 2634 v
1551 2585 1613 2640 etei
1621 2601 1718 2639 revera
1731 2588 1824 2656 pasto

186 2691 281 2731 cerum
293 2676 353 2745 ejus
369 2675 398 2729 in
421 2673 605 2728 monasticam
621 2673 705 2728 vitam
722 2690 846 2730 amorem
864 2678 986 2728 testatur
1026 2673 1099 2727 rales
1113 2673 1214 2745 virgas,
1228 2679 1313 2745 prout
1321 2673 1534 2746 ipsivideretur,
1546 2673 1746 2745 dispensandas
1760 2688 1826 2726 con-

185 2765 235 2820 illa
249 2764 367 2836 epistola
381 2780 465 2835 quam
481 2763 516 2818 ad
532 2762 721 2817 Alexandrum
736 2779 837 2835 papam
861 2763 982 2835 scripsit,
1024 2761 1188 2817 tradiderat.
1200 2763 1435 2834 chronographus
1449 2769 1544 2817 noster
1566 2761 1727 2827 Saronicus,
1745 2762 1824 2816 Nor·

185 2858 218 2909 ut
231 2854 266 2908 ab
282 2852 403 2908 ecclesiae
410 2851 620 2907 cantuariensis
633 2851 769 2922 regimine
782 2851 983 2906 absolveretur.
1025 2851 1137 2905 mannis
1151 2851 1216 2905 licet
1232 2852 1360 2916 infestus,
1377 2852 1563 2906 Lanfrancum
1580 2851 1677 2906 laudat
1692 2869 1705 2903 ι
1727 2850 1757 2905 in
1771 2851 1823 2905 Ec-

187 2959 201 2996 a
217 2943 305 3016 Rogo,
321 2941 421 3012 inquit,
435 2946 574 3012 quatenus
586 2945 700 3013 propter
714 2941 803 2996 Deum
818 2946 847 2995 et
860 2941 983 2996 animam
1026 2940 1110 2994 alesia
1127 2941 1280 3006 doctorem,
1297 2943 1376 3013 cuius
1391 2941 1484 2996 studio
1500 2947 1527 2996 et
1542 2941 1622 3012 prins
1636 2939 1666 2993 in
1679 2939 1780 3005 Gallia,
1796 2945 1826 2994 et

185 3037 317 3098 vestram,
334 3037 367 3084 ut
397 3029 469 3084 sicut
493 3034 594 3096 vestra,
618 3029 662 3084 cui
687 3029 841 3084 contradici
863 3031 904 3084 las
927 2999 1203 3101 nonGpostmodum
1217 3031 1250 3084 irr
1260 3031 1371 3102 Anglia,
1387 3030 1468 3085 multi
1491 3031 1526 3085 ad
1553 3030 1689 3103 divinum!
1707 3028 1825 3084 animati

186 3119 249 3188 fuit,
264 3137 310 3175 me
326 3119 494 3174 auctoritate
502 3117 648 3188 alligastis,
660 3119 700 3172 sic
708 3119 982 3190 quoquealligatum,
1026 3124 1092 3173 sunt
1103 3118 1279 3191 obsequium.
1297 3139 1309 3172 n

185 3209 304 3281 abrupto
320 3225 371 3280 per
384 3207 511 3262 eamdem
526 3207 722 3262 auctoritatem
736 3208 821 3278 huius
833 3209 986 3262 necessita·
1063 3209 1079 3262 5
1110 3205 1171 3262 Non
1202 3208 1285 3262 lactis
1316 3208 1406 3262 solum
1436 3208 1484 3263 sed
1514 3207 1597 3262 etiam
1628 3206 1685 3262 suis
1714 3205 1825 3278 scriptis

184 3299 222 3352 tis
235 3298 354 3364 vinculo,
367 3296 527 3363 absolvatis,
539 3296 681 3366 vitamque
697 3295 887 3362 coenobialem,
901 3313 986 3367 qnam
1027 3295 1200 3350 Lantrancus
1225 3297 1375 3351 Ecclesiam
1403 3297 1568 3352 catholicam
1587 3295 1746 3358 illustravit,
1762 3312 1824 3367 qnae

184 3403 242 3458 prae
275 3385 405 3440 omnibus
424 3384 519 3455 diligo,
548 3383 693 3455 repetendi
716 3384 858 3439 licentiam
891 3401 986 3440 conce·
1027 3384 1052 3438 ei
1071 3384 1146 3438 inter
1164 3384 1365 3440 ecclesiasticos
1382 3390 1510 3446 auctores
1537 3385 1629 3439 locum
1649 3389 1822 3439 meruerunt.

185 3474 269 3540 datis,
292 3491 305 3527 a
327 3491 388 3546 quse
406 3473 502 3527 omnia
521 3471 641 3544 probant
659 3473 774 3528 titulum
792 3494 802 3521 ι
820 3473 912 3528 Patris
923 3491 984 3529 rao·
1026 3471 1093 3542 Ejus
1109 3488 1193 3544 opera
1207 3473 1311 3540 omnia,
1333 3491 1394 3546 quae
1408 3473 1527 3528 inveniri
1551 3479 1711 3546 potuerant,
1732 3472 1823 3544 primo

186 3563 340 3618 nechoram
369 3580 379 3613 r
407 3561 473 3632 jure
505 3560 605 3615 merito
638 3562 793 3617 Lanlranco
822 3579 984 3618 concessum
1025 3560 1054 3615 in
1073 3578 1160 3616 unum
1187 3563 1303 3617 collecta
1330 3563 1418 3618 edidit
1439 3568 1536 3618 noster
1561 3563 1651 3618 Lucas
1675 3562 1821 3630 acherius,

183 3651 280 3706 titisse.
1026 3667 1145 3722 quorum
1177 3651 1223 3705 hic
1247 3657 1290 3706 est
1323 3653 1466 3724 catalogus
1487 3671 1519 3706 :v
1545 3652 1771 3708 Commentarius
1794 3652 1824 3706 in

148 3741 154 3752 '
220 3739 247 3796 4.
265 3739 383 3794 Mutatis
400 3739 430 3793 in
448 3739 550 3811 Anglia
568 3739 661 3807 rebus,
682 3756 752 3812 opus
778 3751 839 3795 erat
858 3741 916 3795 viro
936 3743 984 3814 qui
1025 3739 1163 3811 Epistolas
1177 3739 1253 3796 beati
1273 3739 1364 3796 Pauli.
1385 3741 1508 3796 Libellus
1523 3742 1558 3797 de
1585 3758 1701 3813 corpore
1715 3748 1743 3797 et
1757 3757 1822 3796 san-

185 3829 315 3885 Ecclesiae
342 3828 455 3898 negotia
472 3829 514 3883 ita
533 3829 729 3884 moderaretur
741 3835 772 3884 ut
785 3845 837 3884 nec
857 3831 984 3886 ecclesia·
1023 3829 1108 3900 guina
1123 3829 1236 3885 Domini
1246 3835 1345 3884 contra
1358 3831 1559 3904 Berengarium
1581 3830 1824 3886 innotatiunculae

185 3919 254 3974 stica
273 3916 421 3989 disciplina
438 3917 482 3972 his
507 3917 675 3973 tumultibus
696 3920 837 3990 jacturam
856 3919 981 3992 aliquam
1023 3918 1051 3972 in
1067 3919 1216 3972 nonnullas
1239 3919 1355 3974 loannis
1377 3919 1503 3974 Cassiani
1518 3919 1680 3976 collationes
1693 3919 1821 3974 Petrum.

184 4007 346 4075 sustineret,
375 4023 426 4062 nec
454 4005 642 4062 Ecclesiamm
669 4009 735 4078 jura
762 4008 935 4064 violarentur
965 4026 982 4064 a
1023 4007 1141 4062 Decreta
1158 4008 1317 4080 proordine
1335 4009 1424 4063 sancti
1452 4009 1603 4064 Benedicti.
1619 4009 1702 4065 Liber
1721 4008 1823 4080 episto·

183 4096 343 4153 victoribus
358 4095 477 4168 Utrique
488 4096 601 4166 egregie
611 4095 732 4166 providit
748 4097 930 4163 lanfrancus,
947 4115 981 4153 ea
1021 4096 1123 4151 larum.
1139 4097 1273 4168 Pericope
1288 4098 1422 4152 orationis
1442 4115 1526 4170 quana
1543 4097 1641 4153 habuit
1654 4097 1683 4152 in
1704 4097 1821 4152 concilio

182 4187 213 4242 in
231 4203 263 4241 re
281 4185 447 4242 auctoritate
466 4201 523 4256 qua
540 4184 663 4256 pollebat
673 4184 703 4239 in
719 4202 814 4256 regem
828 4187 981 4258 prudenter
1021 4185 1194 4257 Anglicano;
1208 4191 1236 4240 et
1248 4185 1359 4241 libellus
1370 4187 1410 4240 De
1423 4186 1597 4242 confessione
1607 4187 1732 4242 celanda.
1751 4207 1761 4237 r
1779 4188 1818 4242 Ex

182 4287 273 4343 utens,
290 4277 371 4347 cujus
385 4291 402 4330 a
416 4273 538 4329 consiliis
552 4271 981 4340 erat.Etenim,utnotatAdam
1022 4274 1066 4328 his
1089 4275 1308 4329 commentarius
1334 4275 1362 4330 in
1385 4275 1464 4331 Pauli
1488 4276 1620 4347 epistolas
1643 4274 1678 4330 ab
1699 4275 1817 4331 richerio

183 4364 352 4429 Bremcnsis,
364 4362 411 4418 lib.
428 4380 462 4430 rv,
475 4363 605 4418 Historia
621 4363 822 4431 ecclesiastica,
839 4353 1161 4437 cap.x1v:Dvulgatus,
1185 4371 1298 4419 nonest
1320 4364 1447 4424 ‚sincerus
1465 4364 1613 4420 Lanfranci
1628 4365 1717 4432 setus;
1738 4365 1816 4420 illum

184 4452 367 4507 «Willelmus
382 4450 533 4506 Bastardus
541 4451 641 4506 ablatis
652 4453 790 4507 scandalis
804 4469 867 4508 eum
878 4471 980 4525 posue·
1022 4456 1116 4508 autern
1132 4453 1234 4525 ipsum,
1246 4455 1294 4525 qui
1311 4453 1346 4507 ab
1356 4471 1388 4508 eo
1402 4455 1522 4525 scriptus
1546 4458 1597 4518 est,
1610 4452 1746 4508 habemus
1761 4470 1818 4525 pra

182 4547 228 4597 rat
241 4539 368 4595 Ecclesia
383 4539 536 4606 doctorem,
555 4541 635 4611 cnjus
653 4542 746 4596 studio
760 4543 842 4597 multi
858 4544 893 4598 ad
908 4544 979 4598 divi·
1021 4541 1160 4607 manibus,
1191 4559 1284 4613 quern,
1319 4543 1342 4596 si
1370 4542 1521 4614 aliquando
1545 4549 1704 4614 opportuna
1734 4541 1819 4596 fuerit

183 4646 250 4685 num
279 4628 396 4683 animati
424 4633 491 4682 sunt
516 4627 691 4699 obsequium.
712 4649 723 4680 ι
746 4630 816 4684 llinc
834 4648 897 4686 curn
917 4632 979 4703 pius
1020 4631 1136 4696 occasio,
1155 4631 1183 4685 in
1197 4631 1286 4686 lucem
1305 4631 1488 4703 proferemus.
1510 4631 1613 4686 Verum
1637 4636 1740 4704 praeter
1760 4630 1819 4686 haec

181 4719 299 4774 antistes
314 4717 494 4772 conciliorum
509 4731 591 4772 usum
604 4717 634 4771 in
648 4717 750 4789 Anglia
763 4735 780 4772 a
792 4720 888 4776 multis
904 4727 979 4776 retro
1020 4736 1105 4792 opera
1115 4721 1309 4775 dicituretiam
1321 4720 1441 4775 edidisse
1450 4719 1690 4775 commentarium
1705 4721 1733 4775 in
1747 4721 1819 4792 psal·

182 4807 264 4863 annis
278 4806 447 4862 obsolevisse
461 4805 713 4870 animadvertisset,
728 4808 835 4863 curavit
858 4815 890 4864 ut
904 4810 980 4865 dein·
1020 4825 1081 4863 mos
1114 4809 1271 4876 Davidicos‚
1296 4813 1324 4862 et
1354 4808 1501 4863 historiam
1530 4809 1818 4878 eeclesiasticam3sed

182 4913 246 4968 ceps
258 4896 420 4967 frequenter
429 4894 618 4963 haberentur;
635 4896 710 4968 quod
724 4903 752 4950 et
765 4898 871 4952 facturn
886 4904 937 4966 est,
952 4905 981 4954 et
1021 4903 1152 4953 neutrum
1186 4899 1322 4953 hactenus
1350 4899 1474 4972 reperire
1504 4899 1591 4955 licuit.
1621 4899 1704 4953 Certe
1742 4900 1818 4970 quod

180 4986 271 5040 multa
284 4985 313 5038 in
325 4983 359 5038 iis
368 4983 403 5038 ad
414 4983 588 5054 disciplinam
600 4990 675 5039 recte
694 4987 859 5041 servandam
872 4993 979 5042 statuta
1020 4988 1192 5042 Laufrancus
1228 4987 1374 5042 historiam
1412 4987 1456 5042 sni
1493 4987 1627 5060 temporis
1664 4988 1816 5061 scripserit,

180 5079 256 5130 sunt.
268 5074 346 5129 Bona
366 5089 429 5126 vero
442 5071 619 5143 temporalia,
639 5089 702 5144 quae
717 5075 839 5130 ecclesia
856 5093 912 5132 suae
923 5076 979 5131 bel·
1020 5076 1225 5131 extradubium
1254 5076 1365 5130 videtur
1389 5093 1469 5146 esse;
1501 5079 1580 5148 cuius
1606 5077 1647 5131 rei
1668 5077 1749 5132 testis
1776 5083 1819 5132 est

179 5163 270 5218 lorum
294 5168 422 5232 ternpore
444 5166 525 5232 rapta
539 5161 659 5226 lucrant,
676 5163 787 5219 restitui
807 5166 976 5236 procuravit,
1019 5164 1175 5220 Eadmerus
1189 5164 1282 5218 libror
1298 5165 1448 5232 Noveram,
1466 5165 1514 5220 ubi
1541 5165 1575 5220 de
1599 5165 1755 5221 Lanfranco
1779 5167 1819 5222 sic

178 5252 213 5307 ad
227 5251 255 5306 id
267 5250 447 5307 Guillelmum
458 5265 552 5319 regem
563 5250 774 5318 prudentiasua
785 5273 797 5304 v
809 5255 973 5324 perducens,
1016 5254 1164 5324 loquitur:
1185 5271 1197 5305 r
1225 5253 1347 5324 lpsemet
1373 5254 1407 5308 de
1430 5242 1513 5309 rebus'
1538 5254 1733 5310 ecelesiasticis
1756 5272 1818 5327 qnae

176 5339 270 5411 inquit
292 5337 459 5401 Eadmerus,
475 5343 507 5391 ut
530 5338 711 5408 quamplures
734 5345 825 5396 terras
852 5343 975 5396 ecclesiae
1017 5360 1067 5398 suo
1091 5347 1218 5414 ternpore
1237 5349 1318 5412 gesta
1338 5350 1413 5407 sunt,
1431 5342 1607 5396 veracissimo
1632 5348 1660 5397 et
1688 5359 1818 5416 compen·

178 5427 398 5492 Cantauriensis,
415 5425 531 5481 divorsis
551 5425 642 5479 causis
670 5444 701 5482 ac
725 5429 863 5485 violentiis
882 5432 974 5486 horni—
1016 5429 1174 5486 diosissimo
1195 5432 1303 5486 calamo
1327 5431 1477 5502 scripsit.»
1504 5431 1563 5486 Hoc
1585 5447 1664 5503 opuS,
1691 5438 1724 5488 ut
1748 5433 1817 5487 mihi

175 5533 245 5602 nunt
255 5515 371 5576 ablatas.
387 5533 437 5588 pro
452 5513 644 5588 redemptione
661 5517 760 5574 animm
776 5539 833 5576 sum
847 5522 976 5576 restitue·
1015 5521 1134 5588 videtur,
1150 5520 1247 5576 laudat
1261 5521 1419 5576 Willelmus
1438 5519 1696 5582 Malmesburiensis
1709 5521 1779 5577 libro
1796 5537 1815 5589 1,
