3986 6184
133 307 186 368 tls
503 305 542 364 ΙΝ
560 305 594 363 D.
614 301 722 362 PAULI
741 302 855 362 uutsu.
877 303 1065 367 couniunt.
1084 333 1119 352 ι·-
1138 307 1251 366 uetur.
1270 310 1319 367 AD
1338 311 1425 369 ROM.
1718 315 1769 376 iii

128 435 161 492 in
169 432 303 492 cordrbus
316 435 386 504 suis,
399 433 445 492 st.
460 429 654 490 testimouium
667 429 802 486 reddente
815 425 871 485 illie
886 429 1062 489 couscientia
1075 433 1211 508 ipsomm,
1227 439 1256 492 et
1270 434 1315 493 25.
1330 435 1405 494 inter
1418 454 1449 496 sc
1458 433 1508 498 uu.
1526 441 1647 500 invicem
1660 441 1769 514 cogita·

129 523 261 581 tionibus
273 521 472 581 accusantibus
480 527 531 579 aut
543 521 630 577 wem
639 519 855 577 defendentibus
867 537 874 588 ς
887 519 917 576 in
930 521 985 590 die,
1001 538 1065 578 cum
1074 523 1214 594 judicabit
1225 523 1302 581 Deus
1310 528 1419 584 occulta
1437 527 1593 598 hominum,
1609 530 1766 590 secuudum

129 613 318 684 Evangelium
332 627 500 684 meum,per
512 611 609 666 iesum
624 609 779 668 Christum.
799 613 857 676 η
877 609 907 665 Si
924 615 1019 666 autem
1032 609 1078 678 tt,
1097 608 1143 670 28.
1163 616 1195 668 tu
1213 611 1327 669 ludaeus
1340 617 1558 686 cognomineris,
1574 623 1603 676 et
1614 620 1770 692 requiescis

127 703 277 756 delectaris
294 701 326 756 in
338 701 412 773 lege,
436 705 466 756 ot
483 698 614 771 gloriaris
634 697 664 756 in
682 695 751 765 Deo,
774 703 803 753 et
815 696 890 753 nosti
904 698 1077 754 voluntatem
1091 701 1162 770 ejus,
1173 707 1202 756 et
1215 701 1317 773 probes
1334 703 1456 766 utilium,
1481 705 1637 763 instructus
1653 707 1700 766 29.
1714 725 1766 782 per

128 791 236 862 legem,
252 791 372 847 contidis
385 795 414 846 te
428 790 522 863 ipsum
535 805 597 844 esse
606 789 706 844 ducem
718 803 865 854 cecorum,
879 787 976 843 lumen
994 803 1092 844 eorum
1102 789 1151 860 qui
1165 789 1332 846 intenebris
1346 797 1421 859 sunt,
1442 789 1499 858 30..
1515 794 1687 853 eruditorem
1701 800 1768 867 lepis

126 878 338 952 insipientium,
351 880 518 951 magianum
531 877 692 944 infantium,
708 875 858 932 habentem
870 875 915 933 31.
928 875 1048 932 sormam
1064 881 1204 947 coemptor
1212 877 1336 935 scientia
1346 885 1375 935 et
1387 881 1514 938 ueritatis
1527 881 1557 938 in
1569 883 1641 955 lege.
1651 883 1697 940 33.
1713 885 1770 951 Qui

127 984 199 1039 ergo
216 968 308 1024 alium
321 969 413 1037 doces,
428 969 550 1040 teipsum
560 982 618 1022 nou
627 965 729 1033 doces3
746 963 791 1022 33.
807 964 856 1036 qui
868 965 1004 1038 pradicas
1019 981 1076 1021 non
1089 965 1253 1034 iurandum,
1268 967 1371 1024 furaris
1385 988 1392 1038 ;
1406 970 1455 1042 qui
1468 969 1538 1026 dicis
1551 988 1608 1028 uon
1622 973 1767 1030 meschau-

127 1057 211 1124 dum,
225 1058 390 1128 mmcbaris;
401 1057 451 1129 qui
460 1055 633 1112 abominaris
642 1055 719 1111 idola
729 1051 785 1116 it,
801 1053 1066 1125 sacrilegiumlacis‚
1077 1057 1204 1124 teipsam,
1215 1058 1266 1125 qui
1275 1071 1352 1112 socer
1361 1073 1414 1113 esso
1423 1059 1565 1128 minem,
1574 1061 1669 1116 diuino
1677 1065 1770 1118 cultui

128 1147 321 1203 subtrahendo
327 1166 338 1214 ‚·
353 1147 401 1220 qui
411 1146 440 1201 in
453 1146 517 1218 lege
527 1144 669 1217 gloriaris,
682 1159 733 1216 per
745 1142 1004 1215 prevaricationem
1014 1141 1085 1214 legis
1098 1143 1189 1198 Deum
1201 1143 1363 1201 inhonores.
1377 1143 1422 1203 35.
1437 1147 1547 1203 Nomen
1561 1148 1636 1204 euim
1654 1149 1705 1205 Dei
1718 1165 1770 1221 per

127 1252 178 1290 ros
193 1235 409 1308 blasphematur
421 1236 498 1290 inter
508 1239 618 1306 gentes,
633 1230 852 1303 sicutscriptum
867 1231 958 1306 est(in
972 1231 1049 1287 Isaia
1062 1245 1115 1298 un,
1137 1231 1235 1288 Erech.
1257 1237 1323 1302 cvr).
1340 1235 1492 1304 Responsio.
1507 1235 1689 1293 circumcisio
1704 1238 1768 1311 qui-

128 1323 194 1380 dem
210 1325 337 1397 prodest,
352 1324 377 1379 si
391 1325 484 1396 legem
498 1322 641 1391 observem
652 1321 677 1377 si
687 1325 782 1376 autern
796 1319 992 1391 praevaricator
998 1320 1069 1392 legis
1076 1319 1301 1387 sis,ciroumcisio
1314 1327 1365 1379 tna
1377 1325 1545 1396 preputium
1559 1325 1632 1382 iacta
1645 1331 1698 1383 est.
1706 1327 1769 1382 lion

126 1417 223 1483 plara
234 1419 275 1468 cst
285 1417 421 1484 prapatio
433 1413 596 1482 cenidium.
616 1410 646 1467 Si
659 1409 747 1482 igitur
760 1406 927 1481 preputium
945 1405 1070 1478 justitias
1084 1408 1154 1479 legis
1170 1409 1320 1478 custodiat,
1335 1427 1429 1467 nonne
1445 1413 1616 1484 preputium
1630 1414 1707 1470 iilius
1721 1410 1768 1472 36.

127 1503 155 1558 iu
169 1502 419 1558 circumcisionem
428 1500 617 1575 reputabitur,
632 1503 713 1556 iilius
727 1498 872 1554 collatione
885 1495 1073 1562 damnaberis,
1089 1500 1119 1551 et
1128 1495 1266 1566 judicabit
1275 1497 1305 1553 id
1318 1499 1394 1571 quod
1408 1516 1442 1555 ex
1455 1505 1559 1558 natura
1570 1507 1614 1557 est
1626 1505 1768 1558 naturali

128 1597 169 1647 ur
182 1594 361 1661 inteilipitur
379 1589 560 1663 preputium,
583 1588 675 1661 legem
691 1599 900 1651 consummans,
918 1585 1063 1653 perficiens
1073 1589 1112 1651 te,
1135 1584 1183 1656 qui
1202 1601 1254 1658 per
1274 1586 1400 1644 litteram
1414 1594 1444 1645 et
1457 1590 1697 1648 circumcisionem
1711 1606 1769 1646 non

127 1680 302 1734 obscwatam
313 1680 513 1752 prevaricator
523 1677 595 1751 legis
605 1678 655 1734 aei
679 1677 833 1747 limponsto.
848 1673 912 1728 Nou
926 1670 1003 1728 euim
1023 1671 1072 1744 qui
1093 1671 1124 1727 iu
1143 1673 1515 1748 manifesto,iudaus1est;
1541 1694 1634 1751 noque
1651 1695 1715 1751 qua
1732 1679 1764 1734 in

127 1767 290 1835 mmilesto,
302 1769 334 1823 in
344 1785 439 1837 carne,
453 1772 498 1824 est
510 1766 701 1834 circumcisio;
717 1764 767 1820 sed
776 1761 825 1836 qui
836 1761 866 1818 in
880 1760 1053 1828 abscondito,
1070 1762 1241 1820 tudensem
1255 1767 1415 1822 laudandus
1430 1774 1468 1823 ert
1482 1787 1492 1824 .-
1505 1772 1544 1834 et,
1560 1769 1607 1824 sed
1619 1773 1669 1838 qui
1688 1769 1768 1824 nabet

127 1857 201 1910 lanc
215 1845 469 1926 circumcisionum,
481 1855 656 1912 circumcisio
675 1852 777 1920 cordis,
799 1853 955 1921 amputatio
969 1852 1104 1908 citiorum
1119 1853 1149 1907 in
1162 1853 1274 1926 spiritu,
1290 1870 1347 1911 nou
1363 1855 1458 1912 littera
1469 1875 1477 1926 ;
1490 1858 1571 1928 cujus
1586 1856 1650 1914 istm
1663 1872 1721 1914 nou
1734 1873 1769 1914 ex

128 1941 292 2000 homiuibus
306 1944 357 2000 sed
365 1961 400 2001 ex
412 1945 470 2003 Deo
486 1949 540 2014 est,
554 1947 621 2016 quia
635 1945 720 2000 ctiam
734 1943 859 1998 domines
872 1953 1079 2009 nonnunquam
1092 1944 1264 2011 vituperant.

822 2068 881 2133 18
896 2061 1014 2120 CAPUT
1027 2061 1080 2120 111.

163 2173 191 2231 l.
208 2173 337 2244 objectio.
354 2175 380 2230 l.
397 2173 472 2240 Quid
481 2190 548 2247 ergo
562 2173 684 2247 emplius
697 2171 795 2230 ludeo
805 2169 870 2226 esti
890 2173 941 2224 out
953 2184 1015 2240 qua
1033 2170 1141 2228 utibtas
1155 2172 1395 2231 circumcisionis?
1408 2177 1563 2246 Responsio.
1579 2175 1702 2234 Multum
1714 2194 1766 2252 per

126 2277 244 2317 omnem
252 2261 381 2318 modum.
395 2261 424 2321 2.
433 2261 562 2319 Primum
579 2262 704 2335 quidem,
719 2261 787 2333 quia
799 2257 907 2316 credita
915 2261 983 2313 sunt
996 2257 1053 2314 illis
1066 2261 1179 2334 eloquia
1189 2262 1251 2318 Dei.
1262 2264 1415 2334 Responsio.
1430 2264 1505 2330 Quid
1518 2264 1605 2335 euim,
1617 2265 1643 2322 si
1653 2266 1769 2338 quidam

798 2373 1095 2433 COMMENTARIUS.

158 2495 351 2554 33311108.
376 2497 575 2552 Testimonium
593 2495 732 2551 reddente.
747 2493 780 2549 In
793 2491 839 2548 die
857 2489 966 2562 judi-A
976 2492 1029 2548 hoc
1042 2498 1094 2563 est,
1106 2500 1138 2550 tu
1152 2494 1201 2566 qui
1215 2496 1335 2568 gentilos
1348 2497 1444 2570 arguis
1458 2499 1534 2572 quod
1543 2500 1772 2572 sinelegeetneo

124 2585 172 2652 di,
188 2585 253 2641 sola
265 2583 390 2640 bominis
408 2583 581 2640 conscientia
596 2583 718 2640 sufficiet
732 2581 786 2638 sibi
804 2580 842 2637 ad
855 2577 934 2636 testi·
973 2580 1169 2656 dnemipsnm
1181 2585 1351 2656 nouarguis,
1363 2586 1653 2647 diffidensdechsisto
1666 2591 1697 2647 in
1710 2591 1773 2664 lege

125 2674 268 2742 monium,
283 2673 352 2746 quia
362 2671 668 2744 nemotuncjudicnbit
680 2670 735 2728 uisi
749 2669 933 2743 quadrarum
973 2671 1122 2744 promisso.

125 2768 201 2818 erat.
940 2773 943 2778 '
1008 2761 1054 2820 33.
1075 2765 1130 2832 Oai
1139 2767 1274 2834 predicar
1292 2781 1350 2822 non
1368 2767 1538 2836 [arandam.
1553 2769 1674 2836 summi.
1691 2769 1772 2826 Facie

156 2850 209 2908 25.
225 2852 357 2908 mbos.
371 2852 450 2906 Inter
462 2867 490 2906 tt
503 2851 715 2921 oeyiiaiidttt'bttt
726 2846 929 2904 coenantibus.
974 2853 1050 2925 quod
1065 2852 1200 2926 prodicus
1215 2853 1277 2910 fleri
1290 2871 1348 2910 non
1358 2853 1471 2924 debere,
1486 2853 1554 2912 dum
1568 2855 1655 2912 fldem
1663 2855 1769 2914 chricti

124 2940 251 2998 Gentilie
261 2939 434 2997 conscientia
448 2939 635 3008 accusabitur,
645 2937 711 3012 qnia
724 2953 781 2993 uon
796 2934 851 2990 sibi
865 2949 933 2989 sua·
973 2958 992 2997 a
1003 2942 1066 3014 lege
1079 2957 1131 3014 per
1140 2942 1247 2997 malm
1262 2941 1525 3015 interpretationem
1533 2941 1673 3015 subripis3
1688 2949 1718 3000 et
1729 2945 1771 3000 le-

124 3029 164 3085 sit
177 3044 281 3084 serum
291 3043 355 3084 esse
368 3028 443 3100 quod
457 3033 487 3084 ct
499 3028 635 3084 virtuurm
646 3023 816 3082 maumoniis
824 3020 934 3077 viderat
972 3046 1038 3103 gem
1055 3030 1221 3097 adulteres}
1232 3045 1306 3098 cum,
1329 3029 1423 3087 ablata
1445 3031 1573 3097 ventam,
1593 3031 1772 3090 memmium

124 3117 303 3187 “infirme
328 3123 359 3174 0²
381 3116 486 3174 mult&
504 3116 594 3190 wilti·
616 3113 754 3172 Eundem
778 3109 930 3178 excitabit.
972 3119 1068 3191 pouie;
1085 3123 1114 3174 et
1127 3119 1280 3191 medlegus
1294 3134 1332 3186 es,
1349 3119 1416 3175 dum
1430 3119 1585 3190 christum,
1606 3135 1689 3192 quem
1704 3137 1771 3194 pro-

125 3207 196 3279 quia
208 3205 316 3263 debere
329 3206 442 3262 credere
453 3221 511 3262 uon
524 3205 643 3278 putavit,
657 3218 750 3276 nequa
762 3207 857 3258 tamen
871 3199 932 3254 sine
971 3207 1100 3281 phenices
1113 3223 1206 3264 sermo
1215 3208 1365 3280 signifieat,
1380 3224 1475 3281 negas.

123 3311 211 3365 poena
224 3295 293 3350 crit
315 3294 368 3350 Vel
380 3294 544 3350 musaeum
567 3294 641 3350 bona
659 3291 803 3364 cogitatio,
819 3287 932 3362 qnando
1008 3294 1053 3355 et.
1076 3296 1186 3353 Leuca.
1207 3296 1403 3366 Socriiepiam.
1425 3297 1610 3370 sacrilegium
1630 3299 1708 3356 euim
1727 3305 1771 3358 est

123 3399 224 3439 reram
237 3399 303 3440 esse
313 3389 343 3439 et
352 3383 520 3440 mtholicam
529 3383 679 3439 intellexit.
694 3380 769 3438 itala
781 3384 878 3435 autem
888 3391 932 3432 ec-
972 3381 1112 3438 culturum
1125 3382 1178 3440 Dei
1192 3380 1313 3450 eutem,
1334 3387 1364 3438 et
1374 3382 1546 3439 daemonibus
1559 3383 1638 3438 dare.

123 3472 248 3540 mliii,
259 3473 340 3545 (ιώ.
353 3489 390 3528 ¹10
399 3471 567 3529 timendum
579 3471 734 3537 Videntur.
744 3464 931 3540 ΒῺΡΘΓΒῙΘΜΟ
1008 3468 1052 3529 35.
1067 3471 1175 3528 Nomen
1187 3473 1264 3527 enim
1277 3471 1328 3526 lici
1336 3487 1387 3542 per
1404 3488 1450 3528 oos
1469 3473 1685 3542 blasphematur.
1700 3473 1770 3530 Ore·

123 3559 301 3617 contradixit
313 3561 437 3618 veritati.
972 3559 1096 3617 dendum
1124 3565 1168 3616 est
1193 3559 1302 3632 aliquos
1328 3576 1362 3615 ax
1389 3560 1494 3616 iudeis
1513 3560 1689 3618 christianos
1709 3578 1771 3620 asse

157 3649 206 3706 26.
223 3653 361 3708 inuicem.
374 3651 438 3708 Nou
450 3648 610 3722 dicitquod
627 3647 733 3704 eadem
747 3643 932 3717 remuneres
972 3649 1062 3718 tales;
1077 3664 1135 3705 non
1148 3653 1244 3705 minen
1258 3663 1367 3718 omnes,
1382 3665 1419 3705 ne
1432 3650 1471 3704 sit
1482 3650 1641 3706 contrarius
1650 3649 1703 3706 sibi
1718 3651 1773 3724 ipsi

122 3745 265 3796 meent
276 3745 307 3796 et
323 3739 486 3807 defendant,
500 3738 551 3794 sed
563 3736 687 3794 sienem
700 3735 828 3808 quaedem
850 3747 933 3788 accu-
973 3739 1003 3794 in
1019 3737 1221 3811 superioribus,
1239 3737 1289 3794 ubi
1306 3737 1366 3796 ait:
1381 3739 1459 3796 Fides
1471 3744 1562 3796 cestra
1576 3741 1772 3798 annuntiatur

120 3835 198 3900 seut,
214 3831 350 3903 quodam
364 3829 518 3886 detendunt
527 3832 627 3884 contra
642 3827 832 3899 malignorum
846 3813 1005 3896 spiri-Bm
1018 3829 1148 3884 aninmo
1161 3829 1275 3884 mundo.
1299 3827 1362 3884 Non
1385 3827 1462 3884 euim
1475 3828 1546 3884 tides
1563 3827 1625 3884 sino
1639 3828 1772 3900 operibus

119 3925 207 3975 tuum
217 3919 443 3976 accusationem.
458 3919 494 3974 Et
506 3918 621 3974 amende
634 3915 771 3972 ablativos
784 3930 836 3987 pro
848 3912 931 3985 geni·
970 3915 1113 3972 laudanda
1124 3921 1177 3972 est.
1192 3915 1228 3972 iit
1240 3916 1271 3973 iu
1279 3915 1525 3989 subsequentibus,
1545 3933 1594 3972 eos
1606 3932 1672 3973 curn
1686 3923 1769 3976 sate-

118 4008 191 4064 tr'ris
205 4025 290 4066 more
304 4009 477 4078 Graeoorum,
493 4008 542 4082 qui
563 4007 692 4064 oblativis
705 4009 812 4061 carent.
833 4004 932 4059 Potest
970 4005 1010 4061 ris
1024 4006 1122 4078 plenos
1142 4005 1291 4063 dilectione
1311 4021 1382 4063 esse.
1407 4005 1457 4062 Est
1470 4009 1567 4086 autem
1589 4004 1727 4076 scriptum
1737 4006 1769 4063 iu

120 4099 178 4154 hoc
188 4099 278 4155 modo
291 4099 405 4154 audiri:
420 4102 450 4154 et
461 4097 632 4154 scandentia
641 4093 853 4168 cogitationum.
971 4091 1117 4151 Ezechiele
1132 4114 1139 4150 :
1156 4096 1191 4150 ut
1205 4097 1325 4164 inpressi
1339 4096 1459 4150 suntad
1475 4099 1576 4163 pentes,
1590 4095 1629 4148 ad
1643 4110 1712 4164 quas
1724 4096 1769 4151 in·

156 4185 208 4246 27.
224 4190 269 4245 i'a
284 4191 380 4244 anian
397 4189 510 4243 iudans
531 4185 747 4256 coenominors's.
768 4183 832 4239 Non
850 4179 931 4236 valde
971 4185 1121 4250 troiernnt,
1135 4185 1327 4252 stpoiiucrunt
1337 4197 1437 4238 nomen
1446 4185 1574 4237 sonetum
1588 4181 1770 4252 msnm,quod

120 4293 266 4350 magnum
279 4275 370 4332 rideri
384 4275 481 4332 rultsi
495 4273 608 4332 iudeus
622 4273 728 4341 credat,
748 4271 852 4343 quippe
865 4285 930 4325 cum
969 4270 1109 4343 polluistis
1122 4270 1153 4326 in
1165 4269 1307 4343 gentibus.

118 4367 332 4423 a'tinsnuetns
345 4364 512 4438 perlegere.
526 4362 720 4419 Periculosum
740 4365 836 4416 sutem
849 4357 929 4415 ualde
1007 4359 1051 4417 36.
1075 4363 1111 4417 ln
1136 4361 1386 4424 circumcisionem,
1399 4357 1428 4414 id
1443 4362 1495 4426 est,
1519 4359 1633 4412 tautum
1652 4357 1769 4430 prodest

119 4457 143 4510 si
158 4471 222 4510 nou
236 4453 351 4521 credam
366 4452 467 4508 ducem
481 4451 558 4506 enim
571 4449 657 4505 habat
664 4449 767 4521 legem.
970 4449 1025 4507 sibi
1039 4450 1088 4523 qui
1100 4447 1281 4521 gentilium,
1301 4450 1439 4520 qnantum
1451 4445 1477 4501 si
1495 4444 1608 4501 iudans
1629 4450 1714 4501 esset.
1733 4445 1770 4504 iit

154 4543 207 4602 28.
219 4543 332 4601 hura.
349 4543 390 4597 Ta
404 4546 499 4597 anum
511 4541 623 4596 iudans
638 4538 855 4608 connominatus.
877 4535 928 4590 iu·
967 4537 1114 4610 judicabit,
1129 4537 1160 4592 id
1171 4534 1462 4608 estccmparatiouem
1471 4533 1517 4590 sui
1529 4531 1711 4604 judicabilem
1724 4533 1770 4591 ia.

115 4635 199 4688 dnos
214 4630 371 4688 humiliare
377 4634 514 4698 conatur;
530 4627 579 4700 qui
588 4633 622 4682 ex
633 4631 747 4699 accepta
757 4625 820 4696 lege
827 4639 928 4696 super·
968 4627 1025 4684 ciet
1037 4633 1067 4683 et
1078 4624 1277 4683 damnabilem.

115 4721 254 4787 bisunt,
267 4725 298 4776 et
309 4721 411 4791 genus
425 4717 507 4791 quasi
519 4715 688 4790 peccatrices
701 4713 902 4785 despiciebant.
1005 4717 1085 4773 CAP.
1101 4716 1152 4773 111.
1167 4742 1201 4756 -
1217 4715 1242 4773 l.
1254 4716 1383 4772 meos.
1399 4713 1472 4783 Quid
1483 4727 1547 4783 erpo
1558 4711 1683 4784 amptius
1701 4718 1740 4768 est
1752 4713 1769 4769 i

149 4813 205 4871 ΞΘ.
221 4815 355 4867 meos.
369 4811 422 4864 Per
447 4812 533 4878 lenam
553 4787 670 4875 contidis
691 4809 715 4861 te
736 4807 833 4860 dacem
853 4818 931 4859 caco·
970 4806 1111 4872 Quoniam
1124 4804 1229 4861 iudeis
1244 4799 1477 4860 incredulisnihil
1490 4802 1626 4874 proficere
1639 4801 1768 4859 testimo-

114 4919 201 4958 ram.
213 4900 301 4972 Legis
314 4899 517 4955 commentum
531 4900 583 4962 est,
596 4893 710 4952 erudire
722 4893 878 4965 imperitos,
901 4898 931 4948 et
970 4895 1052 4952 nium
1063 4894 1176 4967 genesis
1185 4892 1318 4961 ostendit,
1333 4909 1369 4949 ne
1382 4891 1528 4948 mederum
1541 4891 1615 4948 mule
1632 4895 1769 4950 tractasse

111 4993 177 5048 lieo
199 4988 344 5060 subjicere
355 4985 499 5061 musanus,
514 4989 543 5042 et
560 4983 597 5040 ab
617 4982 777 5040 idololatria
790 4982 827 5038 ad
844 4982 930 5040 fldem
969 4984 1213 5052 rideretur,docet
1221 4979 1690 5049 multumutileessecredentibus,
1702 4981 1769 5054 quis

112 5093 272 5137 mamre.
969 5073 1021 5130 nui
1044 5074 1165 5130 Abraha
1190 5078 1267 5130 sunt.
1294 5072 1368 5129 Nam
1390 5071 1432 5128 ais
1453 5075 1521 5127 suat
1538 5069 1646 5128 medita
1659 5069 1772 5143 donum

146 5168 203 5228 30.
225 5167 341 5224 &auita
355 5167 512 5222 dominum.
528 5164 644 5222 Occulta
654 5161 865 5237 judicabuntur.
876 5161 1032 5232 Pit-(timi.

110 5261 194 5316 blica
210 5273 268 5332 per
281 5256 420 5314 humilem
432 5254 704 5312 maiessionemuon
714 5251 927 5326 judicabuntur.
1003 5252 1032 5312 3.
1045 5253 1291 5311 bernitiorum
1301 5252 1422 5323 quidem,
1431 5250 1461 5306 id
1471 5254 1523 5317 est,
1533 5249 1648 5322 quidam
1657 5243 1770 5303 indac-

148 5349 204 5410 31.
221 5351 331 5406 mn.
348 5347 619 5403 Formanescicntia.
634 5343 744 5417 Siquis
759 5342 827 5400 uelit
839 5341 930 5399 scieu-
971 5359 1036 5400 rum
1055 5343 1237 5401 crediderunt
1254 5341 1437 5414 Evangelium
1457 5339 1573 5406 christi,
1597 5334 1729 5397 imtructi
1754 5349 1773 5390 Ι

108 5443 191 5498 tiam
219 5435 413 5492 etreritutem
426 5434 539 5504 babere,
556 5434 586 5490 iu
608 5437 637 5490 te
659 5433 749 5506 posdt
767 5433 889 5489 formam
902 5437 932 5487 et
973 5431 1203 5508 predicatoribus
1225 5431 1297 5488 Novi
1315 5428 1501 5496 Testamenti,
1514 5425 1631 5484 verbnm
1651 5422 1722 5496 legis
1742 5428 1772 5481 et

108 5527 274 5602 memphi·
282 5527 417 5599 aspicere.
974 5519 1514 5598 prophetarum,quodisciliusiaaturn
1523 5513 1772 5586 atmiuuqnan

147 5619 205 5680 32.
223 5619 355 5676 muas.
370 5619 425 5687 Qui
438 5617 530 5674 atium
543 5615 629 5684 doces,
640 5619 664 5671 ts
673 5617 766 5686 ipsum
779 5631 837 5671 non
848 5617 933 5684 doces,
974 5613 1052 5671 ineis
1061 5612 1110 5686 qui
1116 5611 1227 5670 Veteris
1235 5608 1408 5667 Testamenti
1418 5607 1531 5682 pertitus
1540 5609 1770 5686 expensorum.
