3970 6172
134 307 207 368 180⁵
369 305 545 364 oueoorm
563 301 730 361 nubserit
748 303 1009 374 PRAEFATIONES
1026 304 1076 360 AD
1094 303 1334 362 chaeremon
1351 303 1548 362 charmes.
1708 303 1778 364 ltus

130 433 309 507 jubentibus,
326 432 404 498 Quod
419 432 485 486 lieet
509 430 575 486 mihi
600 428 772 500 impossibile
795 428 1020 490 videaturutrel
1042 428 1210 502 ubicumque
1231 429 1383 500 acquisitus
1407 430 1587 492 inseruimus.
1619 437 1648 487 et
1668 447 1716 486 eas
1740 430 1776 486 ed

132 533 230 577 terrren
245 522 310 594 qaia
324 529 423 577 cuneta
440 537 520 591 prosse
539 519 679 574 credimus
695 517 793 578 Deum,
810 517 857 588 qai
873 533 935 570 nva-
977 535 1089 590 semper
1097 519 1307 573 arsinorandum
1318 519 1409 574 inuno
1421 521 1777 592 voluminecompreheudi·

132 617 197 666 tum
213 611 317 665 animal
331 611 396 664 olim
414 610 535 665 humana
552 609 603 664 lari
625 609 755 680 precepit
771 606 869 673 verba;
885 623 936 661 sue
977 625 1047 662 naus.
1067 607 1174 663 Placuit
1185 609 1270 662 etiam
1294 608 1372 662 nobis
1388 615 1416 663 et
1435 610 1663 665 cleronomialem
1685 610 1710 664 id
1733 615 1776 665 est

132 701 292 774 ipsecausa
308 700 405 756 Matris
423 699 614 770 integerrime.
637 699 709 753 valet
735 699 801 752 mila
826 697 935 752 miseri·
976 697 1161 753 hereditatem
1193 697 1377 768 pharphensis
1401 702 1461 768 laic)
1482 699 1597 754 ecclesie
1627 699 1774 770 appellari,

132 792 259 846 osrrditer
269 791 401 849 tribuere.
416 791 491 844 atad
508 791 568 860 ejas
582 790 682 844 doinus
694 787 934 860 recuperationem
977 787 1109 856 quoniam
1129 787 1256 857 proprias
1271 787 1357 858 ipsius
1371 788 1528 843 immobiles
1539 789 1574 844 ab
1590 789 1670 843 initio
1688 789 1775 844 libere

133 881 277 952 perficiam
303 879 431 934 utillime.
460 879 535 934 Nihil
562 879 665 950 quippe
687 895 813 932 mearum
841 875 933 931 sentio
976 875 1147 929 demonstrat
1165 875 1354 945 possessiones
1382 877 1597 948 Prescripsimus
1616 887 1775 932 autemno-

132 969 249 1032 vir-turn,
269 969 317 1022 sed
332 985 364 1022 ex
378 967 424 1022 [lei
440 967 558 1022 ceriurte
572 969 597 1037 ej
612 967 838 1039 =squeadjatorio
851 965 935 1019 conli-
977 964 1053 1017 mina
1066 964 1190 1018 locurum
1206 965 1342 1029 narniam,
1355 966 1581 1037 quibussingulis
1598 967 1709 1038 propria
1725 983 1776 1022 nu-

132 1056 214 1114 dens.
238 1073 288 1129 per
302 1057 416 1111 domine
431 1065 527 1110 nostre
539 1056 742 1127 gloriosissime
757 1055 935 1110 intercessio-
976 1070 1117 1106 suevorum
1133 1053 1254 1125 capitula
1265 1053 1433 1114 addidimus.
1448 1063 1476 1110 et
1485 1055 1514 1110 in
1524 1056 1654 1127 qualibus
1663 1056 1776 1126 seriptis

132 1161 210 1208 nem,
230 1153 259 1200 ut
274 1145 644 1216 valdedevotamnimisque
660 1147 813 1216 proficuum
826 1145 935 1198 lidelius
976 1159 1010 1196 ea
1031 1143 1155 1197 invenias
1176 1143 1357 1212 sagacissime
1382 1143 1548 1200 notavimus¹
1576 1145 1656 1200 Prius
1676 1153 1773 1200 tamen

132 1242 163 1290 et
176 1236 270 1289 verius
287 1237 421 1306 perficere
438 1234 598 1289 studuimus
617 1251 686 1306 opus
711 1235 855 1291 attentius.
873 1234 934 1288 Nou
976 1231 1071 1286 arania
1085 1239 1215 1303 precepta
1229 1247 1261 1286 ac
1276 1233 1420 1305 privilegia
1434 1233 1560 1288 seriatim
1583 1233 1774 1290 ordinavimus

133 1325 269 1397 quodsim
280 1325 421 1380 subiciens
433 1325 461 1379 in
471 1324 655 1380 emendandis
663 1324 789 1396 partibus
796 1323 935 1395 corruptis
977 1321 1028 1375 hoc
1040 1321 1121 1375 modo
1133 1337 1141 1373 ε

133 1414 299 1476 rhetorices,
317 1414 365 1468 ad
374 1415 457 1483 juxta
472 1413 688 1468 nreescientiole
700 1413 935 1484 parvitatemque
1012 1409 1186 1465 Venerabilis
1210 1411 1299 1482 igitur
1317 1411 1358 1466 vir
1375 1411 1506 1467 dominus
1527 1412 1613 1482 hujus
1642 1411 1771 1479 coenobii,

42 1559 47 1571 ,
133 1502 211 1557 ultra
228 1503 342 1558 modum
359 1503 472 1556 contusa
483 1502 650 1558 videbuntur
671 1501 766 1558 studui
784 1502 933 1574 corrigere,
977 1499 1265 1555 sanctissinrusabbas
1287 1501 1468 1570 sagacissime
1488 1500 1517 1555 irr
1542 1501 1586 1555 sui
1612 1509 1776 1572 augmenta-

134 1606 192 1644 aon
212 1577 952 1662 unmmptenius,nefarievideatarsbaplicibus'
977 1587 1054 1642 tione
1077 1589 1250 1654 monasterii.
1279 1589 1466 1644 humanarum
1498 1606 1592 1644 rerum
1625 1588 1775 1660 divineque

135 1679 211 1750 quod
235 1678 396 1734 chartarum
418 1679 637 1734 contunderetur
659 1680 749 1751 prime
773 1695 828 1751 qua
861 1681 934 1738 edita
977 1693 1075 1731 norme
1097 1677 1237 1734 studebat.
1262 1679 1333 1733 Nam
1354 1695 1418 1733 curu
1449 1695 1512 1733 eum
1536 1678 1699 1744 Pareamus,
1719 1678 1776 1732 dux

134 1777 203 1822 sunt
227 1767 359 1824 editionis
382 1775 535 1840 respectus.
558 1769 592 1824 Et
617 1769 737 1824 niaxime
756 1769 822 1840 quin
842 1786 897 1824 non
918 1747 1147 1837 aBspoletanus,
1163 1767 1332 1822 admonente
1342 1766 1424 1822 beata
1446 1767 1495 1822 Dei
1517 1768 1653 1838 genitrice
1671 1765 1774 1836 Maria,

133 1857 227 1912 turbis
243 1865 367 1912 remotus
381 1857 508 1912 clanculo
522 1858 581 1912 sedi
594 1859 681 1924 solus,
698 1865 731 1914 ut
740 1859 876 1914 attentius
890 1859 934 1914 in·
976 1863 1072 1910 notum
1088 1855 1214 1918 haberet.
1230 1857 1266 1911 ad
1278 1873 1308 1911 se
1324 1857 1466 1928 Spoletum
1483 1856 1578 1910 venire
1597 1856 1715 1927 rogavit,
1728 1863 1775 1910 at-

134 1949 267 2004 sisterem
278 1949 372 2020 quiete
387 1948 534 2013 vacationi,
550 1948 597 2003 sed
613 1948 641 2002 in
663 1949 809 2019 propatulo
829 1950 933 2003 consti·
975 1960 1030 2014 que
1044 1945 1107 2016 ejus
1120 1944 1294 2000 orationibus
1308 1963 1339 2000 se
1360 1947 1559 2000 corumendarc
1582 1945 1701 2011 studuit,
1718 1946 1771 2000 ali·

130 2041 224 2102 tatus,
240 2038 282 2091 vix
293 2038 499 2108 aliquantulum
511 2055 571 2092 esse
586 2037 658 2092 valui
673 2037 795 2108 quietus,
804 2044 831 2092 ul
842 2038 934 2107 gratia
975 2037 1166 2104 quantumque
1179 2034 1357 2088 donatiouem
1373 2050 1518 2105 persuum
1531 2040 1693 2105 preceptum
1708 2034 1774 2089 huic

130 2125 297 2181 solitudinis
309 2125 389 2181 decet
403 2127 455 2180 hoc
468 2142 547 2197 opus.
565 2127 662 2198 Neque
677 2127 751 2181 euim
767 2127 801 2180 od
817 2128 870 2182 hoc
891 2145 935 2184 rae
974 2120 1094 2175 mniuiii
1109 2122 1289 2176 monasterio·
1312 2124 1411 2193 ltaque
1434 2139 1497 2177 cum
1523 2123 1644 2194 plutima
1667 2121 1703 2177 ab
1725 2123 1773 2178 ilio

131 2214 267 2268 idoneum
288 2214 357 2268 satis
376 2215 435 2268 tore
456 2214 603 2285 perspicio.
621 2215 685 2286 qaia
709 2214 811 2268 nonin
833 2216 935 2270 scholis
975 2209 1130 2265 editahuic
1154 2211 1323 2267 monasterio
1350 2211 1503 2282 antiquiori
1526 2217 1693 2283 consumpta
1715 2211 1775 2267 sint

132 2302 265 2358 eruditus
276 2319 338 2356 sura
355 2311 510 2373 portarum,
528 2319 617 2374 neque
633 2303 821 2374 profunditate
836 2304 933 2360 doctus
974 2304 1113 2352 recusare
1135 2305 1280 2371 precenta,
1298 2305 1327 2355 et
1344 2317 1395 2373 per
1415 2301 1576 2356 monasterii
1600 2301 1773 2356 accidentem

131 2409 197 2446 sum
210 2393 469 2462 grammaticorum,
487 2391 533 2446 sed
554 2393 589 2446 ab
611 2392 679 2464 ipsis
703 2409 773 2464 pene
796 2393 933 2448 cunabilis
974 2385 1193 2444 destructionem
1209 2389 1339 2444 oblivioni
1360 2397 1428 2445 sunt
1449 2391 1562 2452 tradita,
1580 2391 1716 2446 hactenus
1731 2397 1773 2446 ia·

130 2481 160 2536 in
178 2481 261 2550 hujus
279 2481 355 2534 scola
370 2481 459 2536 sancti
470 2481 587 2536 caenobii
600 2481 701 2536 divinis
714 2481 836 2536 solertiis
847 2482 934 2537 nutri·
975 2492 1040 2530 men
1053 2477 1194 2533 invenitur
1205 2495 1292 2533 unum
1308 2479 1448 2550 quoddam
1465 2496 1548 2550 parve
1560 2480 1704 2549 exemplar
1716 2479 1774 2552 epi·

131 2574 197 2627 tus.
216 2569 322 2640 Deique
341 2569 582 2625 lactisGenitricis
606 2571 745 2641 supientia
763 2587 825 2625 sum
850 2571 934 2626 alitus
974 2564 1054 2627 stvrle,
1076 2565 1179 2621 domno
1199 2567 1320 2622 iohanni
1343 2566 1381 2622 VI
1401 2567 1529 2623 videlicet
1549 2568 1671 2639 pontifici
1701 2568 1775 2624 dire·

132 2659 223 2713 lideli.
240 2657 339 2730 ltaque
350 2659 432 2713 sicuti
452 2660 520 2713 mihi
535 2659 685 2731 apredicta
703 2659 804 2714 abbata
820 2666 849 2714 et
868 2659 934 2715 reli·
974 2661 1060 2714 ctum.
1075 2670 1131 2725 quo
1145 2671 1196 2709 sua
1211 2656 1363 2727 pontillcali
1389 2656 1558 2711 auctoritato
1574 2657 1655 2712 istius
1674 2665 1775 2712 cuncta

133 2748 200 2820 quis
211 2747 320 2816 jussum
338 2757 381 2804 est
394 2748 532 2820 religiosis
545 2748 710 2811 senioribus,
722 2749 933 2819 nitrllearespe-
975 2742 1138 2796 monasterii
1151 2731 1331 2798 confirmaret
1351 2759 1500 2815 precepta.
1528 2745 1594 2798 olim
1614 2761 1631 2799 a
1654 2762 1684 2800 se
1708 2743 1774 2800 huic

133 2843 235 2906 speetu
248 2837 409 2890 chartarum
426 2854 457 2890 ex
474 2837 517 2890 his
530 2835 759 2902 quaevidimiuui,
769 2837 895 2909 nihilque
905 2838 934 2892 in
968 2832 1145 2887 monasterio
1157 2840 1186 2886 et
1197 2832 1304 2887 'l'bome
1317 2832 1468 2887 venerabili
1485 2833 1556 2905 patri
1581 2833 1668 2888 edita.
1682 2833 1771 2904 Cujus

131 2941 231 2980 rerum
247 2925 432 2980 translatione
445 2925 548 2980 adauxi
561 2944 567 2992 ;
583 2925 631 2980 sed
646 2927 687 2980 uti
707 2933 773 2982 tunc
786 2944 849 2982 cum
864 2928 934 2982 scri·
975 2917 1015 2973 itt
1028 2920 1172 2975 exordium
1188 2923 1282 2992 procul
1296 2921 1380 2977 dubio
1391 2923 1449 2976 fore
1459 2921 1592 2977 creditur.

133 3013 232 3068 berem
255 3013 342 3068 oculis
371 3013 508 3086 perspexi.
525 3020 554 3069 et
576 3025 702 3086 respectu
721 3032 822 3087 capere
843 3016 932 3070 revaci
1011 3009 1114 3077 incipit
1128 3011 1364 3081 epistola'domini
1381 3011 1508 3066 Farualdi
1524 3011 1611 3066 ducis,

131 3103 224 3176 potui,
242 3103 395 3157 rescribere
413 3104 516 3160 studui.
534 3111 629 3174 preter
642 3103 787 3159 verborum
812 3062 966 3176 prolixasC
1010 3098 1128 3153 Domino
1143 3107 1239 3155 sancto
1250 3117 1282 3154 80
1297 3107 1340 3154 im·
1353 3099 1524 3164 bessiitississm,
1546 3105 1606 3155 mit>
1626 3097 1685 3154 0ibi
1703 3116 1773 3173 Pim-

131 3191 555 3263 inutilesquereciprocationes
575 3200 604 3247 et
621 3201 776 3248 transactas
797 3211 933 3266 quornm.
974 3185 1096 3250 dicabili,
1111 3193 1140 3241 et
1155 3187 1235 3242 nobis
1259 3189 1287 3243 in
1307 3189 1418 3243 Christo
1446 3189 1522 3243 Patri
1545 3187 1653 3244 Domuo
1671 3187 1773 3244 losum

131 3281 198 3336 dam
218 3279 423 3351 obligationes.
450 3281 577 3336 videlicet
600 3299 635 3336 ne
655 3283 784 3353 plurimis
809 3283 931 3354 partium
974 3291 1053 3345 imp&
1067 3275 1430 3333 Fttmtmmiiliusvtstei'·

130 3369 360 3441 corruptionibus
374 3370 610 3441 diulatigatus,et
624 3371 652 3424 in
667 3371 933 3442 scribendolongius
1009 3365 1156 3420 *sedimus
1178 3375 1282 3422 sanctie
1310 3367 1473 3438 paternitati
1497 3372 1588 3422 vestre
1608 3382 1664 3420 non
1682 3365 1771 3422 latete

130 3458 456 3522 immoratus,v01amen
476 3459 614 3514 efficerem
631 3459 739 3515 urdius
756 3461 782 3514 ei
805 3461 931 3516 sasamo-
975 3451 1096 3522 qualiter
1107 3461 1221 3525 propre·
1235 3455 1282 3510 tei
1298 3471 1435 3518 amorem,
1448 3455 1490 3510 ret
1501 3455 1685 3510 reverentiam
1706 3471 1772 3509 sau-

130 3565 205 3613 sum,
222 3547 406 3619 ineptumque
419 3548 454 3602 ad
472 3549 931 3616 perscrutandum,etimmensum,
974 3541 1116 3596 crettarie
1130 3560 1242 3617 semper
1255 3544 1369 3614 virginis
1383 3544 1533 3599 Genitricis
1554 3543 1665 3599 Domini
1683 3541 1772 3598 nostri

129 3635 260 3692 Veritate
274 3653 340 3707 ergo
356 3653 448 3691 rerum
465 3651 670 3706 causarumque
691 3636 802 3692 utilium
827 3634 934 3691 guium.
974 3627 1042 3684 lesu
1058 3631 1171 3696 Christi,
1188 3633 1389 3688 monasterium
1404 3633 1580 3688 interritorv'o
1590 3639 1685 3687 nostro
1696 3632 1774 3687 Sabi·

130 3725 215 3781 modo
227 3733 385 3781 maneamus,
402 3726 499 3780 solerti
515 3725 666 3797 subtusque
680 3725 832 3797 sagacitate
856 3743 933 3781 vera.
974 3720 1052 3773 nensi
1064 3721 1229 3784 consistens,
1246 3739 1296 3794 per
1309 3723 1418 3794 aliquas
1437 3723 1603 3778 donationes
1617 3730 1727 3777 nostras
1742 3721 1773 3778 in

129 3815 276 3870 tissimum
297 3814 403 3887 absque
427 3815 521 3886 aliqua
539 3815 647 3872 fraude.
663 3816 775 3869 Christo
800 3815 932 3887 propitio,
974 3808 1135 3878 cespitibus,
1151 3811 1302 3876 velservis,
1319 3811 1361 3866 vel
1382 3812 1589 3869 colanislocum
1610 3811 1701 3883 ipsum
1725 3825 1775 3882 per

130 3906 250 3976 ejusque
266 3901 418 3958 Genitricis
435 3891 575 3976 perpetuae
591 3905 706 3975 virginis
720 3907 801 3975 cujus
812 3913 935 3960 etcuusa
974 3898 1109 3953 Thmimm
1132 3898 1272 3963 abbatem·
1295 3908 1324 3954 et
1342 3901 1562 3955 commenditum
1583 3909 1709 3955 nostrum
1732 3916 1774 3955 m·

129 3992 274 4063 suffragiis
290 3993 413 4062 adjutas,
429 3992 630 4064 hocperfleere
657 3993 752 4047 studui
773 4010 843 4062 opus
870 3993 935 4048 sin.
975 3975 1172 4052 stauravinrus.
1189 3995 1218 4043 et
1233 3989 1268 4042 ibi
1284 4006 1334 4060 per
1346 3989 1475 4060 praecepti
1501 3989 1589 4043 nostri
1610 3990 1773 4044 firmitatem

130 4080 406 4153 gulisetiamsoedis
425 4082 597 4136 cartularum
619 4081 734 4137 nomina
752 4083 865 4136 [esuum
891 4083 934 4136 ῑῃ.
974 4075 1067 4130 locum
1080 4075 1172 4148 ipsum
1188 4077 1372 4132 venerabilem
1388 4077 1583 4132 stabilivimus.
1604 4077 1683 4132 Unde
1704 4076 1773 4132 utils

129 4185 225 4225 serere
245 4169 414 4225 curavimus.
436 4169 509 4223 sicut
529 4169 557 4223 ia
581 4169 750 4223 authenticis
774 4169 878 4242 scripta
892 4187 935 4224 re·
976 4163 1163 4235 ptaeiidimus·
1180 4173 1468 4237 pmtessiemmstmm
1482 4164 1774 4238 epistoitmfldvestm

129 4257 296 4329 perivimus.
310 4257 378 4321 Qus
403 4275 466 4312 rero
488 4258 685 4329 antiquissima
708 4265 847 4313 vetustata
870 4276 934 4313 con·
975 4268 1026 4321 pet
1051 4253 1180 4308 eumdem
1206 4255 1342 4308 Tbomam
1371 4253 1633 4324 dirigerevestigia
1658 4258 1774 4324 propter

129 4353 245 4417 sumpta
257 4354 315 4399 eta
330 4345 468 4400 vermibus
488 4347 688 4426 perspeximus
700 4363 823 4402 corrosa.
849 4341 1047 4436 atququuod
1069 4351 1209 4413 rogantes,
1224 4359 1256 4397 ac
1266 4343 1288 4398 si
1305 4343 1527 4414 presentialiter.
1544 4342 1774 4398 obsecramusut

128 4435 165 4489 ad
179 4434 350 4504 cupiendam
368 4433 542 4496 ditflcillima.
569 4453 640 4506 eiquo
659 4436 767 4506 Judlcio
788 4437 932 4492 arabimus
974 4447 1024 4501 pro
1035 4431 1135 4485 torar-is
1145 4431 1317 4504 tenporibus
1327 4439 1417 4486 vestm
1427 4432 1569 4487 beatitudo
1580 4444 1773 4504 properperua

128 4523 249 4587 intacta,
265 4522 393 4576 nolentes
409 4523 462 4577 nisi
472 4540 526 4594 que
536 4522 623 4578 oculis
638 4524 741 4579 clarius
762 4524 931 4580 decernebar·
975 4521 1117 4587 firmitate,
1134 4522 1310 4592 pravilegium
1324 4520 1478 4591 inscriptis
1493 4521 1583 4575 eidem
1599 4521 1658 4576 loco
1679 4521 1772 4576 facere

127 4627 203 4675 roas,
224 4612 266 4664 vel
288 4611 431 4667 intellectu
453 4628 553 4683 capere
575 4613 665 4667 reraci
689 4621 860 4685 poteramus,
877 4615 932 4669 huc
973 4610 1126 4681 pimvipiub
1141 4609 1194 4664 sub
1208 4627 1240 4664 ea
1259 4610 1365 4670 scilicet
1380 4610 1498 4670 milone.
1514 4619 1547 4664 ut
1559 4628 1620 4681 ‹111ae
1631 4611 1774 4666 hosdem·

126 4705 185 4754 tem
203 4699 386 4755 meritissimo
401 4701 525 4756 inserere
538 4703 682 4773 opusculo.
973 4699 1083 4754 tissima
1099 4701 1240 4754 uoluntate
1253 4709 1348 4754 sancte
1364 4698 1449 4754 ilaris
1462 4699 1632 4754 monasterio
1649 4700 1771 4756 contuli·

165 4787 316 4855 eratinus.
346 4789 419 4844 sicut
444 4790 617 4846 verissimam
650 4808 743 4846 semro
765 4792 932 4864 fidelemque
974 4805 1046 4846 mus.
1063 4788 1104 4844 vel
1121 4806 1170 4861 pro
1183 4789 1375 4843 consolatione
1391 4789 1613 4859 peregrinorum,
1631 4789 1674 4844 vel
1695 4787 1773 4844 utili·

124 4877 347 4934 tmnslationem
363 4886 462 4934 nactus
476 4896 538 4934 sum
554 4881 746 4940 transducere.
756 4881 931 4936 sicmeorum
973 4885 1031 4933 tate
1052 4877 1154 4932 ibidem
1169 4877 1395 4940 deservientium.
1413 4877 1610 4940 concessimus.
1627 4879 1768 4950 inspectas

124 4968 319 5024 certissimam
336 4984 353 5022 a
368 4969 424 5023 Deo
439 4969 642 5040 omnipotente,
655 4987 704 5041 per
716 4971 933 5028 dominenostre
973 4967 1257 5039 ipsasperceptiones.
1273 4967 1321 5021 tali
1338 4967 1481 5038 privilegio
1502 4975 1593 5022 vestra
1616 4968 1772 5039 paternitas

123 5057 374 5124 intercessionem,
389 5073 499 5112 merear
513 5059 880 5115 remissionemdelicturum
893 5078 935 5116 re·
974 5065 1070 5112 sancta
1086 5057 1199 5111 armare
1208 5057 1318 5128 jubeat,
1331 5062 1363 5112 ut
1373 5057 1527 5112 nullusaliu
1538 5066 1664 5127 tempore
1675 5073 1700 5126 p·
1709 5072 1769 5109 esu-

123 5149 235 5220 cipere,
254 5146 380 5217 meisque
403 5147 565 5217 parentibus
590 5155 752 5220 perpetuam
778 5149 933 5205 mercedem
976 5155 1032 5200 mat
1047 5145 1156 5217 aliquas
1172 5143 1774 5206 insolentias.autconcussioneslacere,aut

122 5237 287 5310 acquirere.
305 5237 390 5291 Porro
407 5237 471 5292 huic
487 5237 556 5292 libro
566 5238 821 5310 gemniagraphum
832 5256 933 5296 nomen
975 5235 1051 5307 ipsas
1066 5253 1110 5290 res
1129 5235 1163 5290 de
1178 5235 1238 5306 ipso
1259 5241 1355 5290 saneta
1383 5234 1452 5295 loco.
1488 5240 1538 5287 aut
1560 5233 1594 5286 de
1620 5231 1772 5286 donatione

123 5327 331 5396 imposuimus,
353 5325 379 5378 ivl
395 5333 437 5381 est
453 5327 616 5381 memoriam
632 5327 828 5400 descript-ionis
843 5335 934 5382 terra·
976 5327 1099 5398 ipsorum
1111 5342 1254 5380 servorum
1269 5325 1317 5380 Dei
1331 5323 1457 5386 auterre;
1473 5321 1559 5392 etqui
1581 5321 1631 5375 hec
1646 5335 1772 5390 presum-

123 5433 206 5483 rum,
222 5415 291 5487 qaia
309 5415 339 5470 iu
354 5432 386 5470 eo
401 5417 602 5489 hujuscenobii
616 5425 706 5474 terras
719 5435 737 5472 a
748 5435 933 5490 quocumque,
975 5417 1073 5492 pserit,
1088 5415 1140 5472 sub
1152 5413 1341 5471 anathematis
1356 5411 1464 5466 vinculo
1476 5420 1568 5465 vestra
1580 5409 1692 5464 almitas
1707 5425 1773 5464 eum
