3896 6170
649 241 700 300 ll!
716 243 923 304 ‘lthliffl'ls
939 245 969 302 Β.
989 243 1205 302 columis.

358 557 450 678 DE
485 553 998 698 Tmusmtludli
1035 560 1088 684 S,
1120 549 1493 686 cumeanus

895 807 954 870 srva

116 951 225 1032 unu
236 971 299 1036 oro
314 943 447 1044 mutia
460 952 493 1026 S⁵
516 951 710 1038 clementis,
727 943 880 1128 dapwrpp
893 953 1128 1114 ffiaenpllpipopis
1151 953 1305 1040 corpora,
1329 955 1496 1042 spansa,
1525 968 1614 1040 pepp
1640 945 1739 1042 roso,

545 1234 710 1308 renunes.
724 1235 842 1318 latrice
859 1235 904 1298 dn
919 1237 1028 1312 mlum
1042 1235 1074 1294 oe
1088 1233 1168 1307 ueta,
1181 1251 1211 1310 p,
1225 1232 1300 1306 sir.)

140 1541 297 1605 innomine
312 1551 418 1604 sancte
438 1553 468 1626 et
489 1547 640 1612 individua
664 1545 822 1614 Trinitatis,
845 1555 896 1625 ego
905 1547 1119 1617 Ascrlnloauro
1136 1553 1163 1604 et
1178 1553 1294 1620 argento
1323 1549 1456 1604 decenter
1477 1553 1587 1615 ornato,
1610 1549 1744 1622 imposui·

110 1639 281 1693 Hurmnsus
296 1631 423 1693 Ecclesiae
434 1627 691 1694 hletenslshomills
702 1635 898 1693 ministeriam
938 1652 1010 1702 mus,
1027 1643 1055 1692 et
1069 1631 1104 1692 dd
1133 1637 1279 1693 ecclesiam
1305 1639 1400 1694 Sanni
1418 1635 1554 1710 Stephani
1573 1653 1634 1710 qma
1655 1625 1744 1710 ipsius

110 1727 282 1799 presentibus
306 1743 391 1799 quam
418 1727 520 1782 tuturis
546 1733 710 1800 perpetuam
738 1727 766 1782 ln
786 1725 899 1784 Christo
938 1726 1186 1802 beatitatliedram
1198 1727 1384 1800 episcopalem
1404 1728 1517 1789 retinet,
1539 1715 1745 1796 hohorabiliter

108 1817 227 1871 salntem.
939 1815 1145 1871 transtulimus.
1159 1817 1248 1871 Nocte
1262 1829 1327 1886 ergo
1355 1817 1484 1888 sequenti
1513 1811 1617 1886 ibidem
1644 1807 1740 1872 coram

139 1905 273 1969 Quoniam
289 1904 373 1975 primi
388 1919 465 1968 naevo
489 1903 646 1986 tertigenas,
670 1905 761 1960 olonis
781 1905 899 1960 humani
940 1904 1162 1976 sancticorporls
1174 1897 1345 1977 pignoribus,
1358 1903 1741 1988 tigililsetlaudibuslestlre

108 1995 209 2064 generis
225 1993 324 2058 vitiata
339 1993 500 2066 posteritas,
516 1993 719 2058 interveniente
740 1993 897 2066 dispendio,
940 1982 1097 2058 celebratis,
1114 1993 1144 2048 in
1158 1993 1283 2048 crastino
1295 2005 1349 2064 ego
1363 1993 1552 2049 llerimannus
1566 1999 1634 2049 ants
1652 1993 1741 2049 altare

109 2069 899 2154 diuaequitsubsistere‚qusmetlam...interlorlsintultu
941 2081 1031 2136 sancti
1044 2081 1181 2153 Stephani
1204 2091 1290 2153 super
1315 2081 1388 2153 qnod
1415 2083 1509 2171 ipsum
1536 2093 1638 2182 eorpus
1664 2079 1740 2138 beati

33 2171 37 2180 '
109 2176 246 2241 (intuitus)
258 2163 898 2244 hominismblirionlscontenebraturcaliglne,
941 2169 1094 2225 Clementis
1103 2169 1226 2241 lacebat,
1241 2171 1522 2226 consilicetassensn
1532 2171 1621 2226 totius
1636 2169 1742 2238 lieten-

106 2259 330 2332 operaepretium
352 2260 492 2326 duximus,
518 2267 580 2344 quse
603 2245 709 2340 nostris
739 2262 900 2332 contingere
940 2260 979 2314 sis
994 2257 1122 2327 Ecclesia
1136 2265 1196 2315 tani
1210 2259 1278 2314 cleri
1293 2269 1380 2331 quam
1395 2253 1742 2403 popull,spe1ansprotali

106 2349 282 2421 temporibus,
302 2354 478 2420 posterorum
493 2349 689 2414 commendare
700 2350 851 2415 hiemoriae',
864 2357 899 2406 ne
941 2347 1074 2414 benellclo
1089 2349 1119 2403 in
1133 2349 1338 2418 resurectione
1350 2357 1414 2403 cnm
1429 2347 1490 2420 ipso
1504 2355 1614 2428 partem
1646 2347 1741 2404 abitu-

105 2437 201 2492 scilicet
214 2439 237 2492 si
251 2445 333 2517 tanta
346 2443 441 2502 ettam
455 2437 595 2524 praecipua
607 2443 688 2518 gesta
701 2439 804 2503 sllen'tll
825 2438 898 2500 mul·
939 2453 1015 2500 rum,
1029 2425 1094 2491 dedi
1118 2437 1143 2492 el
1168 2435 1277 2508 sibique
1301 2437 1486 2492 servientibus
1508 2429 1538 2492 ln
1572 2447 1740 2511 perpetuum

106 2527 557 2592 tarenturlociturnitale,liostrce
578 2523 756 2600 postmodum
784 2525 899 2599 deputa-
939 2527 1098 2592 (luminam,
1116 2541 1177 2598 qum
1191 2526 1271 2580 estin
1287 2525 1554 2593 Chanmereaultra
1583 2521 1740 2598 Mosellam,

104 2619 176 2669 retur
188 2616 336 2671 stoliditati
352 2623 380 2671 et
393 2617 535 2674 socordiae.
550 2609 631 2672 rinno
645 2616 783 2680 incarnati
810 2615 896 2672 Verbi
939 2629 1002 2669 cum
1016 2615 1099 2669 domo
1116 2631 1177 2686 quae
1192 2605 1294 2668 ibidem
1308 2615 1360 2678 est,
1377 2615 1521 2668 etvlncam
1549 2627 1610 2685 qum
1638 2603 1744 2684 dicitur

105 2704 246 2768 millesimo
275 2706 465 2784 nonagesimo,
492 2705 643 2782 indictione
670 2705 779 2770 decima
801 2707 896 2776 tertia,
938 2701 1072 2771 Bertoldl,
1086 2709 1200 2776 quaeest
1217 2699 1459 2774 opodhlont,cum
1473 2715 1572 2774 campo
1588 2703 1636 2775 qni
1660 2705 1741 2774 inita

103 2792 233 2862 regnante
252 2781 373 2856 Domino
388 2789 484 2849 nostro
507 2781 574 2860 lesu
602 2786 723 2860 Christo,
740 2795 897 2873 imperante
938 2798 991 2858 est,
1002 2801 1065 2848 cum
1076 2791 1168 2847 banno
1179 2793 1345 2860 etcemena,
1358 2794 1508 2874 etpratnm
1524 2789 1739 2872 apudPrunvet,

103 2880 219 2942 ilenrico
245 2882 331 2941 tertio
360 2884 472 2948 Cae'sar'e
499 2881 691 2962 Rornanorum
713 2884 897 2952 nobilissimo,
939 2877 1014 2955 quod
1029 2879 1289 2964 operantorrustlci
1304 2880 1339 2936 de
1352 2881 1490 2952 Nomlncy
1506 2873 1570 2936 sum
1585 2879 1678 2936 banno
1707 2877 1738 2935 el

103 2968 291 3026 monarchiam
307 2977 402 3027 autem
413 2963 492 3043 regni
502 2978 617 3028 tenente
629 2973 700 3028 duce
727 2973 898 3028 Theoderico
939 2979 1066 3036 centena.
1167 2980 1170 2988 ’
1247 2959 1249 2964 ’
1477 2962 1481 2970 ’

102 3061 197 3116 comite
218 3061 361 3122 Folmsro,
374 3061 469 3131 judice
501 3063 669 3128 burchardo,
686 3079 750 3117 cum
780 3071 897 3133 regnum
975 3057 1143 3116 Dcdletlam
1153 3057 1421 3115 totdmbarlnumet
1444 3063 1590 3115 centenam
1616 3057 1741 3130 quinque

102 3153 127 3202 et
139 3150 330 3224 sacerdotium
345 3167 362 3224 p
376 3167 406 3224 se
420 3150 537 3226 invicem
558 3151 735 3228 dissiderent,
749 3157 778 3226 et
795 3152 898 3226 idcirce
939 3149 1135 3226 parochiarum
1149 3149 1178 3203 in
1193 3149 1258 3204 villa
1272 3165 1333 3231 quae
1349 3149 1452 3230 dicitur
1465 3150 1500 3203 ad
1515 3147 1653 3218 basilicas,
1675 3148 1742 3203 sita·

101 3239 152 3290 um
168 3239 316 3294 mundana
331 3255 415 3310 quam
430 3239 618 3294 ecclesiastica
633 3240 830 3295 miserabiliter
844 3242 898 3295 liu·
939 3256 1013 3305 rum,
1027 3239 1135 3293 scilicet
1154 3239 1249 3293 Sancti
1267 3239 1384 3293 loannis
1405 3239 1546 3310 Baptistae,
1569 3237 1664 3292 Sancti
1687 3237 1741 3292 (ie-

101 3329 237 3392 ctuarent,
252 3327 284 3383 B.
309 3329 462 3383 Clementis
486 3329 571 3400 primi
598 3330 686 3410 nostri
712 3330 833 3406 pastoris
852 3330 899 3410 pia
960 3329 1020 3406 osii,
1037 3329 1147 3410 Sopatro
1158 3327 1253 3407 Μανίῳ
1266 3327 1303 3400 ad
1318 3334 1467 3399 martyres,
1484 3326 1580 3382 Sancti
1593 3327 1739 3381 Laurentii

100 3415 298 3481 consolatione,
326 3432 377 3470 nos
403 3423 561 3488 peccatores
585 3416 613 3472 et
636 3415 755 3472 allliotes
777 3409 900 3473 ommim
939 3345 1235 3488 hanetmucdmamil,
1250 3415 1287 3470 eh
1304 3415 1380 3469 omni
1389 3415 1522 3470 advocato
1533 3420 1562 3470 et
1574 3415 1650 3470 omni
1657 3415 1740 3486 justi·

100 3497 256 3572 benignitas
267 3507 410 3558 recrearit.
434 3505 506 3559 Nam
530 3522 593 3560 cum
618 3507 740 3578 propitia
767 3507 899 3563 divinitas
939 3507 980 3560 tia
994 3503 1740 3576 civitatisliberum,sedsubsoliusabbatisproviden-

99 3591 211 3658 prorldu
232 3591 444 3663 dispensatione
468 3593 613 3649 cltltatiet
638 3593 712 3667 plebi
729 3593 898 3650 ltletsnsium
938 3594 979 3649 tia
996 3595 1025 3649 et
1088 3599 1186 3656 estate,
1202 3593 1274 3648 sicut
1284 3603 1337 3664 ego
1347 3595 1377 3648 in
1399 3609 1485 3648 manu
1511 3606 1574 3648 mea
1591 3585 1734 3651 tenebam.

99 3677 224 3735 misereri
239 3680 410 3752 disponeret,
428 3682 534 3738 utlucc
548 3683 781 3751 clariuscorlstab,
802 3683 898 3755 magni
939 3671 1009 3738 omi
1069 3681 1203 3737 lemlhani
1217 3683 1368 3753 quamdam
1388 3683 1422 3737 de
1442 3683 1593 3748 pierreius,
1624 3681 1740 3736 nornine

96 3769 201 3822 consilii
217 3769 313 3840 angeli
328 3771 457 3842 praeduce
468 3772 527 3842 jam
541 3771 632 3827 dictus
642 3773 759 3827 antistes
770 3774 898 3844 egregius
938 3772 1066 3846 Thyebot
1079 3788 1143 3826 cum
1158 3771 1224 3826 filiis
1238 3777 1266 3826 et
1281 3771 1394 3838 liliabus
1407 3773 1476 3836 suis,
1491 3778 1519 3827 et
1538 3771 1737 3835 Hamezonem,

97 3856 189 3911 multis
214 3858 373 3914 multorum
396 3859 549 3915 visionibus
574 3855 603 3915 el
626 3861 843 3917 revelationibus
868 3873 898 3917 se
939 3867 968 3916 st
983 3849 1153 3918 lilchardum
1168 3877 1202 3916 ea
1215 3862 1277 3931 legs
1290 3869 1345 3932 qua
1361 3866 1449 3915 crant.
1466 3862 1638 3916 Cunctorum
1651 3859 1739 3931 igitur

95 3943 171 3999 nobis
186 3945 324 4012 innotuit,
340 3952 369 4002 et
380 3954 438 4003 uta
450 3949 510 4004 loco
535 3966 590 4021 quo
615 3967 632 4004 a
654 3950 734 4005 bona
756 3951 898 4005 memorie
937 3951 1090 4006 astantium
1100 3951 1271 4005 unanimitas
1282 3950 1348 4004 cleri
1360 3949 1737 4021 etpopuli,adrenovandum

96 4030 250 4090 deoderico
263 4042 440 4091 antecessore
461 4043 557 4092 nostro
574 4039 716 4109 quondam
743 4038 778 4092 ed
802 4039 896 4093 sedem
937 4041 1085 4095 annuatim
1101 4056 1168 4112 erga
1180 4056 1261 4094 suum
1272 4046 1422 4110 patronum
1435 4039 1488 4109 pise
1503 4038 1658 4093 devotionis
1673 4038 1738 4092 alle·

94 4123 242 4193 propriam
255 4125 633 4192 iliamtranslerroosnsati,
650 4127 699 4182 ssd
722 4123 774 4182 liei
792 4127 898 4182 virtute
938 4135 1025 4192 ctum,
1040 4129 1069 4184 io
1095 4129 1268 4193 universnm,
1289 4143 1381 4192 suum,
1408 4127 1483 4187 hunc
1506 4127 1579 4184 dmm
1607 4125 1737 4182 luorum

94 4211 264 4278 prohibente
279 4229 336 4284 aon
347 4215 460 4280 valenti,
477 4216 618 4287 repositus
630 4216 731 4284 hierat,
743 4217 894 4282 levaretur,
906 4186 1070 4290 Cdeinceps
1079 4217 1183 4286 hahere
1192 4217 1323 4272 decrerit.
1332 4217 1467 4282 Quodrra
1476 4217 1608 4288 quoidam
1617 4221 1677 4272 tum
1686 4231 1738 4288 pre

21 4329 25 4348 ι
93 4297 153 4368 pius
167 4313 257 4373 pater
270 4303 526 4375 piasollioitatione
552 4307 734 4371 commonuit,
760 4311 900 4378 quatenns
940 4308 1028 4380 ipsius
1048 4306 1349 4379 corporisuenerapda
1371 4306 1608 4377 praesentialem
1631 4321 1683 4378 pro
1701 4306 1739 4362 aa

93 4389 150 4458 eius
166 4391 350 4462 dignissimis
364 4393 612 4450 intercessionibus
625 4395 729 4467 populo
738 4395 767 4450 in
776 4395 900 4460 tenebris
940 4413 1004 4451 eum
1014 4396 1058 4467 pie
1066 4395 1285 4467 confugientium
1294 4395 1561 4460 selerimtoreditnr,
1569 4395 1735 4450 delictorum

92 4483 118 4531 st
131 4480 242 4535 umbra
257 4482 356 4536 mortis
371 4483 537 4544 ambulanti,
553 4484 669 4548 orientis
688 4484 810 4540 visitatio
833 4498 900 4556 pro·
942 4485 1032 4545 vania.
1053 4501 1133 4540 sacer
1150 4485 1227 4540 illius
1241 4485 1392 4556 sepultura
1406 4485 1484 4539 loous
1498 4483 1582 4554 digne
1595 4489 1638 4540 est
1651 4484 1739 4546 hono

91 4565 336 4640 dirsdignarstur
347 4571 455 4626 exalto.
468 4572 644 4645 llluditaqus
655 4573 901 4642 Salomonismul·
942 4573 1104 4640 adeundus,
1113 4573 1199 4628 alacri
1208 4574 1303 4628 favore
1317 4573 1601 4640 omniumnnndinss
1612 4587 1662 4644 per
1676 4579 1739 4628 soto

92 4661 134 4710 tos
143 4671 251 4714 errare
267 4660 395 4716 foesrunt
417 4662 537 4728 somnia,
552 4662 810 4728 animadvertendo,
824 4663 900 4734 qnod
942 4661 1089 4717 continuos
1102 4662 1161 4716 dios
1175 4662 1244 4717 inihi
1259 4662 1423 4717 solemniter
1431 4662 1522 4717 teneri
1529 4662 1739 4728 consuluimus,

90 4747 294 4814 conmotus,
307 4748 437 4804 frivolum
460 4762 521 4805 mss
548 4751 629 4806 nobis
649 4751 854 4823 dubitantibus,
869 4768 902 4808 ac
944 4767 1038 4822 paoem
1048 4753 1160 4819 tirmam
1171 4751 1660 4824 omnihusilluoproperantibussub
1672 4766 1741 4818 ana·

89 4837 250 4906 superbos
263 4843 357 4892 ments
367 4837 511 4893 incredula
526 4839 626 4894 stolida
637 4841 852 4910 remorantibus,
864 4843 899 4898 ob
940 4841 1076 4896 thematis
1090 4839 1321 4906 interminatione
1344 4839 1503 4908 habendam
1528 4841 1739 4908 denuntiantes,

88 4925 184 4982 cordis
198 4925 294 4991 noctu
309 4926 455 4992 duritiam,
469 4935 586 4999 repente
600 4929 694 4994 diuino
710 4930 827 4986 ierimur
841 4947 901 4987 mu·
940 4930 1061 4984 Rectum
1071 4937 1166 4984 tanisn
1180 4930 1324 4986 homicidii
1333 4929 1398 4985 hinc
1411 4930 1592 4996 excludimur,
1606 4929 1740 4989 ninom

88 5029 174 5069 csooe
185 5031 249 5086 quo
257 5015 339 5084 jsms
354 5015 446 5070 medio
461 5015 599 5074 tollimur.
617 5016 901 5089 Ultimaperteigltur
941 5019 1004 5089 quis
1015 5019 1102 5075 armis
1113 5019 1293 5091 propulsatus
1306 5019 1413 5074 inimici
1428 5019 1528 5074 limina
1537 5019 1663 5090 attgeril
1676 5029 1740 5073 sno·

86 5103 241 5160 tarditatis
254 5110 358 5159 nostrie
373 5120 466 5167 moras
486 5105 640 5176 arguendo,
657 5105 731 5162 illico
745 5106 901 5174 terminare
941 5109 988 5164 cti
1005 5109 1145 5166 Praeterea
1158 5109 1341 5180 huicptsslnn
1354 5125 1421 5166 nea
1438 5107 1737 5174 memorialabsretur,

88 5194 296 5264 compeliente,
312 5192 357 5248 die
380 5193 452 5264 ipsa,
478 5193 585 5260 scilicet
605 5210 633 5250 vr
648 5196 743 5252 lionae
761 5195 837 5264 Maii,
853 5197 902 5252 sti·¹
941 5199 984 5254 vel
1000 5197 1107 5270 aliquid
1122 5198 1199 5254 aliud
1212 5197 1266 5253 sibi
1286 5204 1437 5271 usurparet
1450 5211 1535 5270 quarn
1549 5197 1596 5260 hio
1616 5193 1739 5250 inditum

88 5282 231 5352 pentibus
254 5281 431 5348 clericerum,
447 5284 659 5348 monmhorum.
677 5285 835 5360 principum
851 5285 900 5340 lai·
942 5293 995 5352 est,
1019 5288 1144 5353 inserere
1153 5287 1270 5358 dignum
1286 5287 1416 5342 donimus
1435 5287 1508 5358 quod
1520 5284 1639 5355 hispano
1652 5283 1739 5341 abhas

88 5385 253 5443 corumque
266 5371 518 5440 innumerabilibus
528 5374 654 5438 catomis,
669 5375 790 5447 hymnos
805 5376 863 5433 Deo
873 5382 902 5432 et
942 5377 1030 5449 ipsius
1054 5377 1118 5442 loci,
1140 5383 1252 5449 pratum
1273 5377 1309 5431 ds
1327 5377 1459 5438 limnoet,
1479 5391 1525 5430 ma
1543 5379 1690 5446 presente,
1711 5381 1741 5430 st

89 5458 188 5517 landes
205 5460 432 5528 acclamantibus
459 5476 560 5533 eorpus
583 5464 792 5538 monuerimum
816 5427 1053 5538 superponente
1071 5466 1231 5522 burchardo
1246 5465 1389 5529 advocato,
1401 5461 1742 5535 sulsqussuncsssoribus,

90 5549 900 5650 snrumettoparlonprptlosumdssorcophawmtam,
943 5560 1002 5610 tam
1016 5571 1067 5626 pro
1096 5554 1259 5610 detonsione
1281 5553 1367 5624 holos
1379 5551 1508 5618 benedad
1530 5567 1547 5606 a
1570 5565 1616 5606 rae
1634 5552 1741 5624 muco,
