3896 6170
94 265 157 324 resi
685 268 894 326 crememus
911 267 1122 326 sacravere.
1151 253 1155 260 ’
1659 269 1728 330 less

90 396 136 446 rat.
152 390 194 447 De
216 394 298 447 nocte
318 397 383 464 post
403 390 491 448 trinas
505 392 646 448 orationes
666 399 712 449 eat
732 392 821 449 irater
834 393 1017 465 quingenua
1029 393 1155 460 flectunt,
1171 394 1237 447 anta
1251 390 1340 446 altere
1353 389 1497 448 venientes
1514 390 1551 447 ad
1570 391 1677 464 gradus
1692 411 1726 452 se

90 479 260 553 provisorest
269 479 305 536 de
320 480 450 548 infirmis,
462 487 490 536 et
502 481 640 538 videatne
654 481 756 554 aliquis
767 499 801 537 ex
813 482 882 555 ipsis
923 486 1113 554 prosternant,
1129 481 1218 536 donec
1231 496 1328 552 preces
1342 485 1371 536 et
1385 481 1476 536 oratio
1490 480 1635 538 liniantur.
1645 484 1725 540 Tunc

88 574 214 640 gravatus
236 586 335 625 somno
355 575 501 627 remaneat
523 572 552 626 in
576 571 648 627 lecto
668 589 730 628 suo.
755 571 883 628 Decanus
924 576 1082 642 surgentes,
1102 570 1270 626 inclinantes
1294 575 1360 625 ante
1382 575 1411 624 et
1428 575 1514 635 retro,
1534 571 1575 626 sic
1593 573 1724 630 omnibus

90 657 217 729 praetatus
227 659 269 714 vel
279 659 351 714 alius
361 659 503 715 fratercui
516 661 643 732 injuncta
656 666 698 716 est
708 677 786 727 cura,
797 677 883 733 quam
924 659 1001 715 boris
1015 659 1127 715 faciant.
1142 658 1172 714 Si
1186 675 1251 714 vcro
1265 657 1401 714 festivitas
1414 665 1566 732 antequam
1581 660 1725 718 absolvan-

91 763 171 819 supra
185 748 401 814 nominavimus,
412 756 459 805 cat
470 749 500 804 in
512 749 720 815 dormitorium,
732 767 767 805 ne
781 751 884 822 aliquis
924 755 972 804 tur
986 749 1119 816 evenerit,
1133 765 1151 802 a
1174 764 1291 820 vespera
1313 764 1403 819 usque
1426 748 1462 803 ad
1475 749 1560 804 aliam
1579 766 1725 822 vesperam

91 852 119 890 er
128 836 265 892 iratribus
275 838 443 893 remanserit
453 838 483 893 in
492 839 602 894 lectulis
612 856 662 911 per
670 839 882 910 negligentiam,
924 836 1725 896 omnicommunioneiratribussocienturzmissaseciam

92 926 129 978 rel
145 941 248 997 sopore
268 926 409 993 (letemus,
426 933 455 983 et
469 928 628 1000 exstinguet
645 928 715 984 duas
736 928 883 996 lucernas;
926 927 974 999 qui
988 927 1147 982 sacerdotes
1167 926 1282 990 fuerint,
1299 933 1326 982 et
1340 943 1424 982 omne
1438 928 1511 998 quod
1525 929 1561 983 ad
1579 929 1726 986 servitium

92 1014 199 1070 tertiam
215 1032 277 1088 quae
298 1023 342 1072 est
367 1018 396 1072 in
420 1017 617 1073 dormitorium
632 1024 661 1073 et
682 1018 883 1084 necessarium,
916 1016 1050 1072 vdivinum
1075 1016 1206 1088 pertinet.
1224 1015 1366 1072 celebrare
1381 1022 1508 1088 possunt.
1524 1017 1625 1073 Nullus
1648 1019 1726 1091 prior

92 1102 211 1159 dimittat
237 1110 266 1160 et
276 1107 384 1178 jugiter
396 1123 486 1179 usque
501 1123 583 1163 mane
597 1107 704 1162 ardeat.
718 1107 886 1162 Revertatur
925 1104 1006 1161 fratri
1016 1106 1073 1160 tale
1082 1104 1166 1161 debet
1174 1104 1725 1178 judiciumimponerequandiudomnus

93 1193 274 1250 inecclesism
289 1202 319 1251 et
336 1196 489 1251 circumeat
508 1202 620 1268 cryptas
641 1204 671 1253 et
684 1196 810 1251 membra
830 1196 886 1251 sin·
926 1195 1012 1250 abbas
1034 1194 1120 1250 suerit
1137 1193 1167 1249 in
1182 1194 1362 1261 monasterio,
1379 1194 1428 1249 sed
1443 1194 1507 1250 etsi
1522 1199 1725 1268 supervenerit,

93 1282 165 1352 gula,
182 1288 211 1338 et
225 1284 320 1340 videat
333 1285 357 1340 si
371 1285 474 1357 aliquis
489 1287 565 1356 jacet
579 1286 621 1341 vel
636 1286 717 1342 sedet
729 1291 832 1358 preater
845 1285 887 1340 in·
926 1283 1040 1338 interim
1053 1284 1157 1355 peterit
1175 1300 1223 1340 eos
1238 1299 1288 1355 per
1310 1301 1341 1338 se
1355 1284 1519 1356 priusquam
1540 1285 1577 1340 ad
1590 1286 1726 1344 domuum

94 1373 185 1428 liram
196 1378 248 1428 aut
256 1374 475 1430 flerthomaticos
484 1373 712 1448 [phlebotemos]¹
723 1376 752 1432 Si
763 1375 885 1447 aliquem
927 1372 1058 1428 abbatem
1079 1371 1201 1445 cognitio
1223 1388 1314 1428 causae
1337 1373 1525 1445 superveniat,
1541 1375 1620 1446 prior
1633 1375 1727 1434 absol·

94 1461 173 1516 telem
192 1462 332 1519 invenerit
345 1463 541 1531 dormientem,
565 1464 667 1520 excitet
679 1481 744 1520 curn
759 1480 766 1519 :
783 1465 808 1520 ai
821 1481 886 1520 cum
927 1479 1000 1519 vere.
1009 1462 1089 1528 Quod
1101 1461 1125 1518 si
1134 1478 1191 1516 non
1201 1461 1299 1517 iecerit
1310 1467 1433 1517 etunam
1443 1479 1535 1518 coram
1546 1463 1606 1538 ipso
1617 1466 1728 1521 veniam

93 1551 242 1622 gutiarum
256 1552 364 1609 actione
378 1568 435 1608 non
453 1553 561 1625 recipit,
575 1553 605 1608 in
621 1554 743 1626 capitulo
757 1553 887 1625 querela·
926 1551 1049 1622 petierit,
1066 1557 1229 1622 posteanon
1240 1551 1344 1623 poterit
1357 1568 1405 1606 aas
1419 1552 1496 1623 prior
1509 1553 1660 1611 absolvere.
1679 1556 1727 1611 ln·

94 1638 171 1698 bitur.
189 1641 350 1714 Eademque
363 1642 447 1697 iaciat
460 1642 490 1698 in
503 1643 625 1698 secundo
639 1649 776 1698 nocturno
786 1649 815 1698 et
827 1643 888 1697 lau·
926 1639 1033 1696 tantem
1043 1641 1128 1695 etiam
1139 1640 1187 1713 qui
1198 1640 1308 1698 steterit
1317 1646 1382 1696 ante
1392 1641 1483 1713 ipsum
1495 1642 1658 1717 [abbatem],
1670 1661 1728 1701 nan

93 1728 178 1784 dibus.
194 1730 254 1786 Illis
267 1731 441 1803 temporibus
455 1731 749 1804 quibusintervallum
764 1733 805 1800 sit,
822 1732 886 1787 dor·
897 1713 1011 1784 Bdebet
1021 1729 1156 1801 magister
1164 1731 1207 1785 vel
1216 1729 1327 1802 aliquis,
1338 1731 1463 1802 quandiu
1473 1730 1549 1788 intus
1559 1733 1620 1806 ipse
1629 1733 1725 1803 luerit,

93 1819 232 1874 miter-ium
245 1826 274 1874 et
287 1819 451 1884 claustrum,
466 1826 494 1876 et
508 1820 698 1888 omnia(sicut
709 1836 795 1892 supra
807 1826 887 1876 taxa-
928 1819 1042 1874 mittere
1055 1819 1085 1874 in
1098 1819 1236 1890 judicium
1249 1819 1359 1890 jejunii.

92 1906 188 1978 umas)
201 1908 366 1965 circumeat.
380 1909 414 1964 In
428 1909 577 1966 duodecim
593 1908 758 1966 lectionibus
772 1925 888 1965 conver·
963 1908 1191 1980 Quotiescunque
1200 1925 1302 1980 pueros
1313 1909 1448 1981 magister
1458 1910 1486 1966 in
1497 1911 1636 1981 judicium
1646 1913 1729 1969 mise-

93 2013 134 2052 sus
147 1998 258 2054 deierat
270 1999 409 2056 laternam
425 2015 475 2072 per
497 1998 611 2055 tertiam
625 2000 775 2056 lectionem
799 2000 888 2072 inspi·
928 1997 975 2062 rit,
986 1997 1063 2070 prior
1074 2003 1167 2069 potest
1178 1997 1379 2054 eosabsolvere
1390 1997 1573 2056 sinelieentia
1582 2001 1727 2072 magistri:

92 2087 185 2143 ciendo
194 2105 302 2144 omnes.
311 2087 345 2144 In
353 2089 526 2161 quotidianis
535 2088 634 2145 diebus
642 2105 694 2162 per
703 2105 887 2161 unamquam·
927 2086 1023 2142 nullus
1036 2085 1120 2142 debet
1133 2086 1205 2142 alius
1218 2086 1372 2158 quidquam
1384 2103 1436 2142 nec
1445 2087 1568 2159 signum,
1578 2106 1631 2145 nec
1640 2091 1728 2146 ullam

92 2192 141 2246 que
155 2177 305 2233 lectionem
330 2177 413 2233 debet
434 2178 648 2250 circumspicere
667 2177 821 2232 universos.
837 2177 888 2233 llls
928 2192 988 2231 rem
1004 2175 1169 2248 praecipere3
1192 2175 1241 2230 sed
1255 2180 1352 2231 tamen
1365 2175 1412 2232 ille
1436 2177 1483 2249 qui
1497 2182 1576 2234 tenet
1589 2179 1727 2247 ordinem,

92 2265 217 2336 quinon
247 2283 277 2321 se
303 2267 425 2322 voluerit
450 2267 586 2323 inclinare
602 2271 701 2322 contra
724 2283 799 2328 euni,
821 2273 887 2321 ante
928 2264 951 2320 si
967 2265 993 2320 ei
1007 2265 1097 2320 visum
1111 2264 1199 2320 fuerit
1212 2264 1448 2332 utabsolvantur,
1464 2267 1577 2339 signum
1593 2269 1729 2342 magistre

83 2353 178 2424 ipsum
189 2354 268 2410 illam
279 2360 376 2426 ponat,
387 2355 638 2428 eademqueiaciat
648 2356 671 2411 si
681 2355 784 2427 aliquis
793 2355 889 2412 inven-
927 2353 1022 2421 iaciat,
1039 2359 1071 2408 ut
1087 2353 1276 2409 absolvantur.
1292 2353 1322 2410 Si
1337 2354 1456 2425 domnus
1470 2355 1556 2412 abbas
1571 2357 1659 2414 mittit
1672 2358 1734 2420 lra-⁸

92 2447 133 2497 tus
154 2442 244 2499 fuerit
256 2444 429 2513 dormitans;
446 2461 511 2500 mox
524 2445 571 2500 ille
593 2450 626 2500 ut
639 2444 790 2500 suscitatus
804 2443 890 2500 fuerit
928 2447 1002 2496 trem
1017 2441 1046 2496 in
1063 2441 1212 2512 Judicium,
1228 2441 1251 2496 si
1265 2442 1358 2514 pergit
1369 2442 1471 2499 alicubi
1486 2443 1651 2502 obliviscens
1664 2463 1731 2503 eum

91 2530 207 2602 accipiat
220 2536 250 2586 et
264 2536 320 2598 eat,
332 2537 362 2588 et
373 2532 490 2588 inclinet
508 2549 540 2588 se
553 2533 582 2588 in
597 2531 722 2588 medium
732 2531 809 2587 chori
825 2547 890 2588 con·
930 2530 1083 2598 absolvere,
1099 2530 1177 2602 prior
1196 2546 1253 2586 non
1276 2530 1350 2586 valet
1375 2532 1518 2588 absolvere
1531 2550 1606 2589 eum.
1625 2533 1682 2606 (5li
1697 2537 1732 2592 Et

91 2625 132 2674 tra
141 2620 232 2676 altare
241 2621 410 2694 veniensque
420 2622 456 2677 sd
465 2622 582 2678 cherum
592 2623 626 2677 D.
639 2621 748 2678 abbatis
758 2619 888 2676 etdenuo
931 2636 1013 2691 quem
1029 2620 1107 2692 prior
1119 2619 1226 2674 miserit
1236 2619 1270 2686 ¹in
1280 2620 1417 2691 judicium
1432 2621 1555 2678 decanus
1567 2639 1623 2678 non
1637 2627 1732 2695 potest

90 2708 262 2765 sehumiliet
275 2709 424 2782 adipsum,
437 2711 748 2768 etcireumeatornnes.
761 2713 891 2766 etrever·
930 2709 1074 2764 absolvere
1097 2725 1172 2775 eum,
1196 2708 1251 2764 nisi
1273 2725 1324 2780 per
1349 2726 1430 2766 suam
1457 2711 1610 2768 licentiam.
1631 2712 1732 2770 Frater

90 2801 163 2854 tatur
173 2815 208 2854 ex
219 2799 277 2854 alia
286 2807 366 2872 parte
379 2800 477 2856 eadem
490 2797 826 2856 intuendo.Postmodum
839 2799 891 2853 cir·
927 2797 1039 2870 juvenis
1053 2798 1078 2852 si
1092 2797 1194 2856 missus
1204 2797 1290 2854 luerit
1299 2799 1328 2852 in
1342 2799 1395 2854 levi
1409 2800 1492 2872 culpa
1506 2801 1555 2872 qui
1567 2817 1631 2856 cum
1640 2805 1733 2862 custe-

89 2893 201 2943 cumeat
218 2887 282 2944 illos
298 2889 347 2961 qui
364 2889 467 2945 deteris
483 2894 565 2957 sunt;
579 2885 890 2962 exquaesitus[perseru-
930 2885 977 2941 dia
991 2886 1085 2959 pergit
1093 2885 1207 2959 ubique,
1219 2887 1330 2958 quando
1340 2887 1442 2944 iratres
1452 2890 1612 2958 comedunt,
1624 2891 1684 2962 ipse
1694 2889 1733 2946 sit

88 2981 161 3032 tatus
176 2977 302 3049 singula]
316 2984 402 3050 ponet
423 2995 486 3034 eam
506 2978 536 3034 in
557 2979 617 3034 loco
630 2979 792 3034 constituto.
809 2977 839 3032 Si
853 2976 889 3032 ad
930 2975 960 3032 ia
974 2975 1102 3048 coquina.
1115 2977 1236 3048 Maiores
1250 2983 1345 3032 autem
1363 2977 1465 3032 iratres
1475 2979 1590 3036 atentia
1603 2979 1730 3047 ecclesia,

84 3065 217 3135 juvenem
243 3065 360 3122 fratrem
384 3067 477 3140 posita
499 3067 593 3134 fuerit,
617 3067 666 3122 ille
692 3066 889 3122 tantummodo
899 3029 973 3120 Gvel
988 3066 1017 3119 in
1032 3065 1155 3120 oratorio
1171 3065 1280 3122 sancus
1294 3065 1399 3122 Mariis.
1416 3067 1515 3123 Frater
1528 3068 1631 3126 missus
1645 3068 1676 3124 in
1690 3069 1732 3125 le-

87 3155 203 3210 chemm
219 3154 382 3224 circumeat,
394 3163 423 3214 et
436 3157 472 3213 ad
486 3158 592 3230 gradus
606 3156 683 3214 illam
694 3156 834 3212 restituat.
846 3155 890 3210 nd
930 3151 1000 3210 viori
1010 3154 1094 3226 culpa
1106 3153 1332 3226 aliquotdiebus,
1346 3154 1369 3210 si
1382 3156 1412 3212 iu
1426 3155 1494 3229 ipsis
1506 3156 1733 3215 infraevenerint

85 3241 208 3300 infantes
221 3261 412 3318 nequaquam.
930 3242 1076 3298 duodecim
1094 3243 1237 3311 lectiones,
1253 3243 1283 3299 in
1297 3244 1400 3316 vigilia,
1418 3250 1451 3300 ut
1464 3245 1591 3302 sonuerit
1604 3246 1682 3303 scilla
1695 3247 1733 3303 acl

379 3334 496 3391 CAPUT
514 3333 595 3392 lllll.
931 3348 1070 3404 vesperas,
1086 3332 1141 3388 erit
1154 3333 1310 3388 absolutus.
1327 3334 1394 3389 Post
1407 3350 1549 3406 vesperas,
1575 3335 1599 3390 si
1620 3341 1733 3408 tempus

163 3424 204 3479 De
220 3425 256 3478 iis
270 3426 320 3494 qai
334 3425 412 3478 tarde
426 3428 577 3478 occurrant
593 3426 624 3480 ia
637 3425 803 3478 cratonum.
928 3420 1016 3478 fuerit
1028 3438 1114 3478 coenae
1128 3429 1157 3478 et
1179 3423 1281 3478 iratres
1302 3423 1396 3491 ierint,
1413 3429 1461 3480 eat
1477 3429 1506 3480 et
1525 3425 1586 3497 ipse
1600 3441 1664 3482 curn
1680 3425 1731 3493 eis,

119 3513 148 3569 Si
162 3513 256 3568 frater
275 3517 340 3585 post
354 3513 478 3568 Gloriam
491 3512 575 3584 primi
594 3511 695 3584 psalmi
709 3511 827 3576 venerit,
843 3515 890 3566 eat
930 3511 996 3566 edat
1017 3518 1046 3567 et
1071 3511 1148 3568 bibat
1172 3512 1310 3584 quidquid
1331 3512 1372 3568 eis
1396 3513 1557 3586 apponitur,
1578 3514 1690 3570 etiamsi
1705 3514 1733 3570 ei

84 3607 149 3658 ante
163 3603 259 3657 altare
273 3601 309 3656 ad
329 3601 434 3673 gradus
455 3607 484 3656 et
502 3600 541 3658 ibi
561 3617 655 3672 genua
668 3617 719 3656 sua
739 3603 843 3672 flectat,
861 3605 890 3656 et
930 3600 1033 3658 vetitus
1044 3606 1183 3674 estpetus
1197 3602 1240 3657 vel
1255 3601 1358 3674 aliquis
1371 3602 1459 3658 cibus.
1471 3603 1504 3660 In
1516 3603 1563 3658 dic
1574 3603 1733 3660 festivitatis

84 3691 181 3746 statim
197 3696 306 3762 surgat,
319 3695 348 3745 et
362 3695 469 3763 perstet
481 3690 649 3763 usquedum
662 3689 814 3744 absolverit
825 3707 889 3746 euin
930 3689 1053 3746 celebret
1075 3691 1191 3746 missam
1210 3697 1239 3747 et
1261 3697 1328 3762 agat
1350 3692 1446 3746 omnia
1466 3691 1540 3748 sieut
1561 3693 1620 3749 alii.
1641 3693 1671 3749 Si
1690 3697 1734 3751 est

83 3781 169 3850 prior.
185 3779 341 3836 Absolutus
359 3785 443 3852 gyret
460 3785 526 3836 ante
545 3786 574 3835 et
591 3786 677 3846 retro,
696 3780 846 3851 veniatque
860 3779 890 3834 in
931 3779 1110 3850 coquinarius
1123 3779 1213 3852 ipsam
1233 3779 1326 3836 iaciat.
1348 3781 1463 3836 Missam
1477 3781 1593 3853 adjuvet
1606 3787 1730 3853 cantare,

83 3869 205 3924 chorum
219 3868 250 3923 in
264 3868 356 3924 locum
370 3884 463 3936 suum,
472 3869 632 3941 iterumque
642 3869 750 3924 veniam
765 3875 851 3940 petat,
862 3876 890 3925 et
930 3870 979 3925 sed
992 3886 1090 3942 pacem
1113 3886 1170 3926 non
1189 3870 1315 3938 recipiet.
1332 3870 1361 3925 Si
1376 3876 1420 3926 est
1433 3869 1536 3926 missus
1549 3871 1585 3926 ad
1600 3872 1733 3928 candela·

84 3971 114 4010 ea
132 3960 273 4028 surgente
296 3971 393 4012 omues
416 3955 518 4012 fratres
540 3956 686 4012 inclinent.
709 3955 738 4012 Si
757 3955 825 4011 ioris
839 3973 889 4026 pro
931 3959 1013 4014 brum
1028 3959 1183 4021 ferendum,
1201 3959 1294 4030 ipsum
1307 3965 1409 4030 portet.
1431 3959 1460 4014 Si
1474 3958 1561 4014 luerit
1573 3959 1677 4016 missus
1695 3961 1732 4016 ad

82 4045 178 4117 aliqua
202 4044 401 4100 infirmitatula
425 4045 544 4113 steterit,
561 4050 591 4100 et
610 4061 667 4102 nen
688 4045 841 4100 occurrerit
853 4046 889 4101 ad
930 4048 1148 4119 responsorium,
1163 4063 1219 4102 non
1236 4046 1364 4118 imponat
1380 4045 1450 4118 ipse,
1466 4046 1515 4100 sed
1529 4046 1616 4102 alium
1634 4046 1737 4102 subro-

83 4131 180 4189 Glaria
204 4133 289 4206 primi
312 4133 424 4206 psalmi,
445 4134 532 4190 intret
553 4135 583 4190 in
603 4135 730 4201 chorum,
752 4140 781 4190 ui
804 4151 890 4207 supra
929 4141 978 4207 get
987 4136 1033 4208 qui
1047 4136 1140 4207 ipsum
1148 4135 1270 4190 officium
1282 4135 1569 4207 irupleat.Transacts
1579 4135 1731 4192 testivitate

81 4221 251 4280 dictumest
268 4224 436 4280 :absolutus
449 4229 545 4280 autem
569 4230 650 4280 cseat
668 4225 743 4280 foras
765 4231 794 4279 et
814 4230 891 4296 petat
930 4231 1089 4281 revertatur
1103 4225 1133 4281 iu
1150 4241 1230 4280 suam
1245 4224 1453 4296 poenitentiam.

81 4314 197 4370 veniam
208 4330 295 4386 super
305 4329 409 4385 genua,
424 4318 453 4370 et
466 4313 552 4370 saciat
562 4313 716 4369 secundam
728 4314 803 4386 quod
815 4314 891 4368 inilr·
1148 4357 1156 4370 .
1232 4314 1349 4370 CAPUT
1366 4313 1426 4369 XV.

79 4401 168 4458 micas
183 4403 213 4459 ei
225 4403 373 4476 permittit.
391 4404 463 4459 llam
477 4402 566 4458 irater
580 4403 604 4458 si
618 4402 727 4458 venerit
740 4403 776 4458 ad
790 4403 889 4458 horam
900 4387 978 4460 Ddst
989 4407 1083 4473 pravis
1095 4404 1286 4459 decernerem
1301 4403 1501 4459 manaclsaram
1514 4403 1598 4474 abigit
1609 4422 1728 4462 omnem.

78 4499 146 4562 pest
162 4494 265 4550 Gloria
289 4492 374 4565 primi
397 4492 499 4564 psalmi
518 4492 561 4548 rel
585 4493 773 4564 qualicunque
798 4492 887 4563 [capp.
966 4493 1084 4559 Quando
1097 4508 1211 4565 gravem
1224 4492 1311 4548 irater
1323 4491 1424 4565 aliquis
1439 4494 1593 4549 committit
1606 4496 1729 4568 culpam,

78 4580 226 4656 tempore}
241 4579 435 4654 supervenerit
448 4585 555 4653 postea,
569 4596 659 4652 usque
672 4580 707 4635 ad
721 4581 806 4649 Iv'prie
824 4582 890 4634 elsi·
930 4582 967 4638 ad
990 4581 1168 4656 praesentiam
1191 4581 1288 4638 domni
1306 4581 1416 4638 abbatis
1440 4599 1496 4638 non
1519 4583 1604 4640 debet
1625 4585 1730 4652 venire,

76 4688 138 4735 saa,
156 4671 205 4727 sie
219 4669 302 4727 debet
315 4669 423 4726 intrare
436 4669 512 4726 intus
526 4686 562 4724 ne
575 4674 667 4725 toturn
683 4669 791 4742 perdat,
803 4673 832 4724 et
844 4674 890 4724 eat
930 4670 1019 4728 denec
1032 4676 1146 4727 vocatus
1160 4670 1195 4726 ad
1218 4687 1282 4726 eum
1297 4670 1391 4726 fuerit.
1407 4671 1435 4726 Si
1450 4677 1545 4728 autem
1566 4673 1627 4746 ipse
1644 4674 1733 4731 tratre

74 4759 104 4815 iu
118 4761 192 4816 loca
207 4759 360 4815 constitute
371 4759 461 4816 donec
473 4758 644 4815 absolvatur.
657 4759 737 4824 Quod
751 4759 775 4814 ei
786 4756 890 4831 persii·
929 4759 1073 4817 nesciente
1094 4759 1295 4832 supervenerit,
1314 4765 1380 4816 ante
1402 4759 1496 4833 ipsum
1519 4767 1596 4834 petat
1620 4764 1732 4820 veniam

74 4850 146 4904 terit
157 4849 300 4904 adtotam
310 4850 419 4915 horam,
432 4848 457 4904 si
466 4847 568 4904 iratres
579 4849 696 4904 flectunt
704 4864 797 4919 genua
807 4864 891 4920 super
931 4851 1019 4906 donec
1038 4866 1103 4906 euru
1118 4865 1134 4904 a
1149 4865 1179 4904 se
1199 4849 1322 4919 ejecerit.
1345 4849 1381 4905 Et
1398 4849 1438 4906 sic
1452 4857 1593 4924 exspectet
1605 4853 1732 4925 quandiu

74 4937 207 5006 formas,
218 4938 278 5011 ipse
286 4937 372 4994 faciat
383 4954 469 5011 super
478 4938 593 5010 gradus.
602 4937 718 5010 Expleta
728 4938 797 4994 hors
807 4937 893 4993 disce·
934 4940 970 4996 ad
990 4937 1186 5012 penitentiam
1205 4953 1270 4993 eum
1290 4937 1410 4994 domnus
1428 4937 1514 4994 abbas
1533 4940 1638 4997 mittat.
1653 4942 1733 4998 Tunc

73 5029 127 5084 dat
141 5029 258 5102 absque
270 5029 362 5102 jussu.
931 5028 1110 5102 discalciatus
1120 5032 1151 5082 et
1164 5026 1256 5082 nudus
1269 5026 1299 5082 in
1312 5033 1481 5084 conventum
1494 5030 1598 5096 veniat,
1606 5034 1732 5101 accepto·

388 5115 506 5174 CAPUT
523 5117 596 5174 XIV.
932 5133 986 5190 que
1005 5115 1110 5189 iudicio
1137 5115 1212 5184 illuc,
1237 5115 1286 5171 ubi
1308 5118 1480 5173 consuetudo
1506 5118 1601 5183 fuerit,
1625 5117 1729 5184 veniat,

149 5208 248 5280 Culpa
263 5210 328 5264 isvis
343 5208 396 5264 tali
408 5211 569 5276 stringatur
583 5207 725 5262 inordina
738 5208 815 5276 facti.
930 5205 1061 5262 videlicet
1073 5205 1103 5261 in
1117 5203 1299 5271 auditorium,
1316 5215 1346 5260 et
1363 5205 1463 5261 calciet
1476 5219 1506 5260 se
1519 5210 1604 5277 atque
1618 5205 1731 5274 vestiat,

108 5299 239 5355 Fratres
268 5297 316 5371 qui
334 5313 384 5370 pro
403 5295 457 5352 levi
484 5295 567 5370 culpa
590 5295 745 5352 seeundum
763 5296 890 5368 regulam
932 5301 961 5351 et
976 5299 1135 5352 revertatur
1146 5294 1176 5350 in
1191 5293 1355 5366 capitulum,
1368 5299 1434 5350 ante
1451 5293 1585 5348 domnum
1599 5292 1731 5350 abbatem

70 5391 260 5462 separantur
277 5403 294 5442 a
311 5403 420 5455 mensa,
441 5385 482 5442 sic
502 5385 533 5441 in
559 5386 683 5442 oratorio
705 5384 890 5442 satisfaciant.
931 5384 1041 5440 veniam
1057 5389 1157 5456 petat:
1181 5383 1242 5456 ipso
1262 5382 1381 5455 jubente
1396 5382 1572 5454 ingrediatur
1592 5383 1623 5442 iu
1641 5384 1733 5456 poeai·

72 5478 151 5533 Oum
162 5481 238 5550 post
246 5475 431 5550 psalmodiam
443 5475 478 5531 ad
487 5491 584 5549 preces
594 5475 643 5531 alii
652 5492 682 5531 se
691 5474 837 5544 inclinant,
848 5473 893 5530 vel
932 5473 1062 5540 tentiam,
1079 5477 1108 5529 et
1131 5475 1229 5529 aarum
1251 5478 1284 5528 ut
1304 5488 1337 5527 ex
1358 5471 1481 5544 capitulo
1504 5470 1605 5529 exierit
1625 5473 1734 5547 operiet

108 5583 175 5657 (sl)
195 5582 267 5648 Qua
285 5587 442 5657 sequuntur
460 5583 535 5641 inter
548 5597 636 5640 uncos
650 5582 743 5655 posita
758 5599 791 5641 ex
806 5595 859 5639 ms.
875 5583 970 5641 codice
985 5579 1112 5638 Farsensi
1125 5579 1274 5654 desumpta
1285 5584 1361 5636 sunt.

214 5680 347 5750 Parnoi..
373 5683 434 5772 Cb,
812 5774 874 5780 Α
1576 5679 1617 5746 ιθ
