4046 6186
218 302 285 366 ius
877 279 1187 364 eurrmvsarsoon
1777 303 1850 364 ress

213 425 1143 506 inquit,lechietdraconiplaoebitmegisqnemhabitemtdivinis
1158 427 1277 501 eloquiis
1290 429 1399 503 respice
1426 429 1575 487 Israelem
1599 431 1700 488 Nonne
1722 430 1763 498 ni,
1778 428 1849 486 dum

213 539 277 579 cnm
289 519 407 576 muliere
420 534 551 591 nequam,
566 534 624 573 »ea
636 517 769 585 maxime,
787 534 849 588 quae
860 516 1009 574 verborum
1050 533 1146 590 pacem
1161 518 1236 574 inter
1249 535 1280 574 se
1289 518 1466 576 haberentet
1477 521 1514 576 ad
1528 519 1683 576 Dominum
1697 520 1848 575 unanimes

213 608 383 685 procacitate
398 607 532 663 continua
555 607 614 661 viro
629 606 724 678 quieto
738 611 767 662 et
781 607 896 678 pacifico
920 609 1009 663 mole·
1050 606 1275 678 ingemiscerent.
1292 606 1328 662 de
1340 609 1460 682 AEgypto
1472 609 1558 665 eximi
1572 609 1661 680 signis
1671 609 1849 680 triumphau-

214 699 300 757 stism
313 696 418 770 ingerit
430 712 515 768 quem
525 711 661 750 ammam.
675 694 755 750 Unde
770 694 867 769 [sieut]
886 716 897 748 ι
913 711 1008 753 ascen·
1049 694 1125 751 tibus
1134 696 1316 752 meruerunt?
1325 697 1402 753 Mare
1415 697 1486 754 vidit
1499 697 1677 756 eoeseciatos
1686 703 1716 754 et
1725 697 1845 769 autumi,

213 805 262 846 sue
275 793 410 844 arenosus
424 784 454 840 in
474 783 592 857 pedibus
615 783 750 850 veterani,
767 782 808 838 sic
831 783 934 840 mulier
956 785 1009 841 lin·
1050 788 1253 840 convertuntur
1274 791 1340 841 ante
1363 801 1411 842 eos
1426 787 1713 842 {luminaretrcrsum
1735 786 1850 857 cognati

212 882 300 949 gnate
313 874 421 932 homini
431 873 536 944 quieto.
555 893 567 926 ι
1049 873 1137 930 maris
1150 873 1292 930 imitantis
1305 874 1484 938 famulatum,
1500 877 1603 932 coelum
1617 891 1711 931 escam
1720 875 1850 930 marien·

248 967 291 1023 Ne
299 965 387 1037 igitur
400 978 451 1036 per
461 961 624 1034 hujusmodi
636 977 690 1034 pex
700 960 1006 1035 amicitieiamiliaeqne
1029 962 1135 1028 ·tibns,
1149 969 1230 1034 petra
1242 968 1340 1034 potum
1353 962 1514 1020 sitientibus
1528 964 1743 1022 subministrat.
1758 963 1850 1018 Beata

212 1059 372 1128 rumpatur,
397 1051 543 1108 iracundia
563 1068 614 1124 per
631 1049 886 1116 mansuetudinem,
904 1068 955 1124 par
968 1053 1009 1108 lo·
1050 1051 1189 1122 hecgens
1203 1056 1273 1118 eret,
1285 1053 1364 1122 cujus
1388 1053 1525 1109 Dominus
1546 1053 1622 1110 Dens
1636 1069 1745 1120 eorum,
1766 1053 1851 1124 plena

97 1163 98 1168 ¹
212 1144 317 1219 arnadi
330 1141 534 1216 parcimoniam
551 1139 705 1196 verbositas
724 1140 897 1199 excludatur·
918 1141 1008 1196 Aures
1048 1139 1168 1212 populis,
1182 1141 1277 1211 opima
1290 1140 1405 1204 divitiis,
1429 1145 1457 1196 et
1482 1141 1590 1198 viribus
1612 1141 1774 1198 fortissimis
1789 1147 1850 1198 tem

211 1233 354 1307 npiamus
368 1248 387 1287 a
402 1229 546 1300 susurriis,
561 1246 592 1285 os
615 1227 650 1284 ab
664 1228 794 1284 omnibus
817 1229 947 1285 conviciis
961 1247 1009 1302 op·
1049 1226 1302 1285 roboroseutunns
1314 1230 1391 1286 mille
1401 1230 1657 1300 invaderatetduo
1675 1231 1774 1286 decem
1784 1231 1850 1287 mil·

211 1321 343 1397 pilemus,
358 1321 436 1377 nullo
451 1335 537 1392 super
550 1319 672 1374 amicum
686 1318 838 1373 efferamur
847 1318 1005 1390 supercilio,
1048 1316 1087 1372 lia
1100 1322 1332 1375 transmoverent.

211 1413 306 1470 nullas
321 1412 350 1468 in
362 1425 427 1466 eum
439 1407 546 1463 fraudis
567 1406 717 1462 moliamur
730 1405 857 1472 insidias,
874 1422 926 1461 nee
939 1408 1010 1463 ami·
1084 1405 1186 1462 Postea
1207 1423 1283 1472 vero,
1307 1408 1420 1480 quando
1435 1408 1574 1465 scandalis
1593 1409 1678 1481 coepit
1691 1424 1725 1464 ac
1739 1409 1849 1464 dissen-

212 1517 310 1558 corum
324 1503 442 1565 secreta
459 1513 520 1569 qna
534 1495 672 1562 novimus,
683 1495 783 1566 lingua
797 1495 942 1567 pruriente
958 1497 1008 1552 de·
1049 1493 1174 1551 sionibus
1187 1497 1293 1567 urgeri,
1307 1502 1336 1552 et
1347 1498 1376 1553 in
1393 1503 1489 1570 partes
1503 1499 1599 1565 diuidi,
1608 1503 1794 1570 posteaquam
1804 1499 1849 1553 Je-

212 1591 363 1648 nndemus.
379 1587 444 1642 Hae
458 1585 533 1641 enirn
548 1585 614 1648 tria,
634 1583 741 1639 seilicet
753 1583 939 1644 inimicitiam.
955 1586 1009 1642 dn·
1050 1583 1165 1640 roboam
1175 1585 1337 1641 etRoboem
1346 1586 1469 1642 diarcha
1479 1588 1847 1660 prodieruntposteaqnam

213 1679 369 1754 plicitetem
384 1680 412 1732 et
423 1673 570 1748 perfidiam
583 1672 713 1728 amicitia
723 1688 830 1728 venena
842 1672 903 1728 iore
915 1675 1008 1746 expio·
1049 1673 1185 1729 factiones
1200 1678 1229 1729 et
1243 1675 1405 1743 seditiones,
1421 1682 1605 1749 posteaquam
1620 1692 1691 1749 puer
1705 1677 1791 1748 erepit
1803 1693 1849 1731 se·

212 1769 269 1825 rati
279 1765 378 1839 judicii
388 1769 441 1822 est.
455 1762 527 1819 Dein
540 1766 569 1818 et
581 1767 624 1826 tu,
636 1761 684 1833 qui
698 1761 918 1834 privataedomus
928 1742 1041 1820 ectusB
1051 1762 1170 1827 niorem,
1184 1763 1317 1835 ignobilis
1327 1764 1496 1821 honoratum
1509 1765 1660 1832 attendere,
1667 1765 1697 1821 in
1714 1765 1781 1838 quid
1797 1766 1849 1820 de-

212 1858 367 1931 dispenses,
384 1851 512 1910 mulieris
532 1851 575 1906 vel
589 1851 684 1906 uxoris
697 1856 754 1906 tuae
768 1851 937 1922 proterviam
952 1852 1007 1907 im·
1049 1853 1167 1918 veniret,
1184 1852 1251 1924 quid
1277 1853 1353 1926 passi
1377 1853 1443 1918 sint,
1460 1861 1489 1910 et
1513 1860 1638 1911 veterum
1666 1855 1793 1910 historiae
1820 1860 1850 1910 et

211 1961 313 2020 perere
326 1957 472 2015 nunquam
493 1937 663 1995 consentias.
688 1938 829 2010 Scriptum
855 1944 899 1994 est
921 1940 1008 2006 enim,
1049 1942 1153 1999 Threni
1163 1941 1284 1997 recitent
1297 1943 1434 2000 Jerernia.
1446 1944 1518 1999 Nam
1534 1944 1661 2016 undique
1677 1944 1708 1999 in
1727 1959 1776 1999 eos
1791 1943 1852 1999 bel·

213 2035 306 2110 quina
321 2029 474 2098 mulier,si
496 2029 650 2102 primatum
675 2026 788 2096 habeat,
811 2027 953 2084 contraria
967 2035 1011 2085 est
1050 2033 1142 2088 lorum
1161 2030 1254 2086 rabies
1266 2037 1294 2086 et
1308 2032 1376 2088 ferri
1400 2033 1534 2088 einenata
1548 2033 1672 2099 licentia,
1692 2032 1761 2088 urbs
1779 2049 1849 2105 pre·

212 2124 273 2182 viro
285 2139 346 2179 suo.
364 2141 376 2174 ι
1052 2120 1129 2177 clara
1141 2118 1340 2192 prosternitur,
1350 2119 1487 2192 templum
1502 2120 1706 2176 sanctificatum
1718 2119 1850 2192 protana-

1051 2215 1109 2276 tur,
1129 2223 1213 2263 nemo
1222 2208 1373 2264 miseretur
1386 2209 1509 2277 senibus,
1518 2225 1601 2264 nemo
1611 2209 1777 2276 infantibus,
1788 2207 1851 2264 ebs·

1011 2327 1025 2342 ·
1052 2314 1107 2370 que
1121 2297 1374 2370 respectujuvenes
1387 2298 1575 2364 trucidentur,
1594 2299 1732 2354 matronis
1750 2298 1792 2353 nit
1806 2314 1851 2352 se-

1050 2385 1201 2450 recundiae,
1212 2386 1252 2441 nil
1262 2385 1378 2457 pudoris
1389 2387 1544 2459 virginibus
1558 2393 1729 2443 reservatur.
1741 2388 1776 2442 ln
1787 2387 1851 2458 ipss

213 2265 280 2324 Gar.
294 2259 398 2320 XVIII.
420 2287 456 2303 -
478 2259 618 2328 Quantam
631 2258 767 2312 benorum
781 2261 1006 2327 consequentiam

421 2363 481 2421 poe
494 2346 797 2416 maotfflotvtoeteo..

247 2476 436 2535 Monstratum
450 2475 494 2528 est
509 2487 582 2536 ecce
599 2467 701 2543 quibus
714 2467 805 2524 medis
819 2483 873 2541 pax
891 2469 1010 2542 Babylo-
1050 2482 1145 2531 antem
1161 2474 1315 2541 obsidione,
1330 2480 1483 2547 antequam
1499 2493 1529 2531 se
1540 2476 1687 2532 truderent
1699 2477 1729 2531 in
1745 2492 1850 2531 manus

212 2566 276 2634 nias,
294 2563 395 2620 mundi
410 2561 525 2628 milicet,
541 2558 670 2615 contrahi
682 2556 784 2613 debeat
797 2562 824 2613 et
838 2559 1007 2614 conservari.
1049 2563 1145 2636 gladii,
1161 2569 1220 2619 tem
1241 2563 1344 2619 intesta
1354 2563 1555 2620 cruciabuntur
1567 2565 1662 2620 inedie
1680 2571 1713 2623 nt
1730 2565 1761 2621 in
1774 2564 1851 2622 fame

212 2656 354 2723 Quantam
368 2656 462 2708 entem
473 2649 611 2704 bonorum
625 2645 824 2718 temporalium
838 2662 1009 2720 consequen·
1050 2653 1131 2707 tieret
1144 2651 1226 2707 famu
1239 2651 1395 2707 remedium
1415 2653 1546 2709 solatium
1570 2654 1766 2710 dulcissimum
1779 2654 1850 2710 libe·

210 2744 282 2801 tiam
296 2741 400 2798 habeat
412 2755 466 2813 pax
477 2738 533 2794 ista
541 2736 696 2804 mundana,
707 2735 1011 2808 exemplispotestmil-
1049 2757 1163 2808 rornm;
1177 2740 1213 2795 ed
1226 2745 1383 2796 extremum
1397 2758 1415 2796 a
1428 2741 1527 2813 patria
1545 2741 1649 2798 finibus
1666 2743 1775 2799 turbati
1799 2761 1852 2816 per

209 2831 284 2890 libres
298 2829 422 2888 edoceri.
1052 2845 1149 2885 omnes
1162 2828 1364 2901 disperguntur
1377 2831 1543 2901 provincias,
1555 2836 1666 2886 aeurnae
1679 2831 1853 2903 captivitatis

247 2919 463 2992 Quamprimum
488 2931 556 2988 ergo
577 2914 682 2987 inipso
705 2917 764 2968 toto
783 2913 889 2969 mundo
911 2930 1009 2986 pacem
1051 2918 1194 2975 miseriam
1209 2918 1397 2990 deplorantes.
1408 2919 1489 2986 Ecce,
1500 2920 1549 2992 qai
1562 2925 1630 2976 sunt
1642 2919 1854 2977 discordiaexi-

213 3011 365 3086 qnamdam
375 3006 535 3063 naturalem
545 3004 766 3075 consideraque
783 3003 898 3075 superni
909 3019 1010 3060 manns
1044 3013 1099 3078 ,tus
1113 3013 1142 3063 et
1152 3006 1262 3064 tructus
1276 3007 1474 3063 dissidiorum!

212 3099 341 3158 Artificis
355 3096 529 3152 diversarum
542 3099 708 3149 naturarum
724 3091 904 3148 elementein
920 3108 1010 3148 unum
1088 3097 1127 3152 Ex
1140 3097 1347 3153 contrariorum
1370 3097 1515 3153 effectibus
1541 3113 1619 3169 ergo,
1644 3103 1785 3170 qnantum
1811 3099 1851 3154 sit

211 3189 304 3262 coegit
317 3203 418 3260 corpus
431 3199 589 3256 assurgere,
601 3187 630 3237 at
649 3197 765 3254 prorsus
779 3181 893 3236 dissona
906 3181 935 3236 in
950 3186 1011 3236 tan·
1052 3185 1137 3256 hujns
1146 3185 1223 3257 pacis
1238 3185 1353 3251 bonum,
1366 3187 1426 3257 jem
1438 3186 1541 3242 chrias
1553 3187 1688 3242 videmus,
1703 3187 1761 3243 Pax
1775 3187 1853 3243 enim

210 3283 271 3335 tam
285 3275 386 3333 statuit
400 3272 615 3330 consonantiam
629 3271 763 3342 aspirare,
781 3269 877 3325 atnisi
893 3269 1010 3326 alterius
1050 3274 1110 3330 hac
1135 3273 1266 3346 producit
1292 3272 1504 3346 rempublicam,
1521 3283 1661 3347 propagat
1682 3275 1851 3347 potentm,

211 3365 300 3439 ligate
313 3363 446 3421 subsidiis
454 3378 511 3418 non
521 3359 656 3416 subsistat
682 3359 791 3415 celum
801 3359 877 3414 enim
884 3358 939 3413 nisi
955 3359 1011 3413 exi·
1051 3361 1184 3417 lenificat
1201 3378 1299 3433 regna,
1315 3361 1461 3418 libertates
1485 3362 1626 3430 nobilitat,
1653 3363 1750 3419 condit
1762 3364 1851 3437 leges,

211 3461 377 3527 mesenque
392 3454 489 3508 lumen
500 3450 642 3518 tunderet,
656 3464 713 3505 non
732 3447 857 3503 haberet.
873 3447 940 3503 neri
954 3463 1010 3503 coe·
1050 3451 1102 3506 alit
1114 3456 1200 3517 artes,
1221 3451 1347 3507 illustrat
1359 3451 1491 3517 honores,
1514 3451 1680 3524 religionem
1696 3453 1780 3520 toret,
1795 3454 1853 3509 im·

211 3544 270 3602 lum
284 3542 407 3599 colorem
419 3539 532 3596 exhibet
542 3558 549 3600 ς
561 3555 611 3594 aar
623 3543 729 3592 terram
742 3536 818 3592 fovet
830 3535 1010 3603 imbribus,et
1050 3538 1110 3610 plet
1127 3537 1237 3609 urbem,
1259 3539 1428 3611 multiplicat
1441 3539 1576 3606 sobolem,
1592 3540 1676 3595 altrix
1696 3546 1740 3596 est
1754 3543 1853 3614 pneri-

211 3632 321 3691 cunctis
330 3628 523 3684 animantibus
532 3627 618 3682 vitam
634 3625 736 3682 tribuit
753 3625 1010 3697 respectantque
1051 3627 1107 3691 tiae,
1117 3627 1206 3683 tutrix
1219 3627 1424 3691 adolescentie,
1435 3629 1612 3700 juventatem
1628 3629 1761 3696 latificet,
1777 3630 1851 3685 cani-

211 3720 304 3776 fluviis
315 3718 433 3790 irrigat3
449 3733 511 3788 qua
522 3716 621 3787 utique
636 3719 665 3769 et
678 3713 742 3785 ipsa
755 3729 813 3769 non
831 3713 1008 3781 subsisteret,
1051 3716 1119 3771 tiem
1140 3717 1308 3772 condecorat
1327 3717 1491 3772 senectutis.
1517 3718 1596 3782 tluttd
1619 3723 1712 3774 toturn
1737 3735 1771 3773 ex
1793 3735 1850 3774 uno

213 3808 309 3865 sicam
330 3815 415 3862 terres
436 3805 541 3860 fundus
555 3803 672 3859 ultimus
692 3819 749 3858 non
760 3807 878 3860 teneret.
894 3801 1010 3857 Talibus
1052 3805 1203 3876 Scriptura
1217 3806 1380 3861 testimonio
1398 3806 1531 3878 colligere
1549 3806 1601 3862 tibi
1616 3813 1669 3861 est.
1688 3808 1760 3862 Cum
1776 3808 1848 3863 enim

212 3895 301 3969 igitur
313 3891 424 3967 lembus
432 3892 568 3948 tuderate
581 3892 721 3947 elementa
734 3906 832 3963 pacem
844 3888 950 3945 hebent
961 3889 1010 3945 de·
1052 3894 1171 3950 Genesis
1186 3895 1221 3950 de
1225 3895 1320 3966 jurgio
1330 3894 1405 3950 inter
1418 3900 1545 3967 pastores
1559 3895 1672 3951 Gemrae
1685 3901 1715 3951 et
1724 3903 1849 3968 pastores

212 3985 312 4043 coram
323 3989 353 4041 et
361 3989 536 4056 perpetuam.
1051 3983 1130 4039 isaac
1144 3988 1250 4056 ageret,
1263 3983 1391 4054 adjunxit
1408 3983 1482 4055 quod
1503 4002 1515 4035 ι
1540 3984 1663 4056 primum
1678 3991 1807 4056 puteum,
1835 4007 1847 4040 ι

249 4073 364 4140 Quodsi
377 4071 514 4128 dissensio
524 4071 618 4143 aliqua
628 4070 761 4126 adversm
771 4085 801 4125 se
809 4068 875 4125 huie
884 4069 1010 4126 materia
1051 4072 1086 4128 de
1100 4089 1155 4145 quo
1169 4072 1252 4127 rixati
1266 4071 1479 4139 cantaverant
1490 4072 1770 4138 IeaacCotemar'om,
1782 4095 1795 4128 ι
1806 4093 1852 4131 se·

211 4166 373 4236 generetur,
387 4165 416 4216 et
434 4159 572 4216 seditione
586 4159 681 4232 aliqua
695 4158 864 4214 solutionem
883 4157 927 4213 sui
949 4173 1010 4213 me·
1050 4162 1172 4217 cundum
1186 4163 1366 4217 Inimicitias.
1382 4161 1508 4229 tertium,
1523 4161 1559 4216 de
1573 4177 1630 4234 quo
1639 4178 1696 4217 non
1709 4163 1767 4218 fuit
1780 4164 1851 4220 rixa·

212 4251 318 4308 ditetur
331 4251 391 4306 hnc
400 4249 541 4313 machina,
556 4248 600 4303 vel
620 4247 643 4303 si
659 4248 753 4303 dinuo
767 4252 840 4302 nutu
853 4244 961 4318 aliquid
975 4261 1009 4300 ex
1049 4250 1099 4316 tio,
1121 4251 1310 4306 latitudinem
1334 4249 1497 4305 nominavit
1521 4249 1557 4304 lit
1575 4250 1709 4306 Salomon
1725 4253 1755 4307 in
1780 4253 1850 4309 Pro-

211 4341 267 4396 iste
281 4355 350 4412 pace
364 4344 519 4406 moueatur,
536 4337 615 4392 sirei
630 4352 709 4392 mare
719 4336 859 4399 etlervaat,
877 4334 920 4388 vel
931 4339 1007 4389 terra
1049 4337 1151 4394 verbiis
1165 4357 1171 4394 ι
1192 4356 1206 4392 ι
1230 4339 1285 4404 Qui
1298 4338 1487 4410 ineuntppacis
1500 4338 1628 4408 consilis,
1651 4346 1790 4412 sequetur
1804 4359 1850 4397 ecs

212 4425 401 4502 quatiatur,si
411 4427 585 4500 perniciosus
600 4425 691 4480 imber
702 4421 1008 4491 decidatantsolsub·
1049 4427 1193 4499 gandium,
1212 4447 1224 4480 ι

211 4524 303 4575 tracte
317 4520 379 4574 luce
393 4517 523 4588 refugiat,
540 4515 564 4571 si
579 4533 629 4572 aer
645 4513 792 4571 ardoribus
813 4513 1006 4582 excandescat,
1082 4516 1162 4571 Adde
1171 4516 1246 4588 quod
1255 4533 1310 4589 pax
1325 4515 1380 4572 ista
1389 4516 1434 4571 via
1450 4516 1577 4589 quadarn
1592 4522 1622 4573 et
1639 4518 1718 4574 scala
1731 4525 1785 4588 est,
1802 4537 1851 4593 per

211 4611 263 4663 aut
272 4607 347 4662 ultra
357 4621 520 4662 mensuram
533 4605 576 4661 sui
590 4610 694 4662 natura
716 4603 790 4676 ignis
804 4607 947 4669 exaestuet,
963 4619 1009 4657 ex·
1048 4621 1133 4676 quam
1148 4606 1184 4661 ed
1196 4622 1292 4678 pacem
1302 4604 1459 4660 Jerusalem
1469 4605 1649 4661 obtinendem
1661 4607 1847 4680 pertingitur3

212 4694 318 4751 sidium
332 4695 392 4750 sine
406 4693 492 4750 dubio
502 4695 600 4750 mundi
611 4694 800 4764 interitusque
811 4692 1006 4764 pereundum
1048 4693 1106 4748 imo
1120 4695 1150 4749 in
1167 4711 1235 4766 pace
1253 4695 1309 4750 ista
1321 4709 1375 4766 pax
1388 4695 1546 4754 Jerusalem
1564 4694 1730 4762 includitur,
1750 4702 1781 4752 et
1796 4715 1851 4753 ser

210 4783 318 4840 bonum
332 4783 408 4854 pacis
436 4783 640 4839 elementorum
664 4783 718 4838 hae
732 4781 869 4838 seditione
896 4779 1009 4836 subscr·
1048 4787 1139 4848 ratur,
1155 4783 1228 4838 sicut
1239 4799 1369 4855 supraex
1387 4783 1478 4838 verbis
1489 4784 1618 4838 Jarenria
1635 4784 1719 4840 licuit
1732 4785 1848 4844 intueri.

210 4873 294 4930 titur.
1050 4871 1085 4927 Et
1094 4872 1199 4927 Paulus
1209 4873 1246 4927 ad
1254 4872 1491 4944 Timotheumpro
1501 4872 1554 4928 hec
1572 4888 1641 4944 pace
1660 4889 1746 4929 orare
1757 4875 1847 4932 docet:

248 4963 287 5020 Ut
294 4967 391 5018 autem
405 4960 534 5017 omittam
549 4977 637 5033 regne
652 4965 682 5017 et
697 4961 816 5034 populos
831 4959 1007 5028 innumeros,
1050 4978 1064 5014 ι
1080 4960 1201 5017 Obsecro
1215 4961 1302 5032 igitur
1316 4962 1439 5035 primum
1453 4961 1579 5018 omnium
1601 4962 1663 5017 lieri
1678 4961 1848 5021 obsecratio

209 5056 243 5110 ut
260 5052 392 5108 omittam
405 5050 542 5114 civitates.
558 5049 680 5106 familias
695 5066 728 5104 ac
741 5050 850 5116 domos,
866 5066 929 5120 qua
949 5065 1008 5104 om·
1048 5065 1109 5116 nes,
1133 5049 1285 5116 orationes,
1312 5049 1527 5121 postulationes,
1543 5049 1702 5120 gratiarum
1723 5053 1848 5108 aofiones

208 5143 258 5198 nie
271 5159 321 5215 per
334 5157 431 5214 pacem
447 5145 474 5196 et
486 5139 664 5195 concordiam
680 5145 811 5194 constant
831 5156 881 5210 per
896 5139 1006 5193 dissen·
1048 5153 1098 5210 pro
1113 5138 1253 5204 omnibus,
1281 5137 1451 5198 hominibus,
1463 5154 1513 5209 pro
1535 5137 1647 5209 regibus
1662 5144 1691 5194 et
1705 5141 1846 5205 omnibns,

209 5231 318 5288 sionem
330 5247 394 5287 vere
410 5229 558 5287 solvuntur
571 5236 599 5284 et
615 5234 742 5300 pereunt,
755 5235 904 5284 utteceem
920 5227 1005 5282 etiam
1048 5228 1096 5299 qui
1116 5227 1143 5282 in
1166 5228 1340 5282 sublimitate
1354 5235 1422 5282 sunt
1438 5227 1594 5291 constituti,
1619 5233 1648 5282 et
1668 5228 1798 5298 quietam
1822 5235 1848 5284 et

202 5317 245 5374 ds
260 5319 318 5390 ipsu
339 5319 418 5380 urbe,
435 5337 497 5392 qua
524 5319 610 5389 prius,
627 5317 693 5372 duan
723 5316 751 5371 in
775 5333 808 5372 ea
824 5332 875 5386 par
899 5316 1004 5371 floruit.
1047 5317 1228 5388 turrrqnillam
1246 5318 1329 5371 sitam
1345 5332 1463 5388 agamus
1479 5315 1593 5369 inomni
1605 5317 1710 5386 pietate
1725 5325 1756 5371 et
1768 5314 1845 5372 rasti·

208 5407 324 5463 ‹irrrnina
336 5409 390 5463 init
415 5409 522 5464 rutundi.
539 5424 612 5463 nunr
623 5414 717 5469 autern
735 5422 804 5477 pene
824 5407 899 5476 j·n·et
913 5404 1006 5458 hurni·
1045 5413 1114 5459 tate.
1131 5427 1143 5458 e
1162 5408 1283 5460 irritaret
1299 5405 1518 5476 quintltominus
1533 5412 1739 5474 nosterpecem
1758 5407 1845 5461 Eccle-

210 5496 278 5550 liata
299 5497 484 5553 seditionibus
509 5505 534 5552 et
559 5497 638 5552 bellis
661 5495 788 5550 ciuilibus
808 5501 1004 5563 ‹renquassata
1047 5495 1095 5549 sim
1121 5495 1239 5549 dantur-us
1259 5495 1419 5558 srdicniens,
1442 5503 1550 5548 arritum
1574 5494 1600 5548 ei
1624 5509 1721 5564 pacem
1738 5497 1844 5565 pararit

207 5585 389 5656 ut,inquam,
400 5587 498 5643 carnia
512 5588 567 5642 ἰιιι
582 5595 759 5660 patescere,
779 5585 816 5640 ad
836 5583 1005 5644 instillarem
1046 5584 1211 5638 utaut'erret
1224 5585 1296 5639 bella
1311 5599 1399 5653 usque
1411 5584 1447 5638 ad
1466 5584 1537 5638 lines
1552 5589 1642 5644 terra,
1656 5598 1757 5638 arcum
1775 5599 1839 5638 con-
