3970 6172
140 255 210 315 ttoa
885 235 1030 317 mustea
1704 255 1777 317 auo

136 385 170 436 ut
184 381 326 452 pruritum
332 380 444 436 aunum
451 380 563 448 iaciant,
579 381 733 454 saepissime
743 397 806 438 eam
818 383 935 438 contun-
944 383 1064 444 Avium.
1079 381 1143 436 llaec
1152 381 1339 452 quorumdam
1349 379 1490 435 sententia
1500 383 1545 436 est
1556 381 1623 436 :sed
1634 380 1718 453 objici
1728 399 1777 454 po·

137 471 219 538 dunt,
236 486 470 542 communemque
482 473 596 526 cantum
613 471 731 537 faciunt,
743 472 792 526 uni
811 473 937 527 videlicet
982 475 1039 525 test
1054 469 1186 525 acallido
1201 469 1338 537 auditore,
1355 486 1411 524 non
1426 487 1486 524 esse
1501 476 1649 540 cogentem
1662 487 1778 544 causam
1875 473 1884 484 '

138 560 267 616 melodIae
273 561 513 616 cursumduorum
521 565 652 615 tonorum
660 561 830 617 tribuentes:
843 578 938 633 quem·
978 576 1062 630 quam
1077 560 1111 613 de
1122 558 1275 624 ,semitonio
1289 557 1488 614 subintulimus
1501 578 1508 627 ;
1525 559 1549 614 si
1562 559 1637 614 enIm
1646 560 1778 615 vetustis·

137 649 292 704 admodum
303 649 333 704 iu
343 650 395 704 hac
408 648 548 705 cantilena
572 654 667 721 patet:
701 653 750 704 Ter
773 654 848 705 tarni
871 655 937 704 sunt
978 647 1043 702 simi
1057 647 1157 702 musici
1171 647 1283 711 vellent,
1295 652 1327 702 ut
1336 647 1482 718 dispositio
1496 663 1619 703 vocuma
1628 648 1778 704 semitonio

137 739 224 793 modt'.
240 739 272 793 In
286 738 449 808 hujusmodi
466 739 562 809 itaque
576 738 714 801 cantibus,
730 739 778 810 qui
793 745 852 794 tam
873 740 938 794 laxe
978 738 1124 809 inciperet,
1141 741 1200 791 tam
1214 737 1285 791 bene
1299 737 1368 791 illud
1381 737 1456 791 inter
1469 737 1494 791 Α
1508 743 1537 792 et
1564 737 1587 792 B
1605 738 1777 793 constituere
1827 761 1836 776 ι

137 833 225 899 atqua
239 827 353 882 contuse
367 833 583 898 componuntur,
596 827 718 883 cantoris
729 827 845 883 arbitrio
856 829 939 882 relin-
979 826 1136 897 potuissent
1151 824 1224 879 sicut
1237 825 1311 878 inter
1335 825 1356 879 B
1379 829 1407 879 et
1430 823 1461 879 G.
1483 833 1655 897 quapropter
1674 825 1775 881 melius

137 916 246 988 quitur,
260 917 302 971 uti
317 916 403 971 talem
417 920 532 970 cantum
547 916 573 971 ei
587 923 654 971 tono
669 917 793 988 adaptet,
810 917 856 972 cui
870 933 939 972 can·
979 920 1023 969 est
1040 919 1081 982 ut,
1097 914 1252 968 secundum
1267 913 1389 985 priorem
1416 913 1596 981 sententiam,
1609 915 1736 970 dicamus
1754 915 1779 969 Α

135 1011 185 1060 tus
198 1005 368 1077 principium
381 1005 588 1076 competentius
608 1005 794 1077 responderit.
979 1003 1102 1075 primum
1112 1004 1142 1057 in
1154 1002 1342 1058 monochordo
1365 1003 1496 1056 locatam.
1513 1002 1568 1058 Sed
1591 1007 1659 1058 tunc
1681 1019 1779 1058 rursus

172 1093 252 1148 XIII.
270 1094 359 1163 Super
372 1109 460 1162 preco
477 1099 609 1148 comeum
627 1096 759 1149 vocabule
778 1097 918 1164 expositio.
948 1093 954 1108 ¹
980 1091 1064 1162 objici
1074 1097 1175 1164 potest,
1186 1089 1558 1162 curBroceturprincipalis
1568 1091 1777 1164 principalium,

174 1181 316 1247 Quoniam
323 1183 454 1237 autemin
464 1182 596 1238 continuo
608 1183 757 1238 modorum
763 1187 888 1239 tractatu
896 1189 940 1239 est
980 1197 1044 1235 cum
1057 1181 1151 1252 potius
1165 1182 1190 1234 A
1201 1179 1241 1234 sic
1255 1179 1380 1234 vocanda
1394 1184 1446 1244 est,
1458 1179 1525 1251 quia
1538 1179 1630 1250 prima
1651 1186 1692 1235 est
1711 1197 1779 1251 gra·

136 1271 256 1326 taedium
269 1288 354 1342 super
366 1271 442 1342 ipsas
455 1277 536 1326 notas
549 1287 663 1343 ponere,
680 1272 815 1328 vocabula
830 1289 937 1338 aarum,
979 1269 1065 1325 vium
1082 1269 1124 1323 nd
1138 1267 1213 1341 quod
1226 1268 1354 1331 dicimus,
1372 1267 1439 1340 quia
1456 1269 1478 1322 B
1504 1284 1560 1322 non
1578 1269 1641 1323 ideo
1663 1274 1779 1324 vocatur

137 1375 201 1431 quea
215 1373 233 1412 a
246 1359 351 1413 Grecis
365 1359 535 1421 sortiuntur,
550 1357 732 1431 interpretari
747 1358 834 1414 libeat
848 1379 854 1413 :
868 1375 939 1431 qua·
979 1357 1142 1430 principalis
1155 1356 1362 1428 principalium,
1377 1357 1451 1428 quod
1465 1373 1522 1411 una
1534 1358 1625 1428 prima
1639 1358 1677 1412 sit
1691 1358 1720 1412 in
1731 1374 1778 1413 or·

134 1455 222 1502 tenus
232 1463 274 1514 aa,
287 1447 397 1518 quoties
413 1463 483 1518 opus
498 1447 592 1513 luerit,
607 1465 657 1519 pro
672 1448 741 1519 ipsis
756 1447 832 1503 notis
848 1448 938 1503 intro·
979 1448 1044 1502 dine
1059 1462 1167 1514 aarum,
1180 1445 1229 1500 sed
1241 1445 1315 1516 quod
1329 1445 1421 1517 prima
1439 1445 1514 1500 inter
1527 1445 1695 1518 principales
1708 1447 1779 1501 divi-

136 1536 286 1591 ducamus.
303 1536 411 1590 Horum
421 1535 550 1607 equidem
562 1535 939 1591 vocabulorumnominatio-
980 1553 1042 1590 sum
1053 1551 1153 1590 sonum
1181 1534 1288 1604 gignit:
1315 1534 1436 1588 Aenim
1451 1551 1514 1589 cum
1530 1534 1567 1589 sit
1592 1536 1622 1590 in
1641 1535 1778 1607 principio

136 1641 203 1679 nent
219 1625 250 1678 in
264 1628 387 1679 tractatu
397 1624 490 1695 quarti
500 1624 614 1695 capituli
629 1624 756 1680 fecimus.
773 1624 827 1680 Sed
841 1625 876 1679 de
893 1624 939 1679 his
979 1623 1160 1678 monochordi
1177 1623 1278 1688 locata,
1293 1623 1400 1677 nullam
1415 1623 1476 1678 soni
1491 1624 1683 1679 diversitatem
1699 1625 1777 1679 facit.

137 1719 208 1768 tunc
220 1713 312 1768 dicere
323 1713 494 1780 distulimus,
514 1730 550 1766 ne
573 1713 643 1768 rude
671 1718 700 1768 et
725 1701 1105 1767 inexercitatumBOautem
1122 1716 1237 1767 vocatur
1253 1711 1411 1783 Parhypate
1430 1712 1566 1784 hypaton,
1580 1713 1609 1766 id
1631 1717 1684 1778 est,
1697 1714 1780 1783 juxta

137 1802 203 1857 novi
214 1802 327 1856 lectoris
341 1802 486 1873 ingenium
501 1800 648 1856 subitanea
660 1802 830 1857 obscurItate
842 1803 939 1856 obrue-
979 1800 1161 1872 principalem
1172 1800 1379 1871 principalium,
1396 1801 1463 1872 quia
1472 1806 1515 1855 est
1521 1801 1603 1870 juxta
1613 1800 1671 1856 B.D
1682 1811 1777 1856 autem

138 1906 246 1945 remus.
259 1891 296 1946 Ut
314 1895 418 1957 autem,
442 1907 503 1962 quae
528 1897 686 1960 sequuntur
712 1891 812 1944 melius
838 1891 939 1944 intelli·
979 1889 1083 1945 dicitur
1097 1889 1224 1944 lichanos
1239 1889 1374 1960 hypaton,
1390 1889 1419 1942 id
1434 1895 1485 1955 est,
1503 1890 1628 1961 digitalis
1642 1890 1781 1962 principa·

138 1985 254 2051 ganum
272 1984 382 2051 oportet
396 1995 447 2033 nos
459 1980 494 2033 de
509 1978 695 2033 tetrachordis
708 1985 835 2034 veterum
850 1979 939 2033 musi·
979 1981 1059 2044 lium,
1071 1985 1100 2034 et
1114 1979 1217 2034 dicitur
1231 1978 1363 2049 digitalis,
1381 1979 1460 2049 quasi
1475 1978 1634 2037 discretiva.
1651 1977 1717 2050 quia
1730 1979 1779 2033 di·

139 2085 238 2123 corum
253 2068 358 2140 aliquid
373 2069 551 2126 interserere.
567 2067 682 2138 Antiqui
695 2067 939 2138 siquidemmusici
980 2066 1093 2128 scernit,
1108 2067 1136 2121 id
1151 2071 1202 2131 est,
1219 2072 1349 2137 segregat
1364 2065 1532 2138 principales
1547 2067 1684 2120 amediis'.
1698 2067 1719 2121 E
1733 2082 1778 2121 vo·

140 2162 264 2228 quatuor
277 2157 455 2211 tetrachorda
468 2156 496 2210 ln
512 2157 702 2211 monochordo
722 2156 934 2226 disposuerunt.
979 2161 1060 2210 catur
1073 2156 1177 2241 hypate
1193 2171 1298 2221 meson,
1309 2154 1338 2208 id
1350 2160 1402 2218 est,
1414 2155 1496 2224 juxta
1519 2154 1702 2226 prinpralem
1716 2171 1778 2210 me-

139 2246 269 2300 Primum
281 2245 377 2319 luitah
391 2246 425 2300 A.
441 2262 530 2317 usque
546 2244 581 2299 ad
596 2245 669 2300 D.et
682 2245 735 2298 hoc
752 2243 938 2299 vocabantte-
979 2243 1101 2298 diarum.
1128 2242 1298 2298 Glichanos
1319 2259 1426 2309 meson,
1444 2243 1473 2296 id
1502 2247 1557 2308 est,
1579 2243 1702 2315 digitulis
1722 2233 1781 2298 me·

139 2334 323 2390 trachordum
332 2335 575 2406 principalium,eo
586 2334 722 2404 quodillae
736 2339 808 2388 notae
820 2334 850 2388 in
865 2334 939 2404 prin·
980 2331 1099 2387 diarum.
1119 2329 1157 2386 Et
1171 2332 1222 2386 hoc
1232 2348 1335 2386 nomen
1346 2332 1409 2387 ideo
1419 2331 1513 2398 habet,
1525 2332 1591 2402 quia
1604 2332 1665 2404 ipsa
1679 2348 1737 2386 una
1746 2346 1780 2386 ex

140 2425 214 2496 cipio
226 2425 324 2478 locate
337 2429 431 2478 essent
446 2441 452 2476 :
468 2423 620 2477 secundum
632 2422 666 2476 ab
687 2423 717 2486 E,
735 2439 824 2494 usque
849 2422 885 2476 ad
911 2440 937 2489 a,
980 2421 1080 2476 mediis
1094 2421 1228 2475 discernit
1241 2421 1375 2493 capitales
1390 2426 1471 2475 notas
1486 2420 1778 2493 aminutis.Sequitur

140 2519 170 2568 et
185 2513 239 2566 hoc
253 2511 434 2584 appellabant
448 2511 614 2578 mediarum,
623 2511 695 2583 quod
708 2527 810 2582 pereas
819 2511 935 2576 medias,
979 2527 997 2564 o
1009 2527 1070 2581 quae
1084 2517 1198 2564 vocatur
1212 2526 1299 2574 mese,
1315 2509 1343 2564 id
1357 2515 1401 2564 est
1414 2509 1517 2574 media,
1533 2510 1641 2565 scilicet
1665 2511 1741 2565 inter
1753 2510 1779 2565 A

139 2601 168 2655 id
184 2607 228 2656 cst
240 2600 426 2664 mediatrices,
445 2605 543 2656 cantus
558 2600 716 2671 agraribus
726 2599 761 2654 ad
769 2605 866 2655 acutas
877 2617 940 2672 pro-
980 2600 1139 2671 capitalem,
1153 2605 1181 2654 et
1195 2593 1390 2676 {duplicatam
1402 2619 1408 2668 3
1421 2599 1499 2654 nulla
1511 2598 1616 2654 etenim
1628 2606 1694 2655 nota
1704 2599 1780 2672 apud

139 2689 338 2761 graderentur,
353 2695 382 2744 et
396 2690 622 2760 regrederentur.
635 2689 761 2743 Tertium
783 2705 800 2742 a
826 2687 839 2760 b
869 2705 940 2761 qua·
979 2687 1147 2742 vetustiores
1162 2693 1206 2742 ter
1219 2689 1367 2759 repetitur,
1384 2687 1440 2742 nisi
1455 2687 1517 2742 ista.
1535 2687 1710 2752 Quadratum
1726 2705 1779 2742 au-

140 2774 360 2850 dratousquead
374 2795 398 2844 a,
409 2779 499 2833 ethoc
512 2777 644 2833 dicebant
658 2777 941 2848 disjunctarum,quia
980 2780 1038 2829 tem
1053 2777 1066 2845 b
1081 2781 1261 2846 nuncupatur
1278 2791 1433 2846 paramese,
1451 2775 1479 2828 id
1494 2781 1546 2840 est,
1553 2775 1635 2845 juxta
1645 2775 1777 2842 mediam,

141 2866 446 2938 easaprecedentibus
460 2867 623 2936 disjunctas,
637 2866 666 2920 id
696 2873 748 2931 est,
778 2866 939 2921 differentes
980 2864 1123 2918 sciliceta.
1142 2863 1247 2918 Deinde
1261 2863 1347 2935 c,qui
1361 2863 1777 2934 vocaturtritediezeugmenon,

139 2956 284 3021 videbant,
301 2955 370 3010 etin
386 2955 486 3026 ligura,
503 2960 531 3009 et
542 2955 571 3010 in
582 2954 643 3009 soni
657 2954 939 3019 acutione.Quartum
980 2952 1075 3018 idest,
1090 2953 1175 3006 tertia
1188 2953 1403 3023 disiunctarum,
1420 2952 1494 3024 quod
1509 2968 1611 3007 nomen
1626 2952 1713 3007 habet
1726 2969 1777 3024 per

139 3044 196 3098 t'uit
210 3061 228 3098 a
243 3044 415 3115 praemissae
433 3061 523 3115 usque
534 3037 548 3122 ζ
561 3044 746 3115 duplicatum.
761 3047 789 3098 et
808 3043 860 3098 hoc
887 3022 969 3099 no·C
980 3047 1182 3113 praeposterum
1198 3041 1325 3097 ordinem
1340 3042 1591 3097 numerandicum
1603 3042 1679 3096 enim
1689 3049 1779 3114 postc

142 3133 294 3188 mInabant
308 3133 512 3208 excelleptium,
529 3132 662 3203 quoniam
677 3149 725 3186 eas
739 3132 767 3186 in
781 3132 842 3187 soni
852 3133 941 3202 graci·
981 3131 1018 3184 sit
1032 3131 1059 3196 d,
1076 3137 1104 3185 et
1117 3131 1207 3202 postd
1222 3131 1259 3184 sit
1273 3147 1304 3199 e;
1318 3131 1341 3185 si
1357 3131 1432 3186 dicas
1447 3148 1463 3185 e
1484 3131 1616 3202 primam,
1633 3131 1652 3185 d
1677 3148 1779 3188 secun·

141 3221 224 3275 litate
239 3220 369 3275 omnibus
383 3221 446 3274 aliis
456 3219 588 3274 videbant
602 3220 744 3275 excellere.
982 3219 1057 3286 dam,
1075 3236 1090 3273 e
1105 3219 1159 3274 erit
1173 3220 1271 3286 tertia;
1285 3220 1359 3291 quod
1371 3228 1466 3275 autem
1481 3220 1601 3274 dicimus
1613 3219 1698 3274 tertia
1725 3220 1781 3276 dis·

178 3309 457 3380 ltaque,secundun1
473 3309 545 3376 illos,
562 3309 609 3380 qui
634 3325 684 3363 noc
709 3309 730 3363 Γ
758 3309 940 3378 admiserant,
980 3311 1154 3379 junctarum,
1168 3315 1280 3363 tantum
1304 3309 1377 3363 valet
1402 3325 1435 3363 ac
1459 3309 1482 3363 si
1503 3309 1669 3376 diceremus,
1680 3311 1780 3366 unade

143 3413 196 3453 nec
210 3397 275 3452 illas
289 3403 347 3452 tres
359 3403 449 3464 notas,
466 3413 535 3468 quas
550 3403 614 3468 post
628 3397 650 3452 Γ
664 3397 838 3468 duplicatum
860 3398 941 3470 poni·
983 3398 1083 3464 tribus,
1101 3414 1163 3468 quae
1178 3397 1312 3453 dicuntur
1326 3397 1481 3468 disjunctae.
1497 3398 1564 3453 Post
1574 3399 1648 3454 hanc
1661 3399 1736 3454 enlm
1751 3397 1780 3466 d,

143 3503 219 3553 mus,
232 3486 366 3542 vocabula
376 3485 439 3552 ista,
452 3502 513 3557 quae
526 3485 739 3557 interpretaturi
752 3503 859 3550 sumus,
877 3504 941 3541 mu·
984 3503 1045 3557 quae
1064 3486 1165 3540 dicitur
1180 3490 1315 3558 paranete
1332 3487 1562 3558 diezeugmenon,
1578 3487 1606 3542 id
1630 3493 1684 3557 est,
1700 3488 1782 3558 juxta

142 3577 210 3631 sicis
219 3575 333 3630 vocibus
361 3575 494 3645 imposita
519 3581 594 3629 sunt.
607 3575 701 3629 Prima
725 3591 791 3646 ergo
816 3578 841 3630 Α
868 3576 943 3646 apud
983 3575 1114 3629 ultImam
1125 3575 1339 3645 disjunctarum,
1357 3575 1425 3646 quia
1436 3583 1479 3630 est
1490 3576 1571 3646 juxta
1585 3592 1610 3640 e,
1625 3593 1687 3648 quae
1699 3592 1781 3632 voca-

142 3665 256 3720 Graecos
270 3665 392 3718 musicos
406 3667 520 3717 vocatur
534 3663 838 3734 proslambanomenos,
857 3670 889 3719 ut
899 3682 943 3718 ac·
984 3669 1031 3718 tur
1046 3669 1110 3718 nete
1125 3663 1363 3736 diezeugmenon:
1380 3665 1583 3736 iuterpretatur
1603 3673 1697 3721 autem
1718 3669 1783 3722 nete

142 3753 251 3825 quisita
264 3755 321 3806 sire
336 3757 490 3822 assumpta,
508 3751 640 3822 quoniam
651 3767 668 3804 a
681 3752 875 3822 grammatica,
892 3770 942 3825 pro
984 3752 1084 3807 ultIma
1094 3752 1313 3823 diezeugmenon
1324 3753 1703 3826 disjunctarumsequiturf,
1716 3754 1783 3810 trite

141 3859 199 3914 qua
212 3841 336 3912 primum
346 3845 520 3911 repertaest,
536 3840 572 3893 ad
588 3856 658 3910 opus
674 3841 786 3896 musicae
799 3847 943 3913 assumpta
984 3840 1184 3912 hyperboleon,
1200 3841 1284 3896 idest
1302 3842 1615 3910 tertiaercellentium3
1645 3860 1700 3914 quo
1730 3861 1783 3898 no-

140 3939 187 3986 est
202 3950 209 3985 :
225 3931 269 3984 vel
283 3935 359 3984 certe
369 3929 431 3982 ideo
445 3927 582 4000 acquisita
592 3934 714 3996 vocatur,
731 3931 798 4000 quia
811 3931 944 3984 vetustis·
984 3925 1060 3983 mine
1072 3929 1147 3983 idem
1158 3929 1335 3984 sentiendum
1351 3935 1403 3996 est,
1420 3929 1494 4000 quod
1507 3931 1543 3984 da
1557 3931 1784 3987 cdirImusPost

139 4019 209 4074 simi
224 4017 325 4073 musici
348 4033 410 4071 eam
435 4017 558 4094 pritnum
583 4033 640 4070 non
660 4017 811 4088 ponebant.
838 4019 943 4074 Secun-
984 4019 999 4072 f
1004 4019 1097 4072 locata
1110 4022 1154 4072 est
1166 4034 1194 4087 g,
1214 4034 1275 4088 quae
1301 4017 1403 4072 dicitur
1421 4023 1556 4089 paranete
1578 4018 1780 4090 hyperboleon,

138 4109 212 4164 dum
228 4108 259 4172 B,
270 4111 304 4161 ut
318 4105 445 4160 videlicet
458 4121 555 4160 vocum
570 4104 717 4176 dispositio
733 4123 750 4160 a
765 4107 882 4162 minimo
897 4107 943 4161 in·
983 4107 1012 4162 id
1026 4107 1158 4176 est,jurta
1173 4107 1303 4160 ultimam
1318 4105 1513 4161 excellentium
1525 4125 1532 4174 ;
1544 4106 1611 4177 quia
1620 4101 1782 4193 estjuntaff¹

136 4196 261 4251 terrallo
271 4194 315 4248 vel
324 4194 557 4264 semitonio‚quod
569 4194 694 4248 estinter
703 4195 944 4263 BetC,exordium
985 4213 1046 4267 qua
1056 4201 1172 4250 vocatur
1181 4200 1245 4249 nete
1260 4194 1461 4266 hyperboleon,
1476 4194 1505 4249 id
1520 4200 1563 4249 est
1576 4189 1677 4250 ultima
1692 4197 1783 4250 excel·

137 4285 264 4340 haberet
274 4302 280 4338 :
292 4283 367 4338 unde
379 4282 476 4354 etipsa
486 4283 507 4337 B
518 4287 635 4337 vocatur
648 4283 752 4355 hypate
769 4285 904 4356 hypaton,
915 4285 944 4340 id
985 4285 1115 4340 lentium.
1132 4285 1169 4339 Ut
1182 4285 1277 4338 autem
1294 4283 1486 4338 manifestiora
1500 4283 1565 4350 sint,
1579 4300 1640 4355 quea
1650 4283 1781 4352 diximus,

137 4379 197 4438 est,
214 4371 377 4445 principalis
390 4371 597 4443 principalium,
614 4371 679 4443 quia
707 4371 843 4428 nimirum
870 4374 945 4446 apud
986 4378 1111 4428 veterum
1123 4373 1294 4428 musicorum
1309 4373 1487 4428 tetrachorda
1500 4388 1564 4428 cum
1577 4372 1718 4429 vocabulis
1732 4390 1783 4430 su·
1881 4403 1897 4424 .

136 4460 357 4534 antiquissimos
371 4460 463 4531 prima
474 4460 529 4514 fuit
542 4460 751 4532 prinpralium,
767 4461 796 4515 id
811 4467 863 4528 est,
879 4479 944 4534 gra·
985 4462 1149 4535 prascriptis
1162 4460 1344 4533 subjecimus.

224 4613 366 4669 Proslam·
429 4613 540 4683 Hypata
608 4614 749 4683 Parypate
800 4613 939 4669 Lichanoa
1004 4589 1732 4686 HWM

230 4682 366 4738 bameuos
423 4682 549 4754 hypaton
615 4685 743 4756 hypaton
808 4685 934 4756 hypaton
1013 4700 1112 4740 meson
1206 4701 1305 4740 meson
1402 4701 1499 4742 meson

276 4968 311 5021 A.
471 4967 503 5021 Β.
605 4965 693 5023 ’0.
855 4968 888 5023 D.
1047 4967 1078 5022 Ε.
1236 4967 1266 5023 F.
1434 4969 1468 5025 G.
1637 4989 1654 5026 a

367 5063 780 5121 Gra--res
1174 5066 1571 5123 me--di-ae.

227 5166 364 5220 Parame-
449 5163 527 5218 Trite
613 5164 752 5219 Paranete
804 5166 874 5219 Nete
889 5165 945 5219 die·
1027 5166 1104 5220 Trite
1193 5165 1332 5220 Paranete
1417 5165 1489 5219 Neta

241 5251 272 5292 sa
425 5234 556 5306 diezeug-
616 5234 749 5306 diezeug-
804 5251 934 5306 zeugma-
995 5235 1139 5308 hyperbo-
1189 5235 1330 5308 hyperbo-
1399 5235 1503 5306 hyper-

433 5321 546 5362 menon.
626 5323 738 5362 menon.
805 5323 871 5364 non.
996 5307 1070 5363 leon.
1189 5307 1264 5366 leon.
1399 5304 1510 5362 boleon.

283 5522 306 5588 b.
477 5535 502 5574 c.
671 5519 698 5574 d.
866 5534 890 5574 a.
1057 5520 1077 5572 l.
1248 5537 1277 5591 g,
1440 5487 1468 5571 a:

347 5618 419 5674 dis
452 5647 467 5663 ·
499 5620 577 5675 iun
610 5648 624 5660 -
655 5649 670 5661 -
703 5627 803 5674 cte.
1097 5619 1421 5674 excellentes.
