<?xml version="1.0" encoding="UTF-8"?>
<!DOCTYPE html PUBLIC "-//W3C//DTD XHTML 1.0 Transitional//EN"
    "http://www.w3.org/TR/xhtml1/DTD/xhtml1-transitional.dtd">
<html xmlns="http://www.w3.org/1999/xhtml" xml:lang="en" lang="en">
 <head>
  <title>
</title>
<meta http-equiv="Content-Type" content="text/html;charset=utf-8" />
  <meta name='ocr-system' content='tesseract 3.04.00' />
  <meta name='ocr-capabilities' content='ocr_page ocr_carea ocr_par ocr_line ocrx_word'/>
</head>
<body>
  <div class='ocr_page' id='page_1' title='image "./patrologiaecurs92unkngoog/patrologiaecurs92unkngoog_0534.png"; bbox 0 0 3872 6162; ppageno 0'>
   <div class='ocr_carea' id='block_1_1' title="bbox 73 250 1696 335">
    <p class='ocr_par' dir='ltr' id='par_1_1' title="bbox 73 250 1696 335">
     <span class='ocr_line' id='line_1_1' title="bbox 73 250 1696 335; baseline 0.006 -10"><span class='ocrx_word' id='word_1_1' title='bbox 73 269 132 325; x_wconf 79' lang='lat' dir='ltr'><strong>mm</strong></span> <span class='ocrx_word' id='word_1_2' title='bbox 575 263 786 322; x_wconf 83' lang='lat' dir='ltr'><strong>cousrrror.</strong></span> <span class='ocrx_word' id='word_1_3' title='bbox 807 250 977 324; x_wconf 81' lang='lat' dir='ltr'><strong>arasauc.</strong></span> <span class='ocrx_word' id='word_1_4' title='bbox 998 297 1034 311; x_wconf 91' lang='lat'>-</span> <span class='ocrx_word' id='word_1_5' title='bbox 1053 270 1121 325; x_wconf 83' lang='lat' dir='ltr'><strong>ma.</strong></span> <span class='ocrx_word' id='word_1_6' title='bbox 1142 270 1179 328; x_wconf 92' lang='lat'><strong>11.</strong></span> <span class='ocrx_word' id='word_1_7' title='bbox 1625 275 1696 335; x_wconf 82' lang='lat' dir='ltr'><strong>ross</strong></span> 
     </span>
    </p>
   </div>
   <div class='ocr_carea' id='block_1_2' title="bbox 70 388 1742 3938">
    <p class='ocr_par' dir='ltr' id='par_1_2' title="bbox 70 388 1742 3938">
     <span class='ocr_line' id='line_1_2' title="bbox 72 388 1701 470; baseline 0.004 -21"><span class='ocrx_word' id='word_1_8' title='bbox 72 395 118 459; x_wconf 87' lang='lat' dir='ltr'><strong>his,</strong></span> <span class='ocrx_word' id='word_1_9' title='bbox 133 407 194 464; x_wconf 79' lang='lat' dir='ltr'><strong>qua</strong></span> <span class='ocrx_word' id='word_1_10' title='bbox 206 405 300 448; x_wconf 89' lang='lat' dir='ltr'><strong>secum</strong></span> <span class='ocrx_word' id='word_1_11' title='bbox 314 388 422 458; x_wconf 87' lang='lat' dir='ltr'><strong>attulit,</strong></span> <span class='ocrx_word' id='word_1_12' title='bbox 437 389 560 462; x_wconf 87' lang='lat' dir='ltr'><strong>exceptis</strong></span> <span class='ocrx_word' id='word_1_13' title='bbox 578 390 702 446; x_wconf 83' lang='lat' dir='ltr'><strong>restibus</strong></span> <span class='ocrx_word' id='word_1_14' title='bbox 721 390 790 457; x_wconf 85' lang='lat' dir='ltr'><strong>suis,</strong></span> <span class='ocrx_word' id='word_1_15' title='bbox 809 391 857 446; x_wconf 89' lang='lat' dir='ltr'><strong>sed</strong></span> <span class='ocrx_word' id='word_1_16' title='bbox 869 392 996 452; x_wconf 84' lang='lat' dir='ltr'><strong>Anullus</strong></span> <span class='ocrx_word' id='word_1_17' title='bbox 1014 394 1039 449; x_wconf 90' lang='lat' dir='ltr'><strong>ei</strong></span> <span class='ocrx_word' id='word_1_18' title='bbox 1054 394 1164 449; x_wconf 83' lang='lat' dir='ltr'><strong>obviam</strong></span> <span class='ocrx_word' id='word_1_19' title='bbox 1179 395 1220 450; x_wconf 88' lang='lat' dir='ltr'><strong>ire</strong></span> <span class='ocrx_word' id='word_1_20' title='bbox 1234 395 1387 467; x_wconf 74' lang='lat' dir='ltr'><strong>praesumit.</strong></span> <span class='ocrx_word' id='word_1_21' title='bbox 1396 395 1600 470; x_wconf 81' lang='lat' dir='ltr'><strong>Adcapitulum</strong></span> <span class='ocrx_word' id='word_1_22' title='bbox 1611 401 1701 456; x_wconf 87' lang='lat' dir='ltr'><strong>omni-</strong></span> 
     </span>
     <span class='ocr_line' id='line_1_3' title="bbox 72 479 1699 556; baseline 0.005 -19"><span class='ocrx_word' id='word_1_23' title='bbox 72 483 169 556; x_wconf 84' lang='lat' dir='ltr'><strong>pariter</strong></span> <span class='ocrx_word' id='word_1_24' title='bbox 194 497 257 536; x_wconf 88' lang='lat' dir='ltr'><strong>cum</strong></span> <span class='ocrx_word' id='word_1_25' title='bbox 286 495 367 550; x_wconf 89' lang='lat' dir='ltr'><strong>equo,</strong></span> <span class='ocrx_word' id='word_1_26' title='bbox 390 495 475 550; x_wconf 91' lang='lat' dir='ltr'><strong>quem</strong></span> <span class='ocrx_word' id='word_1_27' title='bbox 497 479 586 547; x_wconf 87' lang='lat' dir='ltr'><strong>sedet,</strong></span> <span class='ocrx_word' id='word_1_28' title='bbox 610 479 803 548; x_wconf 86' lang='lat' dir='ltr'><strong>remittuntur,</strong></span> <span class='ocrx_word' id='word_1_29' title='bbox 831 488 860 535; x_wconf 88' lang='lat' dir='ltr'><strong>et</strong></span> <span class='ocrx_word' id='word_1_30' title='bbox 900 483 993 549; x_wconf 91' lang='lat' dir='ltr'><strong>moda,</strong></span> <span class='ocrx_word' id='word_1_31' title='bbox 1008 489 1092 555; x_wconf 91' lang='lat' dir='ltr'><strong>prout</strong></span> <span class='ocrx_word' id='word_1_32' title='bbox 1107 484 1224 556; x_wconf 76' lang='lat' dir='ltr'><strong>dignum</strong></span> <span class='ocrx_word' id='word_1_33' title='bbox 1238 485 1466 552; x_wconf 87' lang='lat' dir='ltr'><strong>est,reverentia,</strong></span> <span class='ocrx_word' id='word_1_34' title='bbox 1483 486 1510 542; x_wconf 88' lang='lat' dir='ltr'><strong>ci</strong></span> <span class='ocrx_word' id='word_1_35' title='bbox 1522 487 1556 541; x_wconf 91' lang='lat' dir='ltr'><strong>ab</strong></span> <span class='ocrx_word' id='word_1_36' title='bbox 1570 488 1699 546; x_wconf 91' lang='lat' dir='ltr'><strong>omnibus</strong></span> 
     </span>
     <span class='ocr_line' id='line_1_4' title="bbox 72 569 1697 645; baseline 0.004 -18"><span class='ocrx_word' id='word_1_37' title='bbox 72 579 158 644; x_wconf 91' lang='lat' dir='ltr'><strong>postea</strong></span> <span class='ocrx_word' id='word_1_38' title='bbox 171 571 323 626; x_wconf 77' lang='lat' dir='ltr'><strong>successori</strong></span> <span class='ocrx_word' id='word_1_39' title='bbox 335 585 386 623; x_wconf 92' lang='lat' dir='ltr'><strong>suo</strong></span> <span class='ocrx_word' id='word_1_40' title='bbox 400 569 573 624; x_wconf 81' lang='lat' dir='ltr'><strong>tribuuntur.</strong></span> <span class='ocrx_word' id='word_1_41' title='bbox 899 569 1082 642; x_wconf 78' lang='lat' dir='ltr'><strong>impenditur,</strong></span> <span class='ocrx_word' id='word_1_42' title='bbox 1099 579 1127 629; x_wconf 90' lang='lat' dir='ltr'><strong>et</strong></span> <span class='ocrx_word' id='word_1_43' title='bbox 1146 579 1242 628; x_wconf 90' lang='lat' dir='ltr'><strong>tamen</strong></span> <span class='ocrx_word' id='word_1_44' title='bbox 1257 579 1335 629; x_wconf 85' lang='lat' dir='ltr'><strong>cavet</strong></span> <span class='ocrx_word' id='word_1_45' title='bbox 1348 591 1378 629; x_wconf 90' lang='lat' dir='ltr'><strong>se</strong></span> <span class='ocrx_word' id='word_1_46' title='bbox 1392 575 1427 629; x_wconf 90' lang='lat' dir='ltr'><strong>de</strong></span> <span class='ocrx_word' id='word_1_47' title='bbox 1440 575 1484 631; x_wconf 88' lang='lat' dir='ltr'><strong>his</strong></span> <span class='ocrx_word' id='word_1_48' title='bbox 1498 576 1697 645; x_wconf 78' lang='lat' dir='ltr'><strong>intromittere,</strong></span> 
     </span>
     <span class='ocr_line' id='line_1_5' title="bbox 100 657 1742 736; baseline 0.004 -21"><span class='ocrx_word' id='word_1_49' title='bbox 100 660 213 732; x_wconf 67' lang='lat' dir='ltr'><strong>(calab</strong></span> <span class='ocrx_word' id='word_1_50' title='bbox 223 657 860 729; x_wconf 76' lang='lat' dir='ltr'><strong>boraautemordinationissuac,priornoviter</strong></span> <span class='ocrx_word' id='word_1_51' title='bbox 900 675 962 728; x_wconf 72' lang='lat' dir='ltr'><strong>quar</strong></span> <span class='ocrx_word' id='word_1_52' title='bbox 977 661 1013 715; x_wconf 92' lang='lat' dir='ltr'><strong>ad</strong></span> <span class='ocrx_word' id='word_1_53' title='bbox 1025 661 1135 716; x_wconf 88' lang='lat' dir='ltr'><strong>abbatis</strong></span> <span class='ocrx_word' id='word_1_54' title='bbox 1149 661 1288 734; x_wconf 90' lang='lat' dir='ltr'><strong>judicium</strong></span> <span class='ocrx_word' id='word_1_55' title='bbox 1300 663 1377 718; x_wconf 85' lang='lat' dir='ltr'><strong>novit</strong></span> <span class='ocrx_word' id='word_1_56' title='bbox 1391 665 1539 736; x_wconf 82' lang='lat' dir='ltr'>respicere,</span> <span class='ocrx_word' id='word_1_57' title='bbox 1564 665 1699 724; x_wconf 89' lang='lat' dir='ltr'><strong>sollicitus</strong></span> <span class='ocrx_word' id='word_1_58' title='bbox 1731 681 1742 702; x_wconf 75' lang='lat'>²</span> 
     </span>
     <span class='ocr_line' id='line_1_6' title="bbox 73 746 1700 826; baseline 0.004 -22"><span class='ocrx_word' id='word_1_59' title='bbox 73 750 167 804; x_wconf 87' lang='lat' dir='ltr'><strong>electus</strong></span> <span class='ocrx_word' id='word_1_60' title='bbox 180 754 243 820; x_wconf 87' lang='lat' dir='ltr'><strong>post</strong></span> <span class='ocrx_word' id='word_1_61' title='bbox 254 748 389 803; x_wconf 91' lang='lat' dir='ltr'><strong>domnum</strong></span> <span class='ocrx_word' id='word_1_62' title='bbox 405 747 535 802; x_wconf 75' lang='lat' dir='ltr'><strong>abbatem</strong></span> <span class='ocrx_word' id='word_1_63' title='bbox 551 747 586 802; x_wconf 90' lang='lat' dir='ltr'><strong>de</strong></span> <span class='ocrx_word' id='word_1_64' title='bbox 596 748 726 802; x_wconf 88' lang='lat' dir='ltr'><strong>omnibus</strong></span> <span class='ocrx_word' id='word_1_65' title='bbox 736 746 820 802; x_wconf 88' lang='lat' dir='ltr'><strong>rebus</strong></span> <span class='ocrx_word' id='word_1_66' title='bbox 832 751 862 801; x_wconf 90' lang='lat' dir='ltr'><strong>et</strong></span> <span class='ocrx_word' id='word_1_67' title='bbox 902 747 940 802; x_wconf 92' lang='lat' dir='ltr'><strong>ibi</strong></span> <span class='ocrx_word' id='word_1_68' title='bbox 955 755 984 804; x_wconf 90' lang='lat' dir='ltr'><strong>et</strong></span> <span class='ocrx_word' id='word_1_69' title='bbox 997 750 1102 822; x_wconf 89' lang='lat' dir='ltr'><strong>ubique</strong></span> <span class='ocrx_word' id='word_1_70' title='bbox 1116 752 1151 807; x_wconf 89' lang='lat' dir='ltr'><strong>ad</strong></span> <span class='ocrx_word' id='word_1_71' title='bbox 1166 768 1196 806; x_wconf 91' lang='lat' dir='ltr'><strong>se</strong></span> <span class='ocrx_word' id='word_1_72' title='bbox 1215 753 1387 824; x_wconf 80' lang='lat' dir='ltr'><strong>pertinentia</strong></span> <span class='ocrx_word' id='word_1_73' title='bbox 1397 754 1442 824; x_wconf 92' lang='lat' dir='ltr'><strong>pie</strong></span> <span class='ocrx_word' id='word_1_74' title='bbox 1454 753 1629 826; x_wconf 82' lang='lat' dir='ltr'><strong>discreteque</strong></span> <span class='ocrx_word' id='word_1_75' title='bbox 1643 760 1700 811; x_wconf 90' lang='lat' dir='ltr'><strong>tra-</strong></span> 
     </span>
     <span class='ocr_line' id='line_1_7' title="bbox 72 835 1699 916; baseline 0.006 -24"><span class='ocrx_word' id='word_1_76' title='bbox 72 839 232 909; x_wconf 76' lang='lat' dir='ltr'><strong>eausis,quae</strong></span> <span class='ocrx_word' id='word_1_77' title='bbox 245 837 281 892; x_wconf 89' lang='lat' dir='ltr'><strong>ad</strong></span> <span class='ocrx_word' id='word_1_78' title='bbox 294 837 498 893; x_wconf 83' lang='lat' dir='ltr'><strong>monasterium</strong></span> <span class='ocrx_word' id='word_1_79' title='bbox 505 836 657 908; x_wconf 83' lang='lat' dir='ltr'><strong>pertinent,</strong></span> <span class='ocrx_word' id='word_1_80' title='bbox 672 854 702 892; x_wconf 88' lang='lat' dir='ltr'><strong>se</strong></span> <span class='ocrx_word' id='word_1_81' title='bbox 717 835 861 891; x_wconf 86' lang='lat' dir='ltr'><strong>intromit-</strong></span> <span class='ocrx_word' id='word_1_82' title='bbox 902 844 987 893; x_wconf 90' lang='lat' dir='ltr'><strong>ctare.</strong></span> <span class='ocrx_word' id='word_1_83' title='bbox 1005 839 1113 895; x_wconf 87' lang='lat' dir='ltr'><strong>Leviori</strong></span> <span class='ocrx_word' id='word_1_84' title='bbox 1132 841 1221 912; x_wconf 83' lang='lat' dir='ltr'><strong>culpae</strong></span> <span class='ocrx_word' id='word_1_85' title='bbox 1236 841 1359 912; x_wconf 83' lang='lat' dir='ltr'><strong>aliquem</strong></span> <span class='ocrx_word' id='word_1_86' title='bbox 1375 859 1391 896; x_wconf 89' lang='lat' dir='ltr'><strong>a</strong></span> <span class='ocrx_word' id='word_1_87' title='bbox 1405 843 1496 914; x_wconf 89' lang='lat' dir='ltr'><strong>seipso</strong></span> <span class='ocrx_word' id='word_1_88' title='bbox 1517 843 1699 916; x_wconf 85' lang='lat' dir='ltr'><strong>subjugatum</strong></span> 
     </span>
     <span class='ocr_line' id='line_1_8' title="bbox 72 922 1697 1004; baseline 0.007 -24"><span class='ocrx_word' id='word_1_89' title='bbox 72 926 109 992; x_wconf 80' lang='lat' dir='ltr'><strong>tit,</strong></span> <span class='ocrx_word' id='word_1_90' title='bbox 123 926 175 980; x_wconf 88' lang='lat' dir='ltr'><strong>nisi</strong></span> <span class='ocrx_word' id='word_1_91' title='bbox 194 926 229 981; x_wconf 92' lang='lat' dir='ltr'><strong>de</strong></span> <span class='ocrx_word' id='word_1_92' title='bbox 248 926 381 982; x_wconf 88' lang='lat' dir='ltr'><strong>thesauro</strong></span> <span class='ocrx_word' id='word_1_93' title='bbox 401 924 523 980; x_wconf 81' lang='lat' dir='ltr'><strong>ecclesiae</strong></span> <span class='ocrx_word' id='word_1_94' title='bbox 538 931 566 979; x_wconf 87' lang='lat' dir='ltr'><strong>et</strong></span> <span class='ocrx_word' id='word_1_95' title='bbox 581 925 616 979; x_wconf 93' lang='lat' dir='ltr'><strong>de</strong></span> <span class='ocrx_word' id='word_1_96' title='bbox 630 925 754 980; x_wconf 88' lang='lat' dir='ltr'><strong>armaria</strong></span> <span class='ocrx_word' id='word_1_97' title='bbox 774 922 857 998; x_wconf 61' lang='lat' dir='ltr'><strong>(tlt),</strong></span> <span class='ocrx_word' id='word_1_98' title='bbox 901 933 964 998; x_wconf 86' lang='lat' dir='ltr'><strong>post</strong></span> <span class='ocrx_word' id='word_1_99' title='bbox 977 928 1087 984; x_wconf 89' lang='lat' dir='ltr'><strong>abbatis</strong></span> <span class='ocrx_word' id='word_1_100' title='bbox 1098 929 1219 985; x_wconf 91' lang='lat' dir='ltr'><strong>reditum</strong></span> <span class='ocrx_word' id='word_1_101' title='bbox 1234 929 1295 985; x_wconf 86' lang='lat' dir='ltr'><strong>sine</strong></span> <span class='ocrx_word' id='word_1_102' title='bbox 1309 931 1386 986; x_wconf 89' lang='lat' dir='ltr'><strong>illius</strong></span> <span class='ocrx_word' id='word_1_103' title='bbox 1398 937 1534 1004; x_wconf 82' lang='lat' dir='ltr'><strong>praecepto</strong></span> <span class='ocrx_word' id='word_1_104' title='bbox 1545 935 1697 990; x_wconf 84' lang='lat' dir='ltr'><strong>nonsolrit.</strong></span> 
     </span>
     <span class='ocr_line' id='line_1_9' title="bbox 72 1015 1699 1094; baseline 0.006 -25"><span class='ocrx_word' id='word_1_105' title='bbox 72 1031 125 1086; x_wconf 73' lang='lat' dir='ltr'><strong>quas</strong></span> <span class='ocrx_word' id='word_1_106' title='bbox 145 1016 173 1070; x_wconf 92' lang='lat' dir='ltr'><strong>in</strong></span> <span class='ocrx_word' id='word_1_107' title='bbox 195 1021 335 1087; x_wconf 80' lang='lat' dir='ltr'><strong>potestate</strong></span> <span class='ocrx_word' id='word_1_108' title='bbox 353 1015 462 1070; x_wconf 89' lang='lat' dir='ltr'><strong>abbatis</strong></span> <span class='ocrx_word' id='word_1_109' title='bbox 484 1016 724 1071; x_wconf 80' lang='lat' dir='ltr'><strong>consistunt&#39;1n</strong></span> <span class='ocrx_word' id='word_1_110' title='bbox 743 1016 859 1072; x_wconf 89' lang='lat' dir='ltr'><strong>sinistro</strong></span> <span class='ocrx_word' id='word_1_111' title='bbox 901 1017 971 1071; x_wconf 85' lang='lat' dir='ltr'><strong>Cum</strong></span> <span class='ocrx_word' id='word_1_112' title='bbox 987 1017 1197 1074; x_wconf 84' lang='lat' dir='ltr'><strong>obedientiariis</strong></span> <span class='ocrx_word' id='word_1_113' title='bbox 1210 1019 1326 1074; x_wconf 86' lang='lat' dir='ltr'><strong>velaliis</strong></span> <span class='ocrx_word' id='word_1_114' title='bbox 1339 1019 1472 1075; x_wconf 90' lang='lat' dir='ltr'><strong>tratribus</strong></span> <span class='ocrx_word' id='word_1_115' title='bbox 1483 1020 1552 1076; x_wconf 90' lang='lat' dir='ltr'><strong>alias</strong></span> <span class='ocrx_word' id='word_1_116' title='bbox 1565 1039 1650 1094; x_wconf 91' lang='lat' dir='ltr'><strong>quam</strong></span> <span class='ocrx_word' id='word_1_117' title='bbox 1670 1023 1699 1079; x_wconf 89' lang='lat' dir='ltr'><strong>in</strong></span> 
     </span>
     <span class='ocr_line' id='line_1_10' title="bbox 72 1102 1699 1183; baseline 0.007 -27"><span class='ocrx_word' id='word_1_118' title='bbox 72 1104 147 1158; x_wconf 88' lang='lat' dir='ltr'><strong>choro</strong></span> <span class='ocrx_word' id='word_1_119' title='bbox 154 1110 211 1158; x_wconf 87' lang='lat' dir='ltr'><strong>stat</strong></span> <span class='ocrx_word' id='word_1_120' title='bbox 220 1120 377 1175; x_wconf 90' lang='lat' dir='ltr'><strong>supremus.</strong></span> <span class='ocrx_word' id='word_1_121' title='bbox 391 1102 503 1159; x_wconf 88' lang='lat' dir='ltr'><strong>Itemin</strong></span> <span class='ocrx_word' id='word_1_122' title='bbox 514 1103 660 1159; x_wconf 87' lang='lat' dir='ltr'><strong>refectorio</strong></span> <span class='ocrx_word' id='word_1_123' title='bbox 670 1104 749 1159; x_wconf 90' lang='lat' dir='ltr'><strong>sedet</strong></span> <span class='ocrx_word' id='word_1_124' title='bbox 763 1119 859 1175; x_wconf 89' lang='lat' dir='ltr'><strong>supre-</strong></span> <span class='ocrx_word' id='word_1_125' title='bbox 900 1106 1022 1177; x_wconf 86' lang='lat' dir='ltr'><strong>capitulo</strong></span> <span class='ocrx_word' id='word_1_126' title='bbox 1038 1107 1108 1162; x_wconf 88' lang='lat' dir='ltr'><strong>nibil</strong></span> <span class='ocrx_word' id='word_1_127' title='bbox 1122 1108 1193 1163; x_wconf 91' lang='lat' dir='ltr'><strong>dure</strong></span> <span class='ocrx_word' id='word_1_128' title='bbox 1208 1108 1250 1163; x_wconf 87' lang='lat' dir='ltr'><strong>vel</strong></span> <span class='ocrx_word' id='word_1_129' title='bbox 1265 1125 1363 1179; x_wconf 82' lang='lat' dir='ltr'><strong>aspere</strong></span> <span class='ocrx_word' id='word_1_130' title='bbox 1377 1109 1554 1180; x_wconf 88' lang='lat' dir='ltr'><strong>loquitur,ne</strong></span> <span class='ocrx_word' id='word_1_131' title='bbox 1563 1128 1613 1183; x_wconf 92' lang='lat' dir='ltr'><strong>pro</strong></span> <span class='ocrx_word' id='word_1_132' title='bbox 1623 1111 1699 1168; x_wconf 89' lang='lat' dir='ltr'><strong>illius</strong></span> 
     </span>
     <span class='ocr_line' id='line_1_11' title="bbox 72 1191 1699 1273; baseline 0.007 -28"><span class='ocrx_word' id='word_1_133' title='bbox 72 1207 126 1246; x_wconf 91' lang='lat' dir='ltr'><strong>mus</strong></span> <span class='ocrx_word' id='word_1_134' title='bbox 138 1191 172 1245; x_wconf 92' lang='lat' dir='ltr'><strong>ad</strong></span> <span class='ocrx_word' id='word_1_135' title='bbox 183 1208 321 1261; x_wconf 81' lang='lat' dir='ltr'><strong>mensam,</strong></span> <span class='ocrx_word' id='word_1_136' title='bbox 336 1209 397 1264; x_wconf 83' lang='lat' dir='ltr'><strong>quae</strong></span> <span class='ocrx_word' id='word_1_137' title='bbox 411 1193 447 1246; x_wconf 92' lang='lat' dir='ltr'><strong>ad</strong></span> <span class='ocrx_word' id='word_1_138' title='bbox 462 1192 588 1246; x_wconf 83' lang='lat' dir='ltr'><strong>dextram</strong></span> <span class='ocrx_word' id='word_1_139' title='bbox 611 1193 707 1248; x_wconf 90' lang='lat' dir='ltr'><strong>domni</strong></span> <span class='ocrx_word' id='word_1_140' title='bbox 730 1191 857 1262; x_wconf 87' lang='lat' dir='ltr'><strong>abbatis&#39;;</strong></span> <span class='ocrx_word' id='word_1_141' title='bbox 900 1193 1141 1266; x_wconf 85' lang='lat' dir='ltr'><strong>inopportunitate</strong></span> <span class='ocrx_word' id='word_1_142' title='bbox 1166 1197 1270 1269; x_wconf 88' lang='lat' dir='ltr'><strong>aliquis</strong></span> <span class='ocrx_word' id='word_1_143' title='bbox 1292 1197 1451 1253; x_wconf 87' lang='lat' dir='ltr'><strong>inordinate</strong></span> <span class='ocrx_word' id='word_1_144' title='bbox 1473 1200 1583 1254; x_wconf 84' lang='lat' dir='ltr'><strong>reniam</strong></span> <span class='ocrx_word' id='word_1_145' title='bbox 1603 1208 1699 1273; x_wconf 87' lang='lat' dir='ltr'><strong>petere</strong></span> 
     </span>
     <span class='ocr_line' id='line_1_12' title="bbox 72 1279 1699 1360; baseline 0.006 -26"><span class='ocrx_word' id='word_1_146' title='bbox 72 1287 95 1334; x_wconf 89' lang='lat' dir='ltr'><strong>et</strong></span> <span class='ocrx_word' id='word_1_147' title='bbox 107 1280 129 1332; x_wconf 87' lang='lat' dir='ltr'><strong>si</strong></span> <span class='ocrx_word' id='word_1_148' title='bbox 142 1279 187 1350; x_wconf 89' lang='lat' dir='ltr'><strong>ille</strong></span> <span class='ocrx_word' id='word_1_149' title='bbox 196 1280 297 1346; x_wconf 84' lang='lat' dir='ltr'><strong>deerit,</strong></span> <span class='ocrx_word' id='word_1_150' title='bbox 309 1280 387 1334; x_wconf 87' lang='lat' dir='ltr'><strong>sedet</strong></span> <span class='ocrx_word' id='word_1_151' title='bbox 400 1280 431 1334; x_wconf 93' lang='lat' dir='ltr'><strong>in</strong></span> <span class='ocrx_word' id='word_1_152' title='bbox 442 1281 505 1351; x_wconf 88' lang='lat' dir='ltr'><strong>ejus</strong></span> <span class='ocrx_word' id='word_1_153' title='bbox 515 1280 580 1336; x_wconf 88' lang='lat' dir='ltr'><strong>sede</strong></span> <span class='ocrx_word' id='word_1_154' title='bbox 594 1280 622 1334; x_wconf 91' lang='lat' dir='ltr'><strong>in</strong></span> <span class='ocrx_word' id='word_1_155' title='bbox 638 1281 800 1350; x_wconf 88' lang='lat' dir='ltr'><strong>refectorio;</strong></span> <span class='ocrx_word' id='word_1_156' title='bbox 815 1281 860 1336; x_wconf 88' lang='lat' dir='ltr'><strong>cui</strong></span> <span class='ocrx_word' id='word_1_157' title='bbox 900 1287 1027 1354; x_wconf 83' lang='lat' dir='ltr'><strong>cogatur,</strong></span> <span class='ocrx_word' id='word_1_158' title='bbox 1045 1285 1101 1339; x_wconf 90' lang='lat' dir='ltr'><strong>nisi</strong></span> <span class='ocrx_word' id='word_1_159' title='bbox 1119 1285 1190 1341; x_wconf 89' lang='lat' dir='ltr'><strong>forte</strong></span> <span class='ocrx_word' id='word_1_160' title='bbox 1204 1286 1236 1340; x_wconf 91' lang='lat' dir='ltr'><strong>D.</strong></span> <span class='ocrx_word' id='word_1_161' title='bbox 1257 1285 1357 1341; x_wconf 83' lang='lat' dir='ltr'><strong>abbate</strong></span> <span class='ocrx_word' id='word_1_162' title='bbox 1369 1286 1485 1342; x_wconf 86' lang='lat' dir='ltr'><strong>absente</strong></span> <span class='ocrx_word' id='word_1_163' title='bbox 1508 1289 1564 1343; x_wconf 88' lang='lat' dir='ltr'><strong>tale</strong></span> <span class='ocrx_word' id='word_1_164' title='bbox 1577 1289 1654 1360; x_wconf 92' lang='lat' dir='ltr'><strong>quid,</strong></span> <span class='ocrx_word' id='word_1_165' title='bbox 1666 1297 1699 1345; x_wconf 87' lang='lat' dir='ltr'><strong>ut</strong></span> 
     </span>
     <span class='ocr_line' id='line_1_13' title="bbox 72 1369 1702 1444; baseline 0.008 -24"><span class='ocrx_word' id='word_1_166' title='bbox 72 1369 327 1436; x_wconf 83' lang='lat' dir='ltr'><strong>rult,mittit;extra</strong></span> <span class='ocrx_word' id='word_1_167' title='bbox 339 1369 518 1424; x_wconf 88' lang='lat' dir='ltr'><strong>refectorium</strong></span> <span class='ocrx_word' id='word_1_168' title='bbox 533 1385 599 1424; x_wconf 85' lang='lat' dir='ltr'><strong>vero</strong></span> <span class='ocrx_word' id='word_1_169' title='bbox 613 1370 684 1424; x_wconf 90' lang='lat' dir='ltr'><strong>nulli</strong></span> <span class='ocrx_word' id='word_1_170' title='bbox 696 1369 858 1426; x_wconf 86' lang='lat' dir='ltr'><strong>mortalium</strong></span> <span class='ocrx_word' id='word_1_171' title='bbox 900 1374 1091 1444; x_wconf 89' lang='lat' dir='ltr'><strong>supradictum</strong></span> <span class='ocrx_word' id='word_1_172' title='bbox 1123 1380 1177 1441; x_wconf 87' lang='lat' dir='ltr'><strong>est,</strong></span> <span class='ocrx_word' id='word_1_173' title='bbox 1205 1391 1268 1430; x_wconf 90' lang='lat' dir='ltr'><strong>cum</strong></span> <span class='ocrx_word' id='word_1_174' title='bbox 1297 1375 1412 1431; x_wconf 87' lang='lat' dir='ltr'><strong>consilio</strong></span> <span class='ocrx_word' id='word_1_175' title='bbox 1449 1377 1591 1432; x_wconf 89' lang='lat' dir='ltr'><strong>seniorum</strong></span> <span class='ocrx_word' id='word_1_176' title='bbox 1618 1378 1702 1433; x_wconf 88' lang='lat' dir='ltr'><strong>abeat</strong></span> 
     </span>
     <span class='ocr_line' id='line_1_14' title="bbox 72 1456 1698 1536; baseline 0.006 -26"><span class='ocrx_word' id='word_1_177' title='bbox 72 1456 127 1510; x_wconf 87' lang='lat' dir='ltr'><strong>licet</strong></span> <span class='ocrx_word' id='word_1_178' title='bbox 138 1457 162 1511; x_wconf 91' lang='lat' dir='ltr'><strong>ei</strong></span> <span class='ocrx_word' id='word_1_179' title='bbox 177 1457 332 1528; x_wconf 87' lang='lat' dir='ltr'><strong>quidquam</strong></span> <span class='ocrx_word' id='word_1_180' title='bbox 346 1457 467 1512; x_wconf 89' lang='lat' dir='ltr'><strong>mittere.</strong></span> <span class='ocrx_word' id='word_1_181' title='bbox 483 1458 494 1482; x_wconf 81' lang='lat'>*</span> <span class='ocrx_word' id='word_1_182' title='bbox 509 1457 652 1528; x_wconf 87' lang='lat' dir='ltr'><strong>Quotquot</strong></span> <span class='ocrx_word' id='word_1_183' title='bbox 668 1461 743 1515; x_wconf 89' lang='lat' dir='ltr'><strong>sunt.</strong></span> <span class='ocrx_word' id='word_1_184' title='bbox 757 1459 805 1530; x_wconf 91' lang='lat' dir='ltr'><strong>qui</strong></span> <span class='ocrx_word' id='word_1_185' title='bbox 818 1459 859 1513; x_wconf 89' lang='lat' dir='ltr'><strong>ul·</strong></span> <span class='ocrx_word' id='word_1_186' title='bbox 899 1462 1087 1530; x_wconf 87' lang='lat' dir='ltr'><strong>tractandum,</strong></span> <span class='ocrx_word' id='word_1_187' title='bbox 1097 1461 1171 1534; x_wconf 91' lang='lat' dir='ltr'><strong>quod</strong></span> <span class='ocrx_word' id='word_1_188' title='bbox 1185 1463 1215 1517; x_wconf 86' lang='lat' dir='ltr'><strong>in</strong></span> <span class='ocrx_word' id='word_1_189' title='bbox 1226 1463 1350 1534; x_wconf 89' lang='lat' dir='ltr'><strong>capitulo</strong></span> <span class='ocrx_word' id='word_1_190' title='bbox 1365 1481 1422 1519; x_wconf 91' lang='lat' dir='ltr'><strong>non</strong></span> <span class='ocrx_word' id='word_1_191' title='bbox 1437 1465 1474 1520; x_wconf 91' lang='lat' dir='ltr'><strong>sit</strong></span> <span class='ocrx_word' id='word_1_192' title='bbox 1487 1465 1698 1536; x_wconf 88' lang='lat' dir='ltr'><strong>publicandum.</strong></span> 
     </span>
     <span class='ocr_line' id='line_1_15' title="bbox 73 1545 1699 1626; baseline 0.007 -27"><span class='ocrx_word' id='word_1_193' title='bbox 73 1546 121 1599; x_wconf 90' lang='lat' dir='ltr'><strong>lam</strong></span> <span class='ocrx_word' id='word_1_194' title='bbox 132 1545 238 1600; x_wconf 87' lang='lat' dir='ltr'><strong>habent</strong></span> <span class='ocrx_word' id='word_1_195' title='bbox 251 1547 494 1614; x_wconf 91' lang='lat' dir='ltr'><strong>obedientiam,ad</strong></span> <span class='ocrx_word' id='word_1_196' title='bbox 507 1563 572 1602; x_wconf 89' lang='lat' dir='ltr'><strong>eum</strong></span> <span class='ocrx_word' id='word_1_197' title='bbox 585 1547 740 1618; x_wconf 88' lang='lat' dir='ltr'><strong>respiciunt</strong></span> <span class='ocrx_word' id='word_1_198' title='bbox 750 1563 856 1615; x_wconf 89' lang='lat' dir='ltr'><strong>omnes,</strong></span> <span class='ocrx_word' id='word_1_199' title='bbox 899 1550 927 1605; x_wconf 91' lang='lat' dir='ltr'><strong>ls</strong></span> <span class='ocrx_word' id='word_1_200' title='bbox 949 1567 1082 1624; x_wconf 79' lang='lat' dir='ltr'><strong>namque.</strong></span> <span class='ocrx_word' id='word_1_201' title='bbox 1107 1553 1156 1624; x_wconf 93' lang='lat' dir='ltr'><strong>qui</strong></span> <span class='ocrx_word' id='word_1_202' title='bbox 1181 1552 1209 1606; x_wconf 90' lang='lat' dir='ltr'><strong>in</strong></span> <span class='ocrx_word' id='word_1_203' title='bbox 1233 1553 1283 1607; x_wconf 89' lang='lat' dir='ltr'><strong>tali</strong></span> <span class='ocrx_word' id='word_1_204' title='bbox 1305 1569 1378 1608; x_wconf 85' lang='lat' dir='ltr'><strong>noxa</strong></span> <span class='ocrx_word' id='word_1_205' title='bbox 1398 1554 1589 1625; x_wconf 88' lang='lat' dir='ltr'><strong>deprehensus</strong></span> <span class='ocrx_word' id='word_1_206' title='bbox 1604 1557 1699 1626; x_wconf 85' lang='lat' dir='ltr'><strong>fuerit,</strong></span> 
     </span>
     <span class='ocr_line' id='line_1_16' title="bbox 72 1635 1698 1716; baseline 0.008 -27"><span class='ocrx_word' id='word_1_207' title='bbox 72 1651 110 1689; x_wconf 82' lang='lat' dir='ltr'><strong>uo.</strong></span> <span class='ocrx_word' id='word_1_208' title='bbox 124 1635 186 1690; x_wconf 90' lang='lat' dir='ltr'><strong>etsi</strong></span> <span class='ocrx_word' id='word_1_209' title='bbox 204 1635 263 1690; x_wconf 87' lang='lat' dir='ltr'><strong>tale</strong></span> <span class='ocrx_word' id='word_1_210' title='bbox 279 1635 347 1706; x_wconf 88' lang='lat' dir='ltr'><strong>quid</strong></span> <span class='ocrx_word' id='word_1_211' title='bbox 366 1636 537 1709; x_wconf 77' lang='lat' dir='ltr'><strong>praecipuum</strong></span> <span class='ocrx_word' id='word_1_212' title='bbox 557 1637 646 1691; x_wconf 89' lang='lat' dir='ltr'><strong>acturi</strong></span> <span class='ocrx_word' id='word_1_213' title='bbox 665 1642 741 1704; x_wconf 89' lang='lat' dir='ltr'><strong>sunt,</strong></span> <span class='ocrx_word' id='word_1_214' title='bbox 754 1653 859 1708; x_wconf 90' lang='lat' dir='ltr'><strong>nequa·</strong></span> <span class='ocrx_word' id='word_1_215' title='bbox 899 1639 1010 1709; x_wconf 89' lang='lat' dir='ltr'><strong>quoties</strong></span> <span class='ocrx_word' id='word_1_216' title='bbox 1031 1639 1066 1694; x_wconf 90' lang='lat' dir='ltr'><strong>ab</strong></span> <span class='ocrx_word' id='word_1_217' title='bbox 1081 1641 1174 1711; x_wconf 89' lang='lat' dir='ltr'><strong>aliquo</strong></span> <span class='ocrx_word' id='word_1_218' title='bbox 1188 1641 1367 1704; x_wconf 81' lang='lat' dir='ltr'><strong>inclamatur.</strong></span> <span class='ocrx_word' id='word_1_219' title='bbox 1388 1642 1471 1696; x_wconf 90' lang='lat' dir='ltr'><strong>toties</strong></span> <span class='ocrx_word' id='word_1_220' title='bbox 1493 1643 1603 1698; x_wconf 83' lang='lat' dir='ltr'><strong>veniam</strong></span> <span class='ocrx_word' id='word_1_221' title='bbox 1618 1644 1698 1716; x_wconf 88' lang='lat' dir='ltr'><strong>petit.</strong></span> 
     </span>
     <span class='ocr_line' id='line_1_17' title="bbox 72 1723 1698 1803; baseline 0.006 -26"><span class='ocrx_word' id='word_1_222' title='bbox 72 1739 145 1793; x_wconf 89' lang='lat' dir='ltr'><strong>quam</strong></span> <span class='ocrx_word' id='word_1_223' title='bbox 159 1723 256 1795; x_wconf 84' lang='lat' dir='ltr'><strong>agitur</strong></span> <span class='ocrx_word' id='word_1_224' title='bbox 275 1724 380 1796; x_wconf 77' lang='lat' dir='ltr'><strong>absque</strong></span> <span class='ocrx_word' id='word_1_225' title='bbox 401 1727 462 1796; x_wconf 75' lang='lat' dir='ltr'><strong>eJus</strong></span> <span class='ocrx_word' id='word_1_226' title='bbox 482 1725 607 1790; x_wconf 87' lang='lat' dir='ltr'><strong>oonsilio,</strong></span> <span class='ocrx_word' id='word_1_227' title='bbox 626 1730 655 1780; x_wconf 93' lang='lat' dir='ltr'><strong>et</strong></span> <span class='ocrx_word' id='word_1_228' title='bbox 676 1725 782 1798; x_wconf 88' lang='lat' dir='ltr'><strong>absque</strong></span> <span class='ocrx_word' id='word_1_229' title='bbox 798 1728 858 1798; x_wconf 87' lang='lat' dir='ltr'><strong>ejus</strong></span> <span class='ocrx_word' id='word_1_230' title='bbox 899 1727 1014 1783; x_wconf 91' lang='lat' dir='ltr'><strong>Nullum</strong></span> <span class='ocrx_word' id='word_1_231' title='bbox 1035 1728 1065 1784; x_wconf 91' lang='lat' dir='ltr'><strong>in</strong></span> <span class='ocrx_word' id='word_1_232' title='bbox 1085 1729 1186 1784; x_wconf 89' lang='lat' dir='ltr'><strong>ultimo</strong></span> <span class='ocrx_word' id='word_1_233' title='bbox 1210 1731 1299 1801; x_wconf 88' lang='lat' dir='ltr'><strong>ponit,</strong></span> <span class='ocrx_word' id='word_1_234' title='bbox 1321 1729 1376 1784; x_wconf 92' lang='lat' dir='ltr'><strong>nisi</strong></span> <span class='ocrx_word' id='word_1_235' title='bbox 1400 1746 1474 1796; x_wconf 91' lang='lat' dir='ltr'><strong>eum,</strong></span> <span class='ocrx_word' id='word_1_236' title='bbox 1490 1731 1540 1803; x_wconf 88' lang='lat' dir='ltr'><strong>qui</strong></span> <span class='ocrx_word' id='word_1_237' title='bbox 1563 1731 1597 1786; x_wconf 89' lang='lat' dir='ltr'><strong>de</strong></span> <span class='ocrx_word' id='word_1_238' title='bbox 1620 1735 1698 1803; x_wconf 86' lang='lat' dir='ltr'><strong>fuga,</strong></span> 
     </span>
     <span class='ocr_line' id='line_1_18' title="bbox 72 1788 1699 1891; baseline 0.006 -25"><span class='ocrx_word' id='word_1_239' title='bbox 72 1828 205 1870; x_wconf 87' lang='lat' dir='ltr'><strong>musensu.</strong></span> <span class='ocrx_word' id='word_1_240' title='bbox 230 1813 319 1882; x_wconf 78' lang='lat' dir='ltr'><strong>(Ver.)</strong></span> <span class='ocrx_word' id='word_1_241' title='bbox 337 1813 367 1868; x_wconf 87' lang='lat' dir='ltr'><strong>Si</strong></span> <span class='ocrx_word' id='word_1_242' title='bbox 386 1815 541 1885; x_wconf 85' lang='lat' dir='ltr'><strong>perrexerit</strong></span> <span class='ocrx_word' id='word_1_243' title='bbox 563 1815 599 1869; x_wconf 92' lang='lat' dir='ltr'><strong>ad</strong></span> <span class='ocrx_word' id='word_1_244' title='bbox 619 1813 792 1870; x_wconf 87' lang='lat' dir='ltr'><strong>obedientias</strong></span> <span class='ocrx_word' id='word_1_245' title='bbox 814 1788 999 1870; x_wconf 76' lang='lat' dir='ltr'><strong>velBabbate</strong></span> <span class='ocrx_word' id='word_1_246' title='bbox 1013 1823 1132 1885; x_wconf 84' lang='lat' dir='ltr'><strong>remoto,</strong></span> <span class='ocrx_word' id='word_1_247' title='bbox 1155 1819 1248 1873; x_wconf 89' lang='lat' dir='ltr'><strong>rediit.</strong></span> <span class='ocrx_word' id='word_1_248' title='bbox 1272 1817 1304 1872; x_wconf 93' lang='lat' dir='ltr'><strong>In</strong></span> <span class='ocrx_word' id='word_1_249' title='bbox 1322 1817 1459 1889; x_wconf 81' lang='lat' dir='ltr'><strong>gravioris</strong></span> <span class='ocrx_word' id='word_1_250' title='bbox 1479 1821 1567 1891; x_wconf 82' lang='lat' dir='ltr'><strong>culpae</strong></span> <span class='ocrx_word' id='word_1_251' title='bbox 1589 1825 1699 1875; x_wconf 88' lang='lat' dir='ltr'><strong>senten·</strong></span> 
     </span>
     <span class='ocr_line' id='line_1_19' title="bbox 72 1902 1699 1981; baseline 0.006 -27"><span class='ocrx_word' id='word_1_252' title='bbox 72 1902 329 1969; x_wconf 86' lang='lat' dir='ltr'><strong>alias,ducitsccum</strong></span> <span class='ocrx_word' id='word_1_253' title='bbox 338 1919 426 1958; x_wconf 91' lang='lat' dir='ltr'><strong>unum</strong></span> <span class='ocrx_word' id='word_1_254' title='bbox 437 1904 563 1967; x_wconf 83' lang='lat' dir='ltr'><strong>fratrem,</strong></span> <span class='ocrx_word' id='word_1_255' title='bbox 578 1904 625 1976; x_wconf 88' lang='lat' dir='ltr'><strong>qui</strong></span> <span class='ocrx_word' id='word_1_256' title='bbox 636 1919 699 1958; x_wconf 92' lang='lat' dir='ltr'><strong>cum</strong></span> <span class='ocrx_word' id='word_1_257' title='bbox 715 1921 748 1958; x_wconf 90' lang='lat' dir='ltr'><strong>eo</strong></span> <span class='ocrx_word' id='word_1_258' title='bbox 763 1909 857 1959; x_wconf 89' lang='lat' dir='ltr'><strong>cantet</strong></span> <span class='ocrx_word' id='word_1_259' title='bbox 898 1905 966 1960; x_wconf 89' lang='lat' dir='ltr'><strong>tiam</strong></span> <span class='ocrx_word' id='word_1_260' title='bbox 981 1907 1123 1962; x_wconf 88' lang='lat' dir='ltr'><strong>neminem</strong></span> <span class='ocrx_word' id='word_1_261' title='bbox 1146 1908 1242 1965; x_wconf 91' lang='lat' dir='ltr'><strong>mittit.</strong></span> <span class='ocrx_word' id='word_1_262' title='bbox 1263 1908 1370 1963; x_wconf 86' lang='lat' dir='ltr'><strong>Caetera</strong></span> <span class='ocrx_word' id='word_1_263' title='bbox 1390 1909 1485 1964; x_wconf 88' lang='lat' dir='ltr'><strong>omnia</strong></span> <span class='ocrx_word' id='word_1_264' title='bbox 1504 1909 1539 1964; x_wconf 89' lang='lat' dir='ltr'><strong>ad</strong></span> <span class='ocrx_word' id='word_1_265' title='bbox 1563 1908 1699 1981; x_wconf 80' lang='lat' dir='ltr'><strong>regularis</strong></span> 
     </span>
     <span class='ocr_line' id='line_1_20' title="bbox 72 1991 1700 2069; baseline 0.006 -26"><span class='ocrx_word' id='word_1_266' title='bbox 72 2007 170 2046; x_wconf 89' lang='lat' dir='ltr'><strong>cursum</strong></span> <span class='ocrx_word' id='word_1_267' title='bbox 199 1991 370 2063; x_wconf 71' lang='lat' dir='ltr'><strong>regularem,</strong></span> <span class='ocrx_word' id='word_1_268' title='bbox 396 1997 425 2046; x_wconf 88' lang='lat' dir='ltr'><strong>et</strong></span> <span class='ocrx_word' id='word_1_269' title='bbox 447 1993 645 2048; x_wconf 89' lang='lat' dir='ltr'><strong>vestimentum</strong></span> <span class='ocrx_word' id='word_1_270' title='bbox 672 1993 855 2058; x_wconf 85' lang='lat' dir='ltr'><strong>sacerdotale,</strong></span> <span class='ocrx_word' id='word_1_271' title='bbox 898 1993 1050 2066; x_wconf 81' lang='lat' dir='ltr'><strong>disciplinae</strong></span> <span class='ocrx_word' id='word_1_272' title='bbox 1074 1995 1276 2052; x_wconf 86' lang='lat' dir='ltr'><strong>districtionem</strong></span> <span class='ocrx_word' id='word_1_273' title='bbox 1302 1997 1472 2069; x_wconf 82' lang='lat' dir='ltr'><strong>pertinentia</strong></span> <span class='ocrx_word' id='word_1_274' title='bbox 1491 1996 1522 2052; x_wconf 90' lang='lat' dir='ltr'><strong>in</strong></span> <span class='ocrx_word' id='word_1_275' title='bbox 1548 1999 1610 2069; x_wconf 85' lang='lat' dir='ltr'><strong>ejus</strong></span> <span class='ocrx_word' id='word_1_276' title='bbox 1633 2001 1700 2052; x_wconf 88' lang='lat' dir='ltr'><strong>sunt</strong></span> 
     </span>
     <span class='ocr_line' id='line_1_21' title="bbox 72 2080 1037 2155; baseline 0.004 -21"><span class='ocrx_word' id='word_1_277' title='bbox 72 2080 188 2148; x_wconf 78' lang='lat' dir='ltr'><strong>adiuncto</strong></span> <span class='ocrx_word' id='word_1_278' title='bbox 201 2081 299 2135; x_wconf 85' lang='lat' dir='ltr'><strong>calice.</strong></span> <span class='ocrx_word' id='word_1_279' title='bbox 314 2080 395 2145; x_wconf 90' lang='lat' dir='ltr'><strong>Quod</strong></span> <span class='ocrx_word' id='word_1_280' title='bbox 407 2086 502 2136; x_wconf 74' lang='lat' dir='ltr'><strong>mmen</strong></span> <span class='ocrx_word' id='word_1_281' title='bbox 517 2081 628 2137; x_wconf 88' lang='lat' dir='ltr'><strong>rediens</strong></span> <span class='ocrx_word' id='word_1_282' title='bbox 636 2082 732 2137; x_wconf 86' lang='lat' dir='ltr'><strong>statim</strong></span> <span class='ocrx_word' id='word_1_283' title='bbox 748 2081 856 2137; x_wconf 90' lang='lat' dir='ltr'><strong>custodi</strong></span> <span class='ocrx_word' id='word_1_284' title='bbox 900 2085 1037 2155; x_wconf 87' lang='lat' dir='ltr'><strong>potentia.</strong></span> 
     </span>
     <span class='ocr_line' id='line_1_22' title="bbox 72 2158 1701 2248; baseline 0.005 -25"><span class='ocrx_word' id='word_1_285' title='bbox 72 2169 178 2224; x_wconf 73' lang='lat' dir='ltr'><strong>ecclcsiae</strong></span> <span class='ocrx_word' id='word_1_286' title='bbox 192 2169 296 2224; x_wconf 87' lang='lat' dir='ltr'><strong>reddit.</strong></span> <span class='ocrx_word' id='word_1_287' title='bbox 312 2169 342 2224; x_wconf 86' lang='lat' dir='ltr'><strong>si</strong></span> <span class='ocrx_word' id='word_1_288' title='bbox 356 2169 411 2224; x_wconf 88' lang='lat' dir='ltr'><strong>iter</strong></span> <span class='ocrx_word' id='word_1_289' title='bbox 425 2186 512 2240; x_wconf 86' lang='lat' dir='ltr'><strong>agens</strong></span> <span class='ocrx_word' id='word_1_290' title='bbox 535 2170 634 2225; x_wconf 89' lang='lat' dir='ltr'><strong>eodem</strong></span> <span class='ocrx_word' id='word_1_291' title='bbox 655 2170 701 2226; x_wconf 89' lang='lat' dir='ltr'><strong>die</strong></span> <span class='ocrx_word' id='word_1_292' title='bbox 721 2171 757 2226; x_wconf 89' lang='lat' dir='ltr'><strong>ad</strong></span> <span class='ocrx_word' id='word_1_293' title='bbox 778 2171 858 2226; x_wconf 91' lang='lat' dir='ltr'><strong>clau·</strong></span> <span class='ocrx_word' id='word_1_294' title='bbox 936 2172 1054 2239; x_wconf 90' lang='lat' dir='ltr'><strong>Quando</strong></span> <span class='ocrx_word' id='word_1_295' title='bbox 1069 2175 1170 2230; x_wconf 90' lang='lat' dir='ltr'><strong>fratres</strong></span> <span class='ocrx_word' id='word_1_296' title='bbox 1183 2175 1213 2229; x_wconf 90' lang='lat' dir='ltr'><strong>in</strong></span> <span class='ocrx_word' id='word_1_297' title='bbox 1227 2179 1366 2229; x_wconf 85' lang='lat' dir='ltr'><strong>conventu</strong></span> <span class='ocrx_word' id='word_1_298' title='bbox 1385 2173 1466 2230; x_wconf 88' lang='lat' dir='ltr'><strong>solito</strong></span> <span class='ocrx_word' id='word_1_299' title='bbox 1482 2174 1567 2230; x_wconf 90' lang='lat' dir='ltr'><strong>altius</strong></span> <span class='ocrx_word' id='word_1_300' title='bbox 1581 2158 1701 2248; x_wconf 79' lang='lat' dir='ltr'><strong>ioquun·</strong></span> 
     </span>
     <span class='ocr_line' id='line_1_23' title="bbox 72 2257 1700 2335; baseline 0.007 -25"><span class='ocrx_word' id='word_1_301' title='bbox 72 2265 149 2312; x_wconf 80' lang='lat' dir='ltr'><strong>suum</strong></span> <span class='ocrx_word' id='word_1_302' title='bbox 161 2258 322 2326; x_wconf 82' lang='lat' dir='ltr'><strong>revertitur,</strong></span> <span class='ocrx_word' id='word_1_303' title='bbox 336 2257 442 2330; x_wconf 89' lang='lat' dir='ltr'><strong>absque</strong></span> <span class='ocrx_word' id='word_1_304' title='bbox 458 2259 572 2314; x_wconf 90' lang='lat' dir='ltr'><strong>licentia</strong></span> <span class='ocrx_word' id='word_1_305' title='bbox 595 2276 652 2314; x_wconf 90' lang='lat' dir='ltr'><strong>non</strong></span> <span class='ocrx_word' id='word_1_306' title='bbox 671 2259 756 2314; x_wconf 89' lang='lat' dir='ltr'><strong>debet</strong></span> <span class='ocrx_word' id='word_1_307' title='bbox 770 2259 800 2314; x_wconf 92' lang='lat' dir='ltr'><strong>in</strong></span> <span class='ocrx_word' id='word_1_308' title='bbox 817 2259 860 2314; x_wconf 86' lang='lat' dir='ltr'><strong>via</strong></span> <span class='ocrx_word' id='word_1_309' title='bbox 900 2263 957 2328; x_wconf 86' lang='lat' dir='ltr'><strong>tur,</strong></span> <span class='ocrx_word' id='word_1_310' title='bbox 972 2263 1015 2316; x_wconf 85' lang='lat' dir='ltr'><strong>vel</strong></span> <span class='ocrx_word' id='word_1_311' title='bbox 1027 2263 1057 2317; x_wconf 91' lang='lat' dir='ltr'><strong>in</strong></span> <span class='ocrx_word' id='word_1_312' title='bbox 1070 2263 1187 2318; x_wconf 89' lang='lat' dir='ltr'><strong>ecclesia</strong></span> <span class='ocrx_word' id='word_1_313' title='bbox 1201 2264 1237 2318; x_wconf 87' lang='lat' dir='ltr'><strong>ad</strong></span> <span class='ocrx_word' id='word_1_314' title='bbox 1252 2280 1348 2335; x_wconf 87' lang='lat' dir='ltr'><strong>preces</strong></span> <span class='ocrx_word' id='word_1_315' title='bbox 1358 2265 1401 2318; x_wconf 87' lang='lat' dir='ltr'><strong>vel</strong></span> <span class='ocrx_word' id='word_1_316' title='bbox 1416 2263 1451 2318; x_wconf 93' lang='lat' dir='ltr'><strong>ad</strong></span> <span class='ocrx_word' id='word_1_317' title='bbox 1465 2263 1592 2320; x_wconf 87' lang='lat' dir='ltr'><strong>litaniam</strong></span> <span class='ocrx_word' id='word_1_318' title='bbox 1608 2265 1700 2321; x_wconf 88' lang='lat' dir='ltr'><strong>minus</strong></span> 
     </span>
     <span class='ocr_line' id='line_1_24' title="bbox 72 2347 1700 2424; baseline 0.007 -25"><span class='ocrx_word' id='word_1_319' title='bbox 72 2347 206 2416; x_wconf 88' lang='lat' dir='ltr'><strong>prandere.</strong></span> <span class='ocrx_word' id='word_1_320' title='bbox 224 2348 358 2402; x_wconf 83' lang='lat' dir='ltr'><strong>liamdem</strong></span> <span class='ocrx_word' id='word_1_321' title='bbox 370 2348 512 2402; x_wconf 86' lang='lat' dir='ltr'><strong>licentiam</strong></span> <span class='ocrx_word' id='word_1_322' title='bbox 527 2348 587 2419; x_wconf 87' lang='lat' dir='ltr'><strong>ipse</strong></span> <span class='ocrx_word' id='word_1_323' title='bbox 599 2348 669 2403; x_wconf 92' lang='lat' dir='ltr'><strong>nulli</strong></span> <span class='ocrx_word' id='word_1_324' title='bbox 684 2354 777 2420; x_wconf 87' lang='lat' dir='ltr'><strong>potest</strong></span> <span class='ocrx_word' id='word_1_325' title='bbox 791 2349 858 2404; x_wconf 89' lang='lat' dir='ltr'><strong>dare</strong></span> <span class='ocrx_word' id='word_1_326' title='bbox 901 2351 1065 2418; x_wconf 90' lang='lat' dir='ltr'><strong>audiuntur,</strong></span> <span class='ocrx_word' id='word_1_327' title='bbox 1081 2361 1197 2424; x_wconf 88' lang='lat' dir='ltr'><strong>propter</strong></span> <span class='ocrx_word' id='word_1_328' title='bbox 1215 2353 1268 2407; x_wconf 90' lang='lat' dir='ltr'><strong>hoc</strong></span> <span class='ocrx_word' id='word_1_329' title='bbox 1289 2350 1324 2408; x_wconf 88' lang='lat' dir='ltr'><strong>ab</strong></span> <span class='ocrx_word' id='word_1_330' title='bbox 1348 2369 1380 2408; x_wconf 88' lang='lat' dir='ltr'><strong>eo</strong></span> <span class='ocrx_word' id='word_1_331' title='bbox 1399 2353 1492 2408; x_wconf 92' lang='lat' dir='ltr'><strong>sonitu</strong></span> <span class='ocrx_word' id='word_1_332' title='bbox 1507 2359 1573 2409; x_wconf 88' lang='lat' dir='ltr'><strong>ante</strong></span> <span class='ocrx_word' id='word_1_333' title='bbox 1587 2371 1616 2409; x_wconf 88' lang='lat' dir='ltr'><strong>se</strong></span> <span class='ocrx_word' id='word_1_334' title='bbox 1628 2354 1700 2410; x_wconf 90' lang='lat' dir='ltr'><strong>facto</strong></span> 
     </span>
     <span class='ocr_line' id='line_1_25' title="bbox 71 2435 1700 2515; baseline 0.006 -26"><span class='ocrx_word' id='word_1_335' title='bbox 71 2435 313 2491; x_wconf 87' lang='lat' dir='ltr'><strong>doronoabbatein</strong></span> <span class='ocrx_word' id='word_1_336' title='bbox 328 2438 499 2492; x_wconf 88' lang='lat' dir='ltr'><strong>monasterio</strong></span> <span class='ocrx_word' id='word_1_337' title='bbox 512 2437 691 2505; x_wconf 85' lang='lat' dir='ltr'><strong>consistente,</strong></span> <span class='ocrx_word' id='word_1_338' title='bbox 706 2453 758 2492; x_wconf 88' lang='lat' dir='ltr'><strong>nec</strong></span> <span class='ocrx_word' id='word_1_339' title='bbox 771 2439 857 2493; x_wconf 89' lang='lat' dir='ltr'><strong>etiam</strong></span> <span class='ocrx_word' id='word_1_340' title='bbox 900 2439 1097 2496; x_wconf 86' lang='lat' dir='ltr'><strong>admonentur.</strong></span> <span class='ocrx_word' id='word_1_341' title='bbox 1122 2442 1151 2496; x_wconf 87' lang='lat' dir='ltr'><strong>Si</strong></span> <span class='ocrx_word' id='word_1_342' title='bbox 1173 2442 1248 2497; x_wconf 84' lang='lat' dir='ltr'><strong>borae</strong></span> <span class='ocrx_word' id='word_1_343' title='bbox 1272 2442 1397 2513; x_wconf 86' lang='lat' dir='ltr'><strong>regulari</strong></span> <span class='ocrx_word' id='word_1_344' title='bbox 1416 2443 1554 2512; x_wconf 86' lang='lat' dir='ltr'><strong>interfuit,</strong></span> <span class='ocrx_word' id='word_1_345' title='bbox 1575 2460 1638 2515; x_wconf 86' lang='lat' dir='ltr'><strong>quae</strong></span> <span class='ocrx_word' id='word_1_346' title='bbox 1657 2460 1700 2500; x_wconf 88' lang='lat' dir='ltr'><strong>ro·</strong></span> 
     </span>
     <span class='ocr_line' id='line_1_26' title="bbox 72 2525 1701 2605; baseline 0.009 -29"><span class='ocrx_word' id='word_1_347' title='bbox 72 2540 99 2577; x_wconf 88' lang='lat' dir='ltr'><strong>eo</strong></span> <span class='ocrx_word' id='word_1_348' title='bbox 111 2525 231 2588; x_wconf 83' lang='lat' dir='ltr'><strong>absente,</strong></span> <span class='ocrx_word' id='word_1_349' title='bbox 243 2525 298 2580; x_wconf 89' lang='lat' dir='ltr'><strong>nisi</strong></span> <span class='ocrx_word' id='word_1_350' title='bbox 310 2542 360 2596; x_wconf 90' lang='lat' dir='ltr'><strong>pro</strong></span> <span class='ocrx_word' id='word_1_351' title='bbox 373 2543 476 2598; x_wconf 83' lang='lat' dir='ltr'><strong>magna</strong></span> <span class='ocrx_word' id='word_1_352' title='bbox 488 2527 663 2582; x_wconf 85' lang='lat' dir='ltr'><strong>necessitate.</strong></span> <span class='ocrx_word' id='word_1_353' title='bbox 678 2527 756 2581; x_wconf 90' lang='lat' dir='ltr'><strong>Nihil</strong></span> <span class='ocrx_word' id='word_1_354' title='bbox 772 2544 859 2598; x_wconf 89' lang='lat' dir='ltr'><strong>pecu·</strong></span> <span class='ocrx_word' id='word_1_355' title='bbox 899 2529 1048 2584; x_wconf 80' lang='lat' dir='ltr'><strong>factionem</strong></span> <span class='ocrx_word' id='word_1_356' title='bbox 1068 2531 1220 2603; x_wconf 77' lang='lat' dir='ltr'><strong>praecessit,</strong></span> <span class='ocrx_word' id='word_1_357' title='bbox 1244 2537 1357 2603; x_wconf 84' lang='lat' dir='ltr'><strong>excepto</strong></span> <span class='ocrx_word' id='word_1_358' title='bbox 1377 2532 1413 2586; x_wconf 88' lang='lat' dir='ltr'><strong>ad</strong></span> <span class='ocrx_word' id='word_1_359' title='bbox 1430 2549 1571 2603; x_wconf 89' lang='lat' dir='ltr'><strong>vesperos,</strong></span> <span class='ocrx_word' id='word_1_360' title='bbox 1592 2533 1615 2588; x_wconf 89' lang='lat' dir='ltr'><strong>si</strong></span> <span class='ocrx_word' id='word_1_361' title='bbox 1637 2540 1701 2605; x_wconf 88' lang='lat' dir='ltr'><strong>post</strong></span> 
     </span>
     <span class='ocr_line' id='line_1_27' title="bbox 71 2613 1696 2694; baseline 0.007 -27"><span class='ocrx_word' id='word_1_362' title='bbox 71 2613 116 2668; x_wconf 78' lang='lat' dir='ltr'><strong>nia</strong></span> <span class='ocrx_word' id='word_1_363' title='bbox 128 2614 257 2685; x_wconf 85' lang='lat' dir='ltr'><strong>privatim</strong></span> <span class='ocrx_word' id='word_1_364' title='bbox 272 2613 364 2669; x_wconf 89' lang='lat' dir='ltr'><strong>habet.</strong></span> <span class='ocrx_word' id='word_1_365' title='bbox 378 2631 424 2670; x_wconf 88' lang='lat' dir='ltr'><strong>uo.</strong></span> <span class='ocrx_word' id='word_1_366' title='bbox 439 2615 511 2670; x_wconf 90' lang='lat' dir='ltr'><strong>Nam</strong></span> <span class='ocrx_word' id='word_1_367' title='bbox 522 2617 634 2687; x_wconf 90' lang='lat' dir='ltr'><strong>quando</strong></span> <span class='ocrx_word' id='word_1_368' title='bbox 648 2615 750 2670; x_wconf 88' lang='lat' dir='ltr'><strong>deforis</strong></span> <span class='ocrx_word' id='word_1_369' title='bbox 763 2632 857 2670; x_wconf 88' lang='lat' dir='ltr'><strong>rever·</strong></span> <span class='ocrx_word' id='word_1_370' title='bbox 899 2619 1095 2673; x_wconf 81' lang='lat' dir='ltr'><strong>Bcnediccmus</strong></span> <span class='ocrx_word' id='word_1_371' title='bbox 1110 2622 1225 2674; x_wconf 83' lang='lat' dir='ltr'><strong>Domino</strong></span> <span class='ocrx_word' id='word_1_372' title='bbox 1249 2636 1305 2675; x_wconf 87' lang='lat' dir='ltr'><strong>uon</strong></span> <span class='ocrx_word' id='word_1_373' title='bbox 1326 2637 1489 2676; x_wconf 88' lang='lat' dir='ltr'><strong>reversurus</strong></span> <span class='ocrx_word' id='word_1_374' title='bbox 1510 2621 1619 2690; x_wconf 88' lang='lat' dir='ltr'><strong>exierit,</strong></span> <span class='ocrx_word' id='word_1_375' title='bbox 1636 2622 1696 2694; x_wconf 91' lang='lat' dir='ltr'><strong>ipse</strong></span> 
     </span>
     <span class='ocr_line' id='line_1_28' title="bbox 71 2702 1699 2783; baseline 0.007 -28"><span class='ocrx_word' id='word_1_376' title='bbox 71 2703 217 2768; x_wconf 77' lang='lat' dir='ltr'><strong>aestuarit,</strong></span> <span class='ocrx_word' id='word_1_377' title='bbox 234 2702 370 2774; x_wconf 91' lang='lat' dir='ltr'><strong>quidquid</strong></span> <span class='ocrx_word' id='word_1_378' title='bbox 387 2705 858 2775; x_wconf 89' lang='lat' dir='ltr'><strong>apportat,totumcamerariored·</strong></span> <span class='ocrx_word' id='word_1_379' title='bbox 899 2706 1058 2777; x_wconf 84' lang='lat' dir='ltr'><strong>cymbalum</strong></span> <span class='ocrx_word' id='word_1_380' title='bbox 1081 2709 1123 2762; x_wconf 89' lang='lat' dir='ltr'><strong>vel</strong></span> <span class='ocrx_word' id='word_1_381' title='bbox 1146 2710 1218 2779; x_wconf 84' lang='lat' dir='ltr'><strong>alius</strong></span> <span class='ocrx_word' id='word_1_382' title='bbox 1246 2715 1381 2780; x_wconf 76' lang='lat' dir='ltr'><strong>provecta</strong></span> <span class='ocrx_word' id='word_1_383' title='bbox 1403 2711 1495 2764; x_wconf 75' lang='lat' dir='ltr'><strong>aetatis</strong></span> <span class='ocrx_word' id='word_1_384' title='bbox 1515 2715 1585 2765; x_wconf 91' lang='lat' dir='ltr'><strong>nutu</strong></span> <span class='ocrx_word' id='word_1_385' title='bbox 1609 2711 1699 2783; x_wconf 90' lang='lat' dir='ltr'><strong>ipsius</strong></span> 
     </span>
     <span class='ocr_line' id='line_1_29' title="bbox 70 2791 1701 2870; baseline 0.006 -26"><span class='ocrx_word' id='word_1_386' title='bbox 70 2791 113 2858; x_wconf 88' lang='lat' dir='ltr'><strong>dit,</strong></span> <span class='ocrx_word' id='word_1_387' title='bbox 126 2809 175 2847; x_wconf 89' lang='lat' dir='ltr'><strong>nec</strong></span> <span class='ocrx_word' id='word_1_388' title='bbox 186 2793 282 2848; x_wconf 87' lang='lat' dir='ltr'><strong>minus</strong></span> <span class='ocrx_word' id='word_1_389' title='bbox 297 2791 332 2846; x_wconf 95' lang='lat' dir='ltr'><strong>ab</strong></span> <span class='ocrx_word' id='word_1_390' title='bbox 347 2793 395 2847; x_wconf 93' lang='lat' dir='ltr'><strong>illo</strong></span> <span class='ocrx_word' id='word_1_391' title='bbox 411 2793 546 2864; x_wconf 91' lang='lat' dir='ltr'><strong>quidquid</strong></span> <span class='ocrx_word' id='word_1_392' title='bbox 557 2792 728 2865; x_wconf 86' lang='lat' dir='ltr'><strong>opushabet,</strong></span> <span class='ocrx_word' id='word_1_393' title='bbox 745 2793 855 2864; x_wconf 85' lang='lat' dir='ltr'><strong>recipit.</strong></span> <span class='ocrx_word' id='word_1_394' title='bbox 899 2796 1028 2866; x_wconf 85' lang='lat' dir='ltr'><strong>percutit,</strong></span> <span class='ocrx_word' id='word_1_395' title='bbox 1046 2796 1182 2869; x_wconf 89' lang='lat' dir='ltr'><strong>incipiens</strong></span> <span class='ocrx_word' id='word_1_396' title='bbox 1198 2797 1233 2852; x_wconf 94' lang='lat' dir='ltr'><strong>ad</strong></span> <span class='ocrx_word' id='word_1_397' title='bbox 1247 2814 1297 2866; x_wconf 81' lang='lat' dir='ltr'><strong>per</strong></span> <span class='ocrx_word' id='word_1_398' title='bbox 1311 2801 1471 2868; x_wconf 72' lang='lat' dir='ltr'><strong>Dormitum.</strong></span> <span class='ocrx_word' id='word_1_399' title='bbox 1488 2799 1522 2852; x_wconf 83' lang='lat' dir='ltr'><strong>Et</strong></span> <span class='ocrx_word' id='word_1_400' title='bbox 1533 2799 1592 2854; x_wconf 83' lang='lat' dir='ltr'><strong>haec</strong></span> <span class='ocrx_word' id='word_1_401' title='bbox 1607 2800 1701 2870; x_wconf 92' lang='lat' dir='ltr'><strong>pulsa-</strong></span> 
     </span>
     <span class='ocr_line' id='line_1_30' title="bbox 72 2881 1702 2958; baseline 0.006 -24"><span class='ocrx_word' id='word_1_402' title='bbox 72 2882 140 2944; x_wconf 89' lang='lat' dir='ltr'><strong>Quod</strong></span> <span class='ocrx_word' id='word_1_403' title='bbox 153 2882 218 2936; x_wconf 86' lang='lat' dir='ltr'><strong>ideo</strong></span> <span class='ocrx_word' id='word_1_404' title='bbox 228 2882 359 2938; x_wconf 88' lang='lat' dir='ltr'><strong>anostris</strong></span> <span class='ocrx_word' id='word_1_405' title='bbox 368 2881 499 2936; x_wconf 87' lang='lat' dir='ltr'><strong>Patribus</strong></span> <span class='ocrx_word' id='word_1_406' title='bbox 509 2888 680 2953; x_wconf 74' lang='lat' dir='ltr'><strong>praecautum</strong></span> <span class='ocrx_word' id='word_1_407' title='bbox 695 2887 747 2948; x_wconf 88' lang='lat' dir='ltr'><strong>est,</strong></span> <span class='ocrx_word' id='word_1_408' title='bbox 759 2899 795 2938; x_wconf 88' lang='lat' dir='ltr'><strong>ne</strong></span> <span class='ocrx_word' id='word_1_409' title='bbox 812 2882 861 2937; x_wconf 86' lang='lat' dir='ltr'><strong>illa</strong></span> <span class='ocrx_word' id='word_1_410' title='bbox 901 2883 941 2937; x_wconf 91' lang='lat' dir='ltr'><strong>tio</strong></span> <span class='ocrx_word' id='word_1_411' title='bbox 957 2900 1103 2957; x_wconf 91' lang='lat' dir='ltr'><strong>quousque</strong></span> <span class='ocrx_word' id='word_1_412' title='bbox 1118 2885 1210 2940; x_wconf 89' lang='lat' dir='ltr'><strong>media</strong></span> <span class='ocrx_word' id='word_1_413' title='bbox 1221 2903 1286 2958; x_wconf 90' lang='lat' dir='ltr'><strong>pars</strong></span> <span class='ocrx_word' id='word_1_414' title='bbox 1296 2892 1448 2942; x_wconf 75' lang='lat' dir='ltr'><strong>contentus</strong></span> <span class='ocrx_word' id='word_1_415' title='bbox 1463 2885 1560 2941; x_wconf 85' lang='lat' dir='ltr'><strong>exierit</strong></span> <span class='ocrx_word' id='word_1_416' title='bbox 1574 2887 1702 2943; x_wconf 89' lang='lat' dir='ltr'><strong>deeccle-</strong></span> 
     </span>
     <span class='ocr_line' id='line_1_31' title="bbox 72 2971 1699 3048; baseline 0.005 -25"><span class='ocrx_word' id='word_1_417' title='bbox 72 2971 137 3024; x_wconf 89' lang='lat' dir='ltr'><strong>nala</strong></span> <span class='ocrx_word' id='word_1_418' title='bbox 157 2971 245 3042; x_wconf 89' lang='lat' dir='ltr'><strong>pestis</strong></span> <span class='ocrx_word' id='word_1_419' title='bbox 271 2971 462 3042; x_wconf 87' lang='lat' dir='ltr'><strong>proprietatis,</strong></span> <span class='ocrx_word' id='word_1_420' title='bbox 485 2977 514 3025; x_wconf 89' lang='lat' dir='ltr'><strong>et</strong></span> <span class='ocrx_word' id='word_1_421' title='bbox 535 2971 691 3042; x_wconf 75' lang='lat' dir='ltr'><strong>prasertim</strong></span> <span class='ocrx_word' id='word_1_422' title='bbox 715 2971 860 3026; x_wconf 90' lang='lat' dir='ltr'><strong>monachis</strong></span> <span class='ocrx_word' id='word_1_423' title='bbox 901 2972 943 3026; x_wconf 89' lang='lat' dir='ltr'><strong>sia</strong></span> <span class='ocrx_word' id='word_1_424' title='bbox 954 2974 1120 3044; x_wconf 88' lang='lat' dir='ltr'><strong>protelatur,</strong></span> <span class='ocrx_word' id='word_1_425' title='bbox 1136 2980 1165 3030; x_wconf 92' lang='lat' dir='ltr'><strong>et</strong></span> <span class='ocrx_word' id='word_1_426' title='bbox 1181 2987 1248 3031; x_wconf 89' lang='lat' dir='ltr'><strong>tunc</strong></span> <span class='ocrx_word' id='word_1_427' title='bbox 1268 2974 1302 3030; x_wconf 92' lang='lat' dir='ltr'><strong>de</strong></span> <span class='ocrx_word' id='word_1_428' title='bbox 1318 2975 1442 3047; x_wconf 88' lang='lat' dir='ltr'><strong>quinque</strong></span> <span class='ocrx_word' id='word_1_429' title='bbox 1464 2976 1699 3048; x_wconf 85' lang='lat' dir='ltr'><strong>percussionibus,</strong></span> 
     </span>
     <span class='ocr_line' id='line_1_32' title="bbox 71 3059 1701 3136; baseline 0.005 -24"><span class='ocrx_word' id='word_1_430' title='bbox 71 3059 131 3113; x_wconf 89' lang='lat' dir='ltr'><strong>adeo</strong></span> <span class='ocrx_word' id='word_1_431' title='bbox 142 3059 410 3131; x_wconf 87' lang='lat' dir='ltr'><strong>periculosa,aliquo</strong></span> <span class='ocrx_word' id='word_1_432' title='bbox 424 3060 507 3115; x_wconf 92' lang='lat' dir='ltr'><strong>modo</strong></span> <span class='ocrx_word' id='word_1_433' title='bbox 519 3059 666 3132; x_wconf 86' lang='lat' dir='ltr'><strong>subrepat.</strong></span> <span class='ocrx_word' id='word_1_434' title='bbox 684 3063 695 3085; x_wconf 83' lang='lat'>&#39;</span> <span class='ocrx_word' id='word_1_435' title='bbox 710 3061 860 3115; x_wconf 89' lang='lat' dir='ltr'><strong>Verumta-</strong></span> <span class='ocrx_word' id='word_1_436' title='bbox 901 3061 1010 3116; x_wconf 86' lang='lat' dir='ltr'><strong>duabus</strong></span> <span class='ocrx_word' id='word_1_437' title='bbox 1033 3063 1146 3134; x_wconf 90' lang='lat' dir='ltr'><strong>quidem</strong></span> <span class='ocrx_word' id='word_1_438' title='bbox 1176 3063 1319 3136; x_wconf 88' lang='lat' dir='ltr'><strong>paulisper</strong></span> <span class='ocrx_word' id='word_1_439' title='bbox 1342 3065 1502 3136; x_wconf 85' lang='lat' dir='ltr'><strong>protractis,</strong></span> <span class='ocrx_word' id='word_1_440' title='bbox 1524 3064 1615 3120; x_wconf 90' lang='lat' dir='ltr'><strong>tribus</strong></span> <span class='ocrx_word' id='word_1_441' title='bbox 1635 3082 1701 3136; x_wconf 82' lang='lat' dir='ltr'><strong>reru</strong></span> 
     </span>
     <span class='ocr_line' id='line_1_33' title="bbox 71 3149 1701 3225; baseline 0.006 -25"><span class='ocrx_word' id='word_1_442' title='bbox 71 3163 127 3202; x_wconf 88' lang='lat' dir='ltr'><strong>men</strong></span> <span class='ocrx_word' id='word_1_443' title='bbox 139 3149 277 3220; x_wconf 89' lang='lat' dir='ltr'><strong>quidquid</strong></span> <span class='ocrx_word' id='word_1_444' title='bbox 289 3149 332 3202; x_wconf 91' lang='lat' dir='ltr'><strong>illi</strong></span> <span class='ocrx_word' id='word_1_445' title='bbox 349 3149 426 3204; x_wconf 90' lang='lat' dir='ltr'><strong>intus</strong></span> <span class='ocrx_word' id='word_1_446' title='bbox 443 3150 486 3203; x_wconf 88' lang='lat' dir='ltr'><strong>rel</strong></span> <span class='ocrx_word' id='word_1_447' title='bbox 509 3149 576 3204; x_wconf 89' lang='lat' dir='ltr'><strong>foris</strong></span> <span class='ocrx_word' id='word_1_448' title='bbox 597 3166 648 3221; x_wconf 93' lang='lat' dir='ltr'><strong>pro</strong></span> <span class='ocrx_word' id='word_1_449' title='bbox 671 3149 808 3204; x_wconf 89' lang='lat' dir='ltr'><strong>charitate</strong></span> <span class='ocrx_word' id='word_1_450' title='bbox 822 3149 858 3204; x_wconf 90' lang='lat' dir='ltr'><strong>ab</strong></span> <span class='ocrx_word' id='word_1_451' title='bbox 899 3151 1065 3221; x_wconf 89' lang='lat' dir='ltr'><strong>conjunctis.</strong></span> <span class='ocrx_word' id='word_1_452' title='bbox 1082 3151 1187 3208; x_wconf 90' lang='lat' dir='ltr'><strong>finitur.</strong></span> <span class='ocrx_word' id='word_1_453' title='bbox 1205 3153 1265 3218; x_wconf 90' lang='lat' dir='ltr'><strong>Quo</strong></span> <span class='ocrx_word' id='word_1_454' title='bbox 1279 3153 1604 3225; x_wconf 83' lang='lat' dir='ltr'><strong>factoquaeritdomnum</strong></span> <span class='ocrx_word' id='word_1_455' title='bbox 1617 3154 1701 3210; x_wconf 88' lang='lat' dir='ltr'><strong>abba-</strong></span> 
     </span>
     <span class='ocr_line' id='line_1_34' title="bbox 71 3237 1698 3312; baseline 0.006 -22"><span class='ocrx_word' id='word_1_456' title='bbox 71 3237 153 3308; x_wconf 89' lang='lat' dir='ltr'><strong>aliquo</strong></span> <span class='ocrx_word' id='word_1_457' title='bbox 167 3239 305 3304; x_wconf 87' lang='lat' dir='ltr'><strong>defertur,</strong></span> <span class='ocrx_word' id='word_1_458' title='bbox 320 3237 437 3292; x_wconf 87' lang='lat' dir='ltr'><strong>licenter</strong></span> <span class='ocrx_word' id='word_1_459' title='bbox 448 3237 566 3309; x_wconf 88' lang='lat' dir='ltr'><strong>accipit;</strong></span> <span class='ocrx_word' id='word_1_460' title='bbox 580 3239 628 3293; x_wconf 92' lang='lat' dir='ltr'><strong>sed</strong></span> <span class='ocrx_word' id='word_1_461' title='bbox 642 3244 671 3294; x_wconf 90' lang='lat' dir='ltr'><strong>et</strong></span> <span class='ocrx_word' id='word_1_462' title='bbox 684 3238 772 3293; x_wconf 90' lang='lat' dir='ltr'><strong>hocin</strong></span> <span class='ocrx_word' id='word_1_463' title='bbox 781 3255 858 3293; x_wconf 89' lang='lat' dir='ltr'><strong>com·</strong></span> <span class='ocrx_word' id='word_1_464' title='bbox 898 3244 956 3294; x_wconf 88' lang='lat' dir='ltr'><strong>tem</strong></span> <span class='ocrx_word' id='word_1_465' title='bbox 971 3239 1000 3294; x_wconf 89' lang='lat' dir='ltr'><strong>in</strong></span> <span class='ocrx_word' id='word_1_466' title='bbox 1014 3241 1150 3309; x_wconf 86' lang='lat' dir='ltr'><strong>sacristia,</strong></span> <span class='ocrx_word' id='word_1_467' title='bbox 1166 3243 1196 3296; x_wconf 90' lang='lat' dir='ltr'><strong>in</strong></span> <span class='ocrx_word' id='word_1_468' title='bbox 1210 3242 1375 3310; x_wconf 81' lang='lat' dir='ltr'><strong>infirmaria,</strong></span> <span class='ocrx_word' id='word_1_469' title='bbox 1391 3241 1421 3297; x_wconf 91' lang='lat' dir='ltr'><strong>in</strong></span> <span class='ocrx_word' id='word_1_470' title='bbox 1434 3243 1505 3298; x_wconf 88' lang='lat' dir='ltr'><strong>cella</strong></span> <span class='ocrx_word' id='word_1_471' title='bbox 1519 3243 1698 3312; x_wconf 87' lang='lat' dir='ltr'><strong>novitiorum,</strong></span> 
     </span>
     <span class='ocr_line' id='line_1_35' title="bbox 72 3327 1700 3402; baseline 0.006 -23"><span class='ocrx_word' id='word_1_472' title='bbox 72 3343 174 3382; x_wconf 87' lang='lat' dir='ltr'><strong>munem</strong></span> <span class='ocrx_word' id='word_1_473' title='bbox 188 3327 311 3382; x_wconf 81' lang='lat' dir='ltr'><strong>fratrum</strong></span> <span class='ocrx_word' id='word_1_474' title='bbox 332 3327 485 3382; x_wconf 88' lang='lat' dir='ltr'><strong>utilitatem</strong></span> <span class='ocrx_word' id='word_1_475' title='bbox 503 3327 644 3400; x_wconf 81' lang='lat' dir='ltr'><strong>expendit.</strong></span> <span class='ocrx_word' id='word_1_476' title='bbox 666 3328 721 3382; x_wconf 90' lang='lat' dir='ltr'><strong>nisi</strong></span> <span class='ocrx_word' id='word_1_477' title='bbox 739 3329 859 3383; x_wconf 89' lang='lat' dir='ltr'><strong>domnus</strong></span> <span class='ocrx_word' id='word_1_478' title='bbox 900 3333 966 3383; x_wconf 85' lang='lat' dir='ltr'><strong>ante</strong></span> <span class='ocrx_word' id='word_1_479' title='bbox 980 3329 1136 3385; x_wconf 89' lang='lat' dir='ltr'><strong>cellarium.</strong></span> <span class='ocrx_word' id='word_1_480' title='bbox 1161 3331 1250 3396; x_wconf 89' lang='lat' dir='ltr'><strong>Quem</strong></span> <span class='ocrx_word' id='word_1_481' title='bbox 1272 3331 1296 3386; x_wconf 91' lang='lat' dir='ltr'><strong>si</strong></span> <span class='ocrx_word' id='word_1_482' title='bbox 1320 3347 1377 3386; x_wconf 91' lang='lat' dir='ltr'><strong>non</strong></span> <span class='ocrx_word' id='word_1_483' title='bbox 1399 3337 1548 3387; x_wconf 82' lang='lat' dir='ltr'><strong>venturum</strong></span> <span class='ocrx_word' id='word_1_484' title='bbox 1561 3333 1700 3402; x_wconf 89' lang='lat' dir='ltr'><strong>didicerit,</strong></span> 
     </span>
     <span class='ocr_line' id='line_1_36' title="bbox 71 3414 1703 3493; baseline 0.008 -27"><span class='ocrx_word' id='word_1_485' title='bbox 71 3414 146 3470; x_wconf 86' lang='lat' dir='ltr'><strong>abbas</strong></span> <span class='ocrx_word' id='word_1_486' title='bbox 157 3416 236 3471; x_wconf 90' lang='lat' dir='ltr'><strong>aliud</strong></span> <span class='ocrx_word' id='word_1_487' title='bbox 249 3415 317 3470; x_wconf 89' lang='lat' dir='ltr'><strong>iude</strong></span> <span class='ocrx_word' id='word_1_488' title='bbox 331 3416 392 3470; x_wconf 86' lang='lat' dir='ltr'><strong>fieri</strong></span> <span class='ocrx_word' id='word_1_489' title='bbox 404 3415 533 3486; x_wconf 83' lang='lat' dir='ltr'><strong>jusserit.</strong></span> <span class='ocrx_word' id='word_1_490' title='bbox 552 3417 595 3471; x_wconf 82' lang='lat' dir='ltr'><strong>ad</strong></span> <span class='ocrx_word' id='word_1_491' title='bbox 617 3417 788 3472; x_wconf 87' lang='lat' dir='ltr'><strong>matutinum</strong></span> <span class='ocrx_word' id='word_1_492' title='bbox 803 3433 860 3472; x_wconf 90' lang='lat' dir='ltr'><strong>nou</strong></span> <span class='ocrx_word' id='word_1_493' title='bbox 902 3418 1043 3489; x_wconf 87' lang='lat' dir='ltr'><strong>pulsatum</strong></span> <span class='ocrx_word' id='word_1_494' title='bbox 1059 3419 1144 3484; x_wconf 88' lang='lat' dir='ltr'><strong>vadit,</strong></span> <span class='ocrx_word' id='word_1_495' title='bbox 1164 3425 1194 3475; x_wconf 92' lang='lat' dir='ltr'><strong>et</strong></span> <span class='ocrx_word' id='word_1_496' title='bbox 1206 3420 1305 3474; x_wconf 89' lang='lat' dir='ltr'><strong>tandiu</strong></span> <span class='ocrx_word' id='word_1_497' title='bbox 1317 3421 1420 3492; x_wconf 88' lang='lat' dir='ltr'><strong>pulsat,</strong></span> <span class='ocrx_word' id='word_1_498' title='bbox 1437 3437 1583 3493; x_wconf 87' lang='lat' dir='ltr'><strong>quousque</strong></span> <span class='ocrx_word' id='word_1_499' title='bbox 1601 3421 1703 3479; x_wconf 88' lang='lat' dir='ltr'><strong>fratres</strong></span> 
     </span>
     <span class='ocr_line' id='line_1_37' title="bbox 72 3503 1702 3584; baseline 0.007 -29"><span class='ocrx_word' id='word_1_500' title='bbox 72 3503 138 3574; x_wconf 84' lang='lat' dir='ltr'><strong>legit,</strong></span> <span class='ocrx_word' id='word_1_501' title='bbox 153 3520 246 3576; x_wconf 90' lang='lat' dir='ltr'><strong>neque</strong></span> <span class='ocrx_word' id='word_1_502' title='bbox 260 3508 365 3570; x_wconf 86' lang='lat' dir='ltr'><strong>cantat,</strong></span> <span class='ocrx_word' id='word_1_503' title='bbox 376 3504 430 3559; x_wconf 87' lang='lat' dir='ltr'><strong>nisi</strong></span> <span class='ocrx_word' id='word_1_504' title='bbox 443 3505 479 3560; x_wconf 91' lang='lat' dir='ltr'><strong>ad</strong></span> <span class='ocrx_word' id='word_1_505' title='bbox 493 3505 567 3577; x_wconf 88' lang='lat' dir='ltr'><strong>quod</strong></span> <span class='ocrx_word' id='word_1_506' title='bbox 582 3521 646 3560; x_wconf 92' lang='lat' dir='ltr'><strong>eum</strong></span> <span class='ocrx_word' id='word_1_507' title='bbox 660 3506 799 3562; x_wconf 87' lang='lat' dir='ltr'><strong>armarius</strong></span> <span class='ocrx_word' id='word_1_508' title='bbox 815 3523 863 3562; x_wconf 90' lang='lat' dir='ltr'><strong>no·</strong></span> <span class='ocrx_word' id='word_1_509' title='bbox 902 3507 937 3561; x_wconf 89' lang='lat' dir='ltr'><strong>de</strong></span> <span class='ocrx_word' id='word_1_510' title='bbox 948 3507 1112 3563; x_wconf 90' lang='lat' dir='ltr'><strong>dormitorio</strong></span> <span class='ocrx_word' id='word_1_511' title='bbox 1131 3524 1194 3563; x_wconf 92' lang='lat' dir='ltr'><strong>cum</strong></span> <span class='ocrx_word' id='word_1_512' title='bbox 1214 3509 1354 3580; x_wconf 83' lang='lat' dir='ltr'><strong>gravitate</strong></span> <span class='ocrx_word' id='word_1_513' title='bbox 1369 3514 1465 3564; x_wconf 88' lang='lat' dir='ltr'><strong>tamen</strong></span> <span class='ocrx_word' id='word_1_514' title='bbox 1480 3510 1626 3567; x_wconf 84' lang='lat' dir='ltr'><strong>advenisse</strong></span> <span class='ocrx_word' id='word_1_515' title='bbox 1638 3529 1702 3584; x_wconf 84' lang='lat' dir='ltr'><strong>cog-</strong></span> 
     </span>
     <span class='ocr_line' id='line_1_38' title="bbox 73 3589 1008 3663; baseline 0.01 -20"><span class='ocrx_word' id='word_1_516' title='bbox 73 3595 115 3643; x_wconf 83' lang='lat' dir='ltr'><strong>ur.</strong></span> <span class='ocrx_word' id='word_1_517' title='bbox 131 3591 164 3644; x_wconf 90' lang='lat' dir='ltr'><strong>Et</strong></span> <span class='ocrx_word' id='word_1_518' title='bbox 178 3590 308 3662; x_wconf 75' lang='lat' dir='ltr'><strong>quamuis</strong></span> <span class='ocrx_word' id='word_1_519' title='bbox 321 3590 498 3661; x_wconf 85' lang='lat' dir='ltr'><strong>capellanum</strong></span> <span class='ocrx_word' id='word_1_520' title='bbox 512 3607 570 3645; x_wconf 83' lang='lat' dir='ltr'><strong>nou</strong></span> <span class='ocrx_word' id='word_1_521' title='bbox 588 3589 700 3656; x_wconf 85' lang='lat' dir='ltr'><strong>babeat,</strong></span> <span class='ocrx_word' id='word_1_522' title='bbox 718 3607 862 3663; x_wconf 84' lang='lat' dir='ltr'><strong>nunquam</strong></span> <span class='ocrx_word' id='word_1_523' title='bbox 903 3601 1008 3651; x_wconf 89' lang='lat' dir='ltr'><strong>noscat.</strong></span> 
     </span>
     <span class='ocr_line' id='line_1_39' title="bbox 71 3679 1702 3762; baseline 0.009 -31"><span class='ocrx_word' id='word_1_524' title='bbox 71 3683 155 3733; x_wconf 75' lang='lat' dir='ltr'><strong>umen</strong></span> <span class='ocrx_word' id='word_1_525' title='bbox 167 3680 245 3734; x_wconf 90' lang='lat' dir='ltr'><strong>solus</strong></span> <span class='ocrx_word' id='word_1_526' title='bbox 258 3679 412 3733; x_wconf 89' lang='lat' dir='ltr'><strong>claustrum</strong></span> <span class='ocrx_word' id='word_1_527' title='bbox 426 3679 491 3744; x_wconf 84' lang='lat' dir='ltr'><strong>exit,</strong></span> <span class='ocrx_word' id='word_1_528' title='bbox 507 3679 562 3733; x_wconf 89' lang='lat' dir='ltr'><strong>nisi</strong></span> <span class='ocrx_word' id='word_1_529' title='bbox 575 3680 698 3751; x_wconf 89' lang='lat' dir='ltr'><strong>aliquem</strong></span> <span class='ocrx_word' id='word_1_530' title='bbox 712 3681 747 3736; x_wconf 89' lang='lat' dir='ltr'><strong>de</strong></span> <span class='ocrx_word' id='word_1_531' title='bbox 765 3680 862 3736; x_wconf 87' lang='lat' dir='ltr'><strong>fratri·</strong></span> <span class='ocrx_word' id='word_1_532' title='bbox 940 3685 1030 3740; x_wconf 90' lang='lat' dir='ltr'><strong>Simili</strong></span> <span class='ocrx_word' id='word_1_533' title='bbox 1044 3685 1127 3740; x_wconf 91' lang='lat' dir='ltr'><strong>modo</strong></span> <span class='ocrx_word' id='word_1_534' title='bbox 1142 3681 1299 3742; x_wconf 90' lang='lat' dir='ltr'><strong>claustralis</strong></span> <span class='ocrx_word' id='word_1_535' title='bbox 1311 3687 1389 3759; x_wconf 88' lang='lat' dir='ltr'><strong>prior</strong></span> <span class='ocrx_word' id='word_1_536' title='bbox 1399 3687 1467 3743; x_wconf 89' lang='lat' dir='ltr'><strong>facit</strong></span> <span class='ocrx_word' id='word_1_537' title='bbox 1481 3705 1613 3762; x_wconf 89' lang='lat' dir='ltr'><strong>percusso</strong></span> <span class='ocrx_word' id='word_1_538' title='bbox 1627 3707 1702 3762; x_wconf 86' lang='lat' dir='ltr'><strong>cym-</strong></span> 
     </span>
     <span class='ocr_line' id='line_1_40' title="bbox 71 3765 1704 3842; baseline 0.008 -22"><span class='ocrx_word' id='word_1_539' title='bbox 71 3765 116 3822; x_wconf 89' lang='lat' dir='ltr'><strong>bus</strong></span> <span class='ocrx_word' id='word_1_540' title='bbox 128 3785 178 3839; x_wconf 91' lang='lat' dir='ltr'><strong>pro</strong></span> <span class='ocrx_word' id='word_1_541' title='bbox 189 3767 349 3824; x_wconf 78' lang='lat' dir='ltr'><strong>reverentia</strong></span> <span class='ocrx_word' id='word_1_542' title='bbox 363 3784 459 3822; x_wconf 88' lang='lat' dir='ltr'><strong>secum</strong></span> <span class='ocrx_word' id='word_1_543' title='bbox 469 3767 590 3824; x_wconf 84' lang='lat' dir='ltr'><strong>duxerit.</strong></span> <span class='ocrx_word' id='word_1_544' title='bbox 902 3771 976 3840; x_wconf 90' lang='lat' dir='ltr'><strong>balo,</strong></span> <span class='ocrx_word' id='word_1_545' title='bbox 986 3779 1024 3839; x_wconf 88' lang='lat' dir='ltr'><strong>et,</strong></span> <span class='ocrx_word' id='word_1_546' title='bbox 1036 3775 1171 3829; x_wconf 88' lang='lat' dir='ltr'><strong>utrolibet</strong></span> <span class='ocrx_word' id='word_1_547' title='bbox 1181 3775 1305 3842; x_wconf 90' lang='lat' dir='ltr'><strong>invento,</strong></span> <span class='ocrx_word' id='word_1_548' title='bbox 1317 3777 1424 3832; x_wconf 86' lang='lat' dir='ltr'><strong>scilicet</strong></span> <span class='ocrx_word' id='word_1_549' title='bbox 1438 3776 1541 3832; x_wconf 92' lang='lat' dir='ltr'><strong>domno</strong></span> <span class='ocrx_word' id='word_1_550' title='bbox 1552 3778 1704 3834; x_wconf 86' lang='lat' dir='ltr'><strong>abbatevel</strong></span> 
     </span>
     <span class='ocr_line' id='line_1_41' title="bbox 347 3861 1703 3938; baseline 0.007 -25"><span class='ocrx_word' id='word_1_551' title='bbox 347 3873 465 3928; x_wconf 74' lang='lat' dir='ltr'><strong>cqpnq</strong></span> <span class='ocrx_word' id='word_1_552' title='bbox 489 3875 576 3930; x_wconf 71' lang='lat' dir='ltr'><strong>xvfl,</strong></span> <span class='ocrx_word' id='word_1_553' title='bbox 902 3861 1171 3934; x_wconf 85' lang='lat' dir='ltr'><strong>priore,nisieodem</strong></span> <span class='ocrx_word' id='word_1_554' title='bbox 1180 3864 1308 3934; x_wconf 88' lang='lat' dir='ltr'><strong>jubente,</strong></span> <span class='ocrx_word' id='word_1_555' title='bbox 1320 3865 1402 3920; x_wconf 85' lang='lat' dir='ltr'><strong>alteri</strong></span> <span class='ocrx_word' id='word_1_556' title='bbox 1411 3871 1508 3938; x_wconf 86' lang='lat' dir='ltr'><strong>postea</strong></span> <span class='ocrx_word' id='word_1_557' title='bbox 1527 3884 1584 3921; x_wconf 90' lang='lat' dir='ltr'><strong>non</strong></span> <span class='ocrx_word' id='word_1_558' title='bbox 1594 3867 1703 3923; x_wconf 86' lang='lat' dir='ltr'><strong>indica·</strong></span> 
     </span>
    </p>
   </div>
   <div class='ocr_carea' id='block_1_3' title="bbox 1 3950 1710 5534">
    <p class='ocr_par' dir='ltr' id='par_1_3' title="bbox 71 3950 1706 4114">
     <span class='ocr_line' id='line_1_42' title="bbox 71 3950 1706 4034; baseline 0.008 -35"><span class='ocrx_word' id='word_1_559' title='bbox 71 3963 126 4029; x_wconf 58' lang='lat' dir='ltr'><strong>OM</strong></span> <span class='ocrx_word' id='word_1_560' title='bbox 138 3967 291 4018; x_wconf 53' lang='lat' dir='ltr'><strong>,ommia</strong></span> <span class='ocrx_word' id='word_1_561' title='bbox 303 3965 591 4032; x_wconf 48' lang='lat' dir='ltr'><strong>pstorpimpendaqur,</strong></span> <span class='ocrx_word' id='word_1_562' title='bbox 600 3965 699 4034; x_wconf 58' lang='lat' dir='ltr'><strong>,equid</strong></span> <span class='ocrx_word' id='word_1_563' title='bbox 707 3965 762 4019; x_wconf 63' lang='lat' dir='ltr'><strong>,spi</strong></span> <span class='ocrx_word' id='word_1_564' title='bbox 772 3965 862 4031; x_wconf 54' lang='lat' dir='ltr'><strong>suem</strong></span> <span class='ocrx_word' id='word_1_565' title='bbox 903 3950 985 4006; x_wconf 83' lang='lat' dir='ltr'><strong>bitSi</strong></span> <span class='ocrx_word' id='word_1_566' title='bbox 993 3968 1057 4006; x_wconf 88' lang='lat' dir='ltr'><strong>vero</strong></span> <span class='ocrx_word' id='word_1_567' title='bbox 1067 3952 1227 4022; x_wconf 87' lang='lat' dir='ltr'><strong>percutiens</strong></span> <span class='ocrx_word' id='word_1_568' title='bbox 1237 3953 1396 4023; x_wconf 85' lang='lat' dir='ltr'><strong>cyrnbalum</strong></span> <span class='ocrx_word' id='word_1_569' title='bbox 1405 3953 1458 4008; x_wconf 88' lang='lat' dir='ltr'><strong>scit</strong></span> <span class='ocrx_word' id='word_1_570' title='bbox 1467 3953 1648 4026; x_wconf 87' lang='lat' dir='ltr'><strong>prioremhoc</strong></span> <span class='ocrx_word' id='word_1_571' title='bbox 1657 3971 1706 4012; x_wconf 91' lang='lat' dir='ltr'><strong>au·</strong></span> 
     </span>
     <span class='ocr_line' id='line_1_43' title="bbox 348 4035 1705 4114; baseline 0.008 -27"><span class='ocrx_word' id='word_1_572' title='bbox 348 4035 437 4096; x_wconf 84' lang='lat' dir='ltr'><strong>liceat,</strong></span> <span class='ocrx_word' id='word_1_573' title='bbox 458 4039 483 4088; x_wconf 84' lang='lat' dir='ltr'><strong>ct</strong></span> <span class='ocrx_word' id='word_1_574' title='bbox 504 4041 579 4088; x_wconf 80' lang='lat' dir='ltr'><strong>non?</strong></span> <span class='ocrx_word' id='word_1_575' title='bbox 904 4038 974 4106; x_wconf 89' lang='lat' dir='ltr'><strong>dire,</strong></span> <span class='ocrx_word' id='word_1_576' title='bbox 985 4041 1078 4095; x_wconf 91' lang='lat' dir='ltr'><strong>neutri</strong></span> <span class='ocrx_word' id='word_1_577' title='bbox 1090 4041 1201 4095; x_wconf 90' lang='lat' dir='ltr'><strong>illorum</strong></span> <span class='ocrx_word' id='word_1_578' title='bbox 1213 4040 1265 4095; x_wconf 90' lang='lat' dir='ltr'><strong>hoc</strong></span> <span class='ocrx_word' id='word_1_579' title='bbox 1275 4041 1427 4097; x_wconf 86' lang='lat' dir='ltr'><strong>innotescit</strong></span> <span class='ocrx_word' id='word_1_580' title='bbox 1437 4059 1443 4096; x_wconf 77' lang='grc' dir='ltr'>ε</span> <span class='ocrx_word' id='word_1_581' title='bbox 1453 4043 1502 4097; x_wconf 89' lang='lat' dir='ltr'><strong>sed</strong></span> <span class='ocrx_word' id='word_1_582' title='bbox 1519 4045 1597 4114; x_wconf 90' lang='lat' dir='ltr'><strong>prior</strong></span> <span class='ocrx_word' id='word_1_583' title='bbox 1609 4043 1705 4098; x_wconf 90' lang='lat' dir='ltr'><strong>abbati</strong></span> 
     </span>
    </p>

    <p class='ocr_par' dir='ltr' id='par_1_4' title="bbox 1 4121 1710 5534">
     <span class='ocr_line' id='line_1_44' title="bbox 99 4121 1707 4206; baseline 0.006 -28"><span class='ocrx_word' id='word_1_584' title='bbox 99 4121 349 4195; x_wconf 85' lang='lat' dir='ltr'><strong>&#39;Quotiescunque</strong></span> <span class='ocrx_word' id='word_1_585' title='bbox 376 4139 441 4178; x_wconf 90' lang='lat' dir='ltr'><strong>cum</strong></span> <span class='ocrx_word' id='word_1_586' title='bbox 468 4123 592 4178; x_wconf 88' lang='lat' dir='ltr'><strong>armario</strong></span> <span class='ocrx_word' id='word_1_587' title='bbox 624 4125 741 4179; x_wconf 88' lang='lat' dir='ltr'><strong>chorum</strong></span> <span class='ocrx_word' id='word_1_588' title='bbox 774 4129 862 4192; x_wconf 81' lang='lat' dir='ltr'><strong>tenet,</strong></span> <span class='ocrx_word' id='word_1_589' title='bbox 903 4128 957 4182; x_wconf 89' lang='lat' dir='ltr'><strong>hoc</strong></span> <span class='ocrx_word' id='word_1_590' title='bbox 966 4127 1200 4193; x_wconf 74' lang='lat' dir='ltr'><strong>annuntiabitlli,</strong></span> <span class='ocrx_word' id='word_1_591' title='bbox 1212 4128 1284 4184; x_wconf 87' lang='lat' dir='ltr'><strong>sicut</strong></span> <span class='ocrx_word' id='word_1_592' title='bbox 1292 4130 1408 4186; x_wconf 89' lang='lat' dir='ltr'><strong>cuilibet</strong></span> <span class='ocrx_word' id='word_1_593' title='bbox 1417 4131 1452 4184; x_wconf 90' lang='lat' dir='ltr'><strong>ad</strong></span> <span class='ocrx_word' id='word_1_594' title='bbox 1464 4131 1570 4186; x_wconf 86' lang='lat' dir='ltr'><strong>scillam</strong></span> <span class='ocrx_word' id='word_1_595' title='bbox 1581 4148 1707 4206; x_wconf 80' lang='lat' dir='ltr'><strong>sessuro,</strong></span> 
     </span>
     <span class='ocr_line' id='line_1_45' title="bbox 70 4212 1706 4292; baseline 0.007 -29"><span class='ocrx_word' id='word_1_596' title='bbox 70 4217 167 4266; x_wconf 79' lang='lat' dir='ltr'><strong>textum</strong></span> <span class='ocrx_word' id='word_1_597' title='bbox 182 4212 327 4284; x_wconf 79' lang='lat' dir='ltr'><strong>Evangelii</strong></span> <span class='ocrx_word' id='word_1_598' title='bbox 342 4212 506 4284; x_wconf 87' lang='lat' dir='ltr'><strong>priusquam</strong></span> <span class='ocrx_word' id='word_1_599' title='bbox 525 4213 573 4267; x_wconf 90' lang='lat' dir='ltr'><strong>ille</strong></span> <span class='ocrx_word' id='word_1_600' title='bbox 587 4214 743 4280; x_wconf 66' lang='lat' dir='ltr'><strong>osculatum</strong></span> <span class='ocrx_word' id='word_1_601' title='bbox 760 4214 810 4268; x_wconf 91' lang='lat' dir='ltr'><strong>sed</strong></span> <span class='ocrx_word' id='word_1_602' title='bbox 823 4214 865 4268; x_wconf 92' lang='lat' dir='ltr'><strong>in·</strong></span> <span class='ocrx_word' id='word_1_603' title='bbox 904 4232 1049 4288; x_wconf 90' lang='lat' dir='ltr'><strong>nunquam</strong></span> <span class='ocrx_word' id='word_1_604' title='bbox 1077 4223 1214 4272; x_wconf 82' lang='lat' dir='ltr'><strong>conventu</strong></span> <span class='ocrx_word' id='word_1_605' title='bbox 1239 4224 1386 4289; x_wconf 74' lang='lat' dir='ltr'><strong>prasente,</strong></span> <span class='ocrx_word' id='word_1_606' title='bbox 1411 4219 1466 4274; x_wconf 90' lang='lat' dir='ltr'><strong>nisi</strong></span> <span class='ocrx_word' id='word_1_607' title='bbox 1488 4220 1598 4291; x_wconf 82' lang='lat' dir='ltr'><strong>integer</strong></span> <span class='ocrx_word' id='word_1_608' title='bbox 1624 4221 1706 4292; x_wconf 89' lang='lat' dir='ltr'><strong>panis</strong></span> 
     </span>
     <span class='ocr_line' id='line_1_46' title="bbox 71 4301 1707 4398; baseline 0.006 -46"><span class='ocrx_word' id='word_1_609' title='bbox 71 4315 176 4356; x_wconf 87' lang='lat' dir='ltr'><strong>censum</strong></span> <span class='ocrx_word' id='word_1_610' title='bbox 192 4317 251 4356; x_wconf 87' lang='lat' dir='ltr'><strong>non</strong></span> <span class='ocrx_word' id='word_1_611' title='bbox 264 4301 395 4372; x_wconf 87' lang='lat' dir='ltr'><strong>imponit.</strong></span> <span class='ocrx_word' id='word_1_612' title='bbox 411 4303 475 4372; x_wconf 87' lang='lat' dir='ltr'><strong>lpse</strong></span> <span class='ocrx_word' id='word_1_613' title='bbox 489 4301 576 4357; x_wconf 88' lang='lat' dir='ltr'><strong>etiam</strong></span> <span class='ocrx_word' id='word_1_614' title='bbox 590 4318 679 4374; x_wconf 90' lang='lat' dir='ltr'><strong>cappa</strong></span> <span class='ocrx_word' id='word_1_615' title='bbox 691 4303 807 4358; x_wconf 91' lang='lat' dir='ltr'><strong>indutus</strong></span> <span class='ocrx_word' id='word_1_616' title='bbox 821 4302 1065 4398; x_wconf 75' lang='lat' dir='ltr'><strong>velDapponitur.</strong></span> <span class='ocrx_word' id='word_1_617' title='bbox 1090 4305 1133 4359; x_wconf 83' lang='lat' dir='ltr'><strong>ad</strong></span> <span class='ocrx_word' id='word_1_618' title='bbox 1156 4305 1228 4359; x_wconf 90' lang='lat' dir='ltr'><strong>hanc</strong></span> <span class='ocrx_word' id='word_1_619' title='bbox 1239 4305 1351 4375; x_wconf 86' lang='lat' dir='ltr'><strong>sedens,</strong></span> <span class='ocrx_word' id='word_1_620' title='bbox 1366 4307 1390 4361; x_wconf 92' lang='lat' dir='ltr'><strong>si</strong></span> <span class='ocrx_word' id='word_1_621' title='bbox 1404 4307 1528 4362; x_wconf 88' lang='lat' dir='ltr'><strong>sonitum</strong></span> <span class='ocrx_word' id='word_1_622' title='bbox 1542 4307 1649 4374; x_wconf 89' lang='lat' dir='ltr'><strong>fecerit,</strong></span> <span class='ocrx_word' id='word_1_623' title='bbox 1662 4307 1707 4362; x_wconf 89' lang='lat' dir='ltr'><strong>vel</strong></span> 
     </span>
     <span class='ocr_line' id='line_1_47' title="bbox 71 4388 1706 4468; baseline 0.007 -28"><span class='ocrx_word' id='word_1_624' title='bbox 71 4388 136 4444; x_wconf 85' lang='lat' dir='ltr'><strong>alios</strong></span> <span class='ocrx_word' id='word_1_625' title='bbox 149 4397 224 4446; x_wconf 88' lang='lat' dir='ltr'><strong>nutu</strong></span> <span class='ocrx_word' id='word_1_626' title='bbox 237 4391 300 4461; x_wconf 73' lang='lat' dir='ltr'><strong>eJus</strong></span> <span class='ocrx_word' id='word_1_627' title='bbox 313 4390 412 4446; x_wconf 90' lang='lat' dir='ltr'><strong>eadem</strong></span> <span class='ocrx_word' id='word_1_628' title='bbox 427 4391 499 4444; x_wconf 90' lang='lat' dir='ltr'><strong>hora</strong></span> <span class='ocrx_word' id='word_1_629' title='bbox 511 4391 602 4456; x_wconf 80' lang='lat' dir='ltr'><strong>offert,</strong></span> <span class='ocrx_word' id='word_1_630' title='bbox 615 4396 645 4445; x_wconf 88' lang='lat' dir='ltr'><strong>et</strong></span> <span class='ocrx_word' id='word_1_631' title='bbox 663 4391 769 4463; x_wconf 88' lang='lat' dir='ltr'><strong>absque</strong></span> <span class='ocrx_word' id='word_1_632' title='bbox 782 4391 865 4446; x_wconf 88' lang='lat' dir='ltr'><strong>licen·</strong></span> <span class='ocrx_word' id='word_1_633' title='bbox 906 4393 1012 4465; x_wconf 89' lang='lat' dir='ltr'><strong>aliquid</strong></span> <span class='ocrx_word' id='word_1_634' title='bbox 1022 4393 1152 4448; x_wconf 79' lang='lat' dir='ltr'><strong>effuderit</strong></span> <span class='ocrx_word' id='word_1_635' title='bbox 1160 4398 1211 4449; x_wconf 90' lang='lat' dir='ltr'><strong>aut</strong></span> <span class='ocrx_word' id='word_1_636' title='bbox 1218 4394 1343 4464; x_wconf 85' lang='lat' dir='ltr'><strong>fregerit.</strong></span> <span class='ocrx_word' id='word_1_637' title='bbox 1352 4395 1480 4450; x_wconf 90' lang='lat' dir='ltr'><strong>eamdem</strong></span> <span class='ocrx_word' id='word_1_638' title='bbox 1492 4412 1576 4468; x_wconf 90' lang='lat' dir='ltr'><strong>quam</strong></span> <span class='ocrx_word' id='word_1_639' title='bbox 1587 4402 1616 4451; x_wconf 90' lang='lat' dir='ltr'><strong>et</strong></span> <span class='ocrx_word' id='word_1_640' title='bbox 1624 4396 1706 4451; x_wconf 91' lang='lat' dir='ltr'><strong>dom·</strong></span> 
     </span>
     <span class='ocr_line' id='line_1_48' title="bbox 72 4477 1706 4550; baseline 0.007 -21"><span class='ocrx_word' id='word_1_641' title='bbox 72 4477 105 4530; x_wconf 86' lang='lat' dir='ltr'><strong>tia</strong></span> <span class='ocrx_word' id='word_1_642' title='bbox 118 4479 298 4549; x_wconf 66' lang='lat' dir='ltr'><strong>precentoris</strong></span> <span class='ocrx_word' id='word_1_643' title='bbox 321 4495 438 4550; x_wconf 89' lang='lat' dir='ltr'><strong>cappam</strong></span> <span class='ocrx_word' id='word_1_644' title='bbox 449 4479 535 4546; x_wconf 85' lang='lat' dir='ltr'><strong>exuit,</strong></span> <span class='ocrx_word' id='word_1_645' title='bbox 550 4479 574 4534; x_wconf 90' lang='lat' dir='ltr'><strong>si</strong></span> <span class='ocrx_word' id='word_1_646' title='bbox 586 4484 652 4534; x_wconf 89' lang='lat' dir='ltr'><strong>ante</strong></span> <span class='ocrx_word' id='word_1_647' title='bbox 667 4480 752 4535; x_wconf 83' lang='lat' dir='ltr'><strong>finem</strong></span> <span class='ocrx_word' id='word_1_648' title='bbox 773 4481 865 4536; x_wconf 79' lang='lat' dir='ltr'><strong>missae</strong></span> <span class='ocrx_word' id='word_1_649' title='bbox 905 4497 959 4537; x_wconf 89' lang='lat' dir='ltr'><strong>nus</strong></span> <span class='ocrx_word' id='word_1_650' title='bbox 973 4480 1046 4537; x_wconf 91' lang='lat' dir='ltr'><strong>abba</strong></span> <span class='ocrx_word' id='word_1_651' title='bbox 1060 4482 1279 4538; x_wconf 79' lang='lat' dir='ltr'><strong>satisfactionem</strong></span> <span class='ocrx_word' id='word_1_652' title='bbox 1294 4483 1376 4542; x_wconf 88' lang='lat' dir='ltr'><strong>facit.</strong></span> <span class='ocrx_word' id='word_1_653' title='bbox 1394 4483 1510 4540; x_wconf 90' lang='lat' dir='ltr'><strong>Nullum</strong></span> <span class='ocrx_word' id='word_1_654' title='bbox 1529 4485 1569 4540; x_wconf 87' lang='lat' dir='ltr'><strong>ibi</strong></span> <span class='ocrx_word' id='word_1_655' title='bbox 1590 4486 1706 4541; x_wconf 82' lang='lat' dir='ltr'><strong>fratrem</strong></span> 
     </span>
     <span class='ocr_line' id='line_1_49' title="bbox 71 4567 1704 4646; baseline 0.007 -26"><span class='ocrx_word' id='word_1_656' title='bbox 71 4582 129 4621; x_wconf 90' lang='lat' dir='ltr'><strong>eum</strong></span> <span class='ocrx_word' id='word_1_657' title='bbox 147 4567 216 4624; x_wconf 87' lang='lat' dir='ltr'><strong>inde</strong></span> <span class='ocrx_word' id='word_1_658' title='bbox 233 4567 378 4622; x_wconf 88' lang='lat' dir='ltr'><strong>discedere</strong></span> <span class='ocrx_word' id='word_1_659' title='bbox 389 4567 528 4638; x_wconf 82' lang='lat' dir='ltr'><strong>contingit</strong></span> <span class='ocrx_word' id='word_1_660' title='bbox 543 4587 549 4621; x_wconf 94' lang='lat'><strong>:</strong></span> <span class='ocrx_word' id='word_1_661' title='bbox 567 4568 603 4622; x_wconf 97' lang='lat' dir='ltr'><strong>ad</strong></span> <span class='ocrx_word' id='word_1_662' title='bbox 616 4585 682 4623; x_wconf 88' lang='lat' dir='ltr'><strong>eum</strong></span> <span class='ocrx_word' id='word_1_663' title='bbox 696 4569 820 4640; x_wconf 86' lang='lat' dir='ltr'><strong>pertinet</strong></span> <span class='ocrx_word' id='word_1_664' title='bbox 833 4569 865 4622; x_wconf 91' lang='lat' dir='ltr'><strong>li·</strong></span> <span class='ocrx_word' id='word_1_665' title='bbox 905 4587 956 4642; x_wconf 91' lang='lat' dir='ltr'><strong>pro</strong></span> <span class='ocrx_word' id='word_1_666' title='bbox 969 4571 1157 4642; x_wconf 87' lang='lat' dir='ltr'><strong>impendenda</strong></span> <span class='ocrx_word' id='word_1_667' title='bbox 1170 4571 1308 4627; x_wconf 87' lang='lat' dir='ltr'><strong>charitate</strong></span> <span class='ocrx_word' id='word_1_668' title='bbox 1330 4572 1469 4628; x_wconf 89' lang='lat' dir='ltr'><strong>nominat.</strong></span> <span class='ocrx_word' id='word_1_669' title='bbox 1487 4574 1602 4638; x_wconf 85' lang='lat' dir='ltr'><strong>Quoties</strong></span> <span class='ocrx_word' id='word_1_670' title='bbox 1615 4591 1704 4646; x_wconf 83' lang='lat' dir='ltr'><strong>gene-</strong></span> 
     </span>
     <span class='ocr_line' id='line_1_50' title="bbox 71 4655 1708 4733; baseline 0.006 -24"><span class='ocrx_word' id='word_1_671' title='bbox 71 4657 187 4710; x_wconf 86' lang='lat' dir='ltr'><strong>ccntiam</strong></span> <span class='ocrx_word' id='word_1_672' title='bbox 213 4656 280 4710; x_wconf 87' lang='lat' dir='ltr'><strong>dare</strong></span> <span class='ocrx_word' id='word_1_673' title='bbox 303 4655 420 4712; x_wconf 88' lang='lat' dir='ltr'><strong>missam</strong></span> <span class='ocrx_word' id='word_1_674' title='bbox 442 4655 611 4724; x_wconf 84' lang='lat' dir='ltr'><strong>celebrandi,</strong></span> <span class='ocrx_word' id='word_1_675' title='bbox 635 4658 678 4712; x_wconf 84' lang='lat' dir='ltr'><strong>rel</strong></span> <span class='ocrx_word' id='word_1_676' title='bbox 701 4657 788 4712; x_wconf 87' lang='lat' dir='ltr'><strong>abbas</strong></span> <span class='ocrx_word' id='word_1_677' title='bbox 815 4661 866 4711; x_wconf 86' lang='lat' dir='ltr'><strong>aut</strong></span> <span class='ocrx_word' id='word_1_678' title='bbox 905 4661 973 4715; x_wconf 87' lang='lat' dir='ltr'><strong>ralis</strong></span> <span class='ocrx_word' id='word_1_679' title='bbox 982 4661 1118 4732; x_wconf 87' lang='lat' dir='ltr'><strong>pietantia</strong></span> <span class='ocrx_word' id='word_1_680' title='bbox 1131 4660 1265 4716; x_wconf 87' lang='lat' dir='ltr'><strong>fratribus</strong></span> <span class='ocrx_word' id='word_1_681' title='bbox 1288 4661 1471 4733; x_wconf 85' lang='lat' dir='ltr'><strong>impenditur.</strong></span> <span class='ocrx_word' id='word_1_682' title='bbox 1487 4669 1556 4719; x_wconf 85' lang='lat' dir='ltr'><strong>tunc</strong></span> <span class='ocrx_word' id='word_1_683' title='bbox 1578 4663 1631 4720; x_wconf 88' lang='lat' dir='ltr'><strong>sibi</strong></span> <span class='ocrx_word' id='word_1_684' title='bbox 1654 4663 1708 4720; x_wconf 91' lang='lat' dir='ltr'><strong>soli</strong></span> 
     </span>
     <span class='ocr_line' id='line_1_51' title="bbox 71 4745 1710 4826; baseline 0.007 -29"><span class='ocrx_word' id='word_1_685' title='bbox 71 4759 169 4816; x_wconf 89' lang='lat' dir='ltr'><strong>cappas</strong></span> <span class='ocrx_word' id='word_1_686' title='bbox 183 4745 315 4808; x_wconf 86' lang='lat' dir='ltr'><strong>exuendi,</strong></span> <span class='ocrx_word' id='word_1_687' title='bbox 340 4750 489 4817; x_wconf 89' lang='lat' dir='ltr'><strong>postquam</strong></span> <span class='ocrx_word' id='word_1_688' title='bbox 503 4746 624 4801; x_wconf 90' lang='lat' dir='ltr'><strong>domnus</strong></span> <span class='ocrx_word' id='word_1_689' title='bbox 639 4745 711 4801; x_wconf 89' lang='lat' dir='ltr'><strong>abba</strong></span> <span class='ocrx_word' id='word_1_690' title='bbox 723 4746 753 4801; x_wconf 89' lang='lat' dir='ltr'><strong>iu</strong></span> <span class='ocrx_word' id='word_1_691' title='bbox 767 4745 866 4801; x_wconf 88' lang='lat' dir='ltr'><strong>missa-</strong></span> <span class='ocrx_word' id='word_1_692' title='bbox 905 4750 963 4804; x_wconf 87' lang='lat' dir='ltr'><strong>sire</strong></span> <span class='ocrx_word' id='word_1_693' title='bbox 977 4751 1013 4804; x_wconf 91' lang='lat' dir='ltr'><strong>ad</strong></span> <span class='ocrx_word' id='word_1_694' title='bbox 1031 4749 1151 4816; x_wconf 87' lang='lat' dir='ltr'><strong>scillam,</strong></span> <span class='ocrx_word' id='word_1_695' title='bbox 1173 4750 1231 4805; x_wconf 89' lang='lat' dir='ltr'><strong>sive</strong></span> <span class='ocrx_word' id='word_1_696' title='bbox 1249 4749 1279 4804; x_wconf 91' lang='lat' dir='ltr'><strong>in</strong></span> <span class='ocrx_word' id='word_1_697' title='bbox 1296 4750 1360 4806; x_wconf 92' lang='lat' dir='ltr'><strong>loco</strong></span> <span class='ocrx_word' id='word_1_698' title='bbox 1382 4767 1433 4806; x_wconf 87' lang='lat' dir='ltr'><strong>suo</strong></span> <span class='ocrx_word' id='word_1_699' title='bbox 1456 4752 1576 4821; x_wconf 89' lang='lat' dir='ltr'><strong>sedenti,</strong></span> <span class='ocrx_word' id='word_1_700' title='bbox 1597 4753 1710 4826; x_wconf 79' lang='lat' dir='ltr'><strong>integra</strong></span> 
     </span>
     <span class='ocr_line' id='line_1_52' title="bbox 70 4833 1709 4912; baseline 0.006 -25"><span class='ocrx_word' id='word_1_701' title='bbox 70 4833 863 4905; x_wconf 82' lang='lat' dir='ltr'><strong>romoelebrationepostotierendamaccesseritadaltare,</strong></span> <span class='ocrx_word' id='word_1_702' title='bbox 906 4839 999 4892; x_wconf 88' lang='lat' dir='ltr'><strong>datur.</strong></span> <span class='ocrx_word' id='word_1_703' title='bbox 1024 4838 1102 4893; x_wconf 88' lang='lat' dir='ltr'><strong>Scire</strong></span> <span class='ocrx_word' id='word_1_704' title='bbox 1129 4837 1222 4906; x_wconf 88' lang='lat' dir='ltr'><strong>debet,</strong></span> <span class='ocrx_word' id='word_1_705' title='bbox 1245 4837 1320 4910; x_wconf 91' lang='lat' dir='ltr'><strong>quod</strong></span> <span class='ocrx_word' id='word_1_706' title='bbox 1346 4843 1463 4912; x_wconf 90' lang='lat' dir='ltr'><strong>propter</strong></span> <span class='ocrx_word' id='word_1_707' title='bbox 1488 4841 1597 4897; x_wconf 89' lang='lat' dir='ltr'><strong>abbatis</strong></span> <span class='ocrx_word' id='word_1_708' title='bbox 1620 4841 1709 4898; x_wconf 88' lang='lat' dir='ltr'><strong>micas</strong></span> 
     </span>
     <span class='ocr_line' id='line_1_53' title="bbox 70 4917 1709 5002; baseline 0.006 -27"><span class='ocrx_word' id='word_1_709' title='bbox 70 4921 139 4991; x_wconf 87' lang='lat' dir='ltr'><strong>quod</strong></span> <span class='ocrx_word' id='word_1_710' title='bbox 160 4928 191 4976; x_wconf 88' lang='lat' dir='ltr'><strong>et</strong></span> <span class='ocrx_word' id='word_1_711' title='bbox 208 4922 323 4976; x_wconf 87' lang='lat' dir='ltr'><strong>cuilibet</strong></span> <span class='ocrx_word' id='word_1_712' title='bbox 336 4921 463 4977; x_wconf 87' lang='lat' dir='ltr'><strong>ordinem</strong></span> <span class='ocrx_word' id='word_1_713' title='bbox 478 4923 588 4994; x_wconf 82' lang='lat' dir='ltr'><strong>regenti</strong></span> <span class='ocrx_word' id='word_1_714' title='bbox 601 4923 668 4978; x_wconf 85' lang='lat' dir='ltr'><strong>licet</strong></span> <span class='ocrx_word' id='word_1_715' title='bbox 683 4923 784 4978; x_wconf 87' lang='lat' dir='ltr'><strong>facere.</strong></span> <span class='ocrx_word' id='word_1_716' title='bbox 799 4921 866 4995; x_wconf 88' lang='lat' dir='ltr'><strong>Ipse</strong></span> <span class='ocrx_word' id='word_1_717' title='bbox 906 4927 989 4981; x_wconf 88' lang='lat' dir='ltr'><strong>lectio</strong></span> <span class='ocrx_word' id='word_1_718' title='bbox 999 4933 1042 4981; x_wconf 89' lang='lat' dir='ltr'><strong>eat</strong></span> <span class='ocrx_word' id='word_1_719' title='bbox 1055 4926 1231 4999; x_wconf 86' lang='lat' dir='ltr'><strong>protelanda.</strong></span> <span class='ocrx_word' id='word_1_720' title='bbox 1246 4927 1276 4982; x_wconf 90' lang='lat' dir='ltr'><strong>Si</strong></span> <span class='ocrx_word' id='word_1_721' title='bbox 1291 4927 1417 4984; x_wconf 89' lang='lat' dir='ltr'><strong>minutus</strong></span> <span class='ocrx_word' id='word_1_722' title='bbox 1428 4935 1472 4984; x_wconf 89' lang='lat' dir='ltr'><strong>est</strong></span> <span class='ocrx_word' id='word_1_723' title='bbox 1484 4931 1632 5002; x_wconf 83' lang='lat' dir='ltr'><strong>sanguine,</strong></span> <span class='ocrx_word' id='word_1_724' title='bbox 1643 4917 1709 4987; x_wconf 81' lang='lat' dir='ltr'><strong>oum</strong></span> 
     </span>
     <span class='ocr_line' id='line_1_54' title="bbox 70 5009 1710 5092; baseline 0.01 -33"><span class='ocrx_word' id='word_1_725' title='bbox 70 5025 130 5065; x_wconf 74' lang='lat' dir='ltr'><strong>uero</strong></span> <span class='ocrx_word' id='word_1_726' title='bbox 145 5011 226 5082; x_wconf 90' lang='lat' dir='ltr'><strong>prior</strong></span> <span class='ocrx_word' id='word_1_727' title='bbox 239 5011 355 5066; x_wconf 89' lang='lat' dir='ltr'><strong>missam</strong></span> <span class='ocrx_word' id='word_1_728' title='bbox 365 5009 567 5077; x_wconf 82' lang='lat' dir='ltr'><strong>celebraturus,</strong></span> <span class='ocrx_word' id='word_1_729' title='bbox 578 5017 728 5084; x_wconf 90' lang='lat' dir='ltr'><strong>postquam</strong></span> <span class='ocrx_word' id='word_1_730' title='bbox 742 5013 865 5084; x_wconf 86' lang='lat' dir='ltr'><strong>primum</strong></span> <span class='ocrx_word' id='word_1_731' title='bbox 907 5023 1045 5072; x_wconf 84' lang='lat' dir='ltr'><strong>conventu</strong></span> <span class='ocrx_word' id='word_1_732' title='bbox 1058 5032 1114 5070; x_wconf 88' lang='lat' dir='ltr'><strong>non</strong></span> <span class='ocrx_word' id='word_1_733' title='bbox 1129 5014 1239 5071; x_wconf 89' lang='lat' dir='ltr'><strong>dubitat</strong></span> <span class='ocrx_word' id='word_1_734' title='bbox 1250 5016 1367 5071; x_wconf 89' lang='lat' dir='ltr'><strong>chorum</strong></span> <span class='ocrx_word' id='word_1_735' title='bbox 1383 5017 1500 5074; x_wconf 88' lang='lat' dir='ltr'><strong>intrare.</strong></span> <span class='ocrx_word' id='word_1_736' title='bbox 1509 5020 1577 5074; x_wconf 92' lang='lat' dir='ltr'><strong>Post</strong></span> <span class='ocrx_word' id='word_1_737' title='bbox 1584 5021 1710 5092; x_wconf 81' lang='lat' dir='ltr'><strong>singulas</strong></span> 
     </span>
     <span class='ocr_line' id='line_1_55' title="bbox 70 5098 1707 5176; baseline 0.006 -24"><span class='ocrx_word' id='word_1_738' title='bbox 70 5098 102 5152; x_wconf 93' lang='lat' dir='ltr'><strong>ad</strong></span> <span class='ocrx_word' id='word_1_739' title='bbox 115 5099 208 5154; x_wconf 85' lang='lat' dir='ltr'><strong>altare</strong></span> <span class='ocrx_word' id='word_1_740' title='bbox 221 5100 380 5160; x_wconf 75' lang='lat' dir='ltr'><strong>accesserit,</strong></span> <span class='ocrx_word' id='word_1_741' title='bbox 395 5101 467 5154; x_wconf 89' lang='lat' dir='ltr'><strong>nulli</strong></span> <span class='ocrx_word' id='word_1_742' title='bbox 489 5101 556 5171; x_wconf 93' lang='lat' dir='ltr'><strong>quid</strong></span> <span class='ocrx_word' id='word_1_743' title='bbox 580 5100 700 5156; x_wconf 87' lang='lat' dir='ltr'><strong>faciendi</strong></span> <span class='ocrx_word' id='word_1_744' title='bbox 722 5102 865 5156; x_wconf 87' lang='lat' dir='ltr'><strong>licentiam</strong></span> <span class='ocrx_word' id='word_1_745' title='bbox 908 5104 1156 5161; x_wconf 79' lang='lat' dir='ltr'><strong>refectionssfinito</strong></span> <span class='ocrx_word' id='word_1_746' title='bbox 1165 5105 1362 5176; x_wconf 87' lang='lat' dir='ltr'><strong>psalmodebet</strong></span> <span class='ocrx_word' id='word_1_747' title='bbox 1371 5113 1437 5162; x_wconf 88' lang='lat' dir='ltr'><strong>ante</strong></span> <span class='ocrx_word' id='word_1_748' title='bbox 1447 5108 1609 5163; x_wconf 84' lang='lat' dir='ltr'><strong>vestiarium</strong></span> <span class='ocrx_word' id='word_1_749' title='bbox 1621 5113 1707 5176; x_wconf 83' lang='lat' dir='ltr'><strong>stare,</strong></span> 
     </span>
     <span class='ocr_line' id='line_1_56' title="bbox 1 5187 1709 5266; baseline 0.006 -26"><span class='ocrx_word' id='word_1_750' title='bbox 1 5251 2 5262; x_wconf 11' lang='grc' dir='ltr'>χ</span> <span class='ocrx_word' id='word_1_751' title='bbox 70 5187 132 5257; x_wconf 88' lang='lat' dir='ltr'><strong>dat;</strong></span> <span class='ocrx_word' id='word_1_752' title='bbox 153 5189 207 5243; x_wconf 86' lang='lat' dir='ltr'><strong>sed</strong></span> <span class='ocrx_word' id='word_1_753' title='bbox 221 5188 324 5260; x_wconf 89' lang='lat' dir='ltr'><strong>potius,</strong></span> <span class='ocrx_word' id='word_1_754' title='bbox 339 5189 388 5260; x_wconf 90' lang='lat' dir='ltr'><strong>qui</strong></span> <span class='ocrx_word' id='word_1_755' title='bbox 402 5190 572 5260; x_wconf 79' lang='lat' dir='ltr'><strong>adpraesens</strong></span> <span class='ocrx_word' id='word_1_756' title='bbox 587 5191 715 5246; x_wconf 89' lang='lat' dir='ltr'><strong>ordinem</strong></span> <span class='ocrx_word' id='word_1_757' title='bbox 731 5191 812 5262; x_wconf 80' lang='lat' dir='ltr'><strong>regit.</strong></span> <span class='ocrx_word' id='word_1_758' title='bbox 823 5191 867 5246; x_wconf 85' lang='lat' dir='ltr'><strong>Ad</strong></span> <span class='ocrx_word' id='word_1_759' title='bbox 908 5210 1054 5266; x_wconf 86' lang='lat' dir='ltr'><strong>quousque</strong></span> <span class='ocrx_word' id='word_1_760' title='bbox 1072 5193 1172 5248; x_wconf 83' lang='lat' dir='ltr'><strong>viderit</strong></span> <span class='ocrx_word' id='word_1_761' title='bbox 1191 5193 1293 5249; x_wconf 88' lang='lat' dir='ltr'><strong>fratrea</strong></span> <span class='ocrx_word' id='word_1_762' title='bbox 1308 5194 1417 5250; x_wconf 84' lang='lat' dir='ltr'><strong>exiisse.</strong></span> <span class='ocrx_word' id='word_1_763' title='bbox 1438 5196 1667 5266; x_wconf 77' lang='lat' dir='ltr'><strong>Quandocumque</strong></span> <span class='ocrx_word' id='word_1_764' title='bbox 1678 5195 1709 5250; x_wconf 92' lang='lat' dir='ltr'><strong>in</strong></span> 
     </span>
     <span class='ocr_line' id='line_1_57' title="bbox 1 5278 1709 5354; baseline 0.003 -23"><span class='ocrx_word' id='word_1_765' title='bbox 1 5347 2 5354; x_wconf 8' lang='grc' dir='ltr'>ἵ</span> <span class='ocrx_word' id='word_1_766' title='bbox 70 5278 226 5349; x_wconf 87' lang='lat' dir='ltr'><strong>capitulum</strong></span> <span class='ocrx_word' id='word_1_767' title='bbox 249 5285 276 5333; x_wconf 90' lang='lat' dir='ltr'><strong>et</strong></span> <span class='ocrx_word' id='word_1_768' title='bbox 301 5285 365 5350; x_wconf 89' lang='lat' dir='ltr'><strong>post</strong></span> <span class='ocrx_word' id='word_1_769' title='bbox 387 5280 602 5352; x_wconf 90' lang='lat' dir='ltr'><strong>completorium</strong></span> <span class='ocrx_word' id='word_1_770' title='bbox 622 5283 768 5354; x_wconf 85' lang='lat' dir='ltr'><strong>pulsaturo</strong></span> <span class='ocrx_word' id='word_1_771' title='bbox 793 5283 867 5354; x_wconf 85' lang='lat' dir='ltr'><strong>signi</strong></span> <span class='ocrx_word' id='word_1_772' title='bbox 908 5281 1086 5337; x_wconf 86' lang='lat' dir='ltr'><strong>refectorium</strong></span> <span class='ocrx_word' id='word_1_773' title='bbox 1112 5280 1171 5336; x_wconf 91' lang='lat' dir='ltr'><strong>itur</strong></span> <span class='ocrx_word' id='word_1_774' title='bbox 1184 5281 1290 5349; x_wconf 89' lang='lat' dir='ltr'><strong>bibere,</strong></span> <span class='ocrx_word' id='word_1_775' title='bbox 1313 5299 1371 5338; x_wconf 90' lang='lat' dir='ltr'><strong>non</strong></span> <span class='ocrx_word' id='word_1_776' title='bbox 1391 5284 1469 5354; x_wconf 89' lang='lat' dir='ltr'><strong>prius</strong></span> <span class='ocrx_word' id='word_1_777' title='bbox 1496 5283 1603 5338; x_wconf 90' lang='lat' dir='ltr'><strong>scillam</strong></span> <span class='ocrx_word' id='word_1_778' title='bbox 1625 5282 1709 5338; x_wconf 88' lang='lat' dir='ltr'><strong>debet</strong></span> 
     </span>
     <span class='ocr_line' id='line_1_58' title="bbox 70 5367 1710 5443; baseline 0.003 -21"><span class='ocrx_word' id='word_1_779' title='bbox 70 5375 174 5422; x_wconf 83' lang='lat' dir='ltr'><strong>restem</strong></span> <span class='ocrx_word' id='word_1_780' title='bbox 201 5367 303 5439; x_wconf 87' lang='lat' dir='ltr'><strong>aliquis</strong></span> <span class='ocrx_word' id='word_1_781' title='bbox 330 5384 382 5439; x_wconf 91' lang='lat' dir='ltr'><strong>pro</strong></span> <span class='ocrx_word' id='word_1_782' title='bbox 408 5369 566 5424; x_wconf 86' lang='lat' dir='ltr'><strong>reverentia</strong></span> <span class='ocrx_word' id='word_1_783' title='bbox 591 5371 717 5442; x_wconf 90' lang='lat' dir='ltr'><strong>deponit,</strong></span> <span class='ocrx_word' id='word_1_784' title='bbox 731 5372 867 5443; x_wconf 87' lang='lat' dir='ltr'><strong>finitaque</strong></span> <span class='ocrx_word' id='word_1_785' title='bbox 908 5371 1064 5438; x_wconf 89' lang='lat' dir='ltr'><strong>dimittere,</strong></span> <span class='ocrx_word' id='word_1_786' title='bbox 1087 5387 1172 5442; x_wconf 89' lang='lat' dir='ltr'><strong>quam</strong></span> <span class='ocrx_word' id='word_1_787' title='bbox 1198 5372 1293 5428; x_wconf 85' lang='lat' dir='ltr'><strong>videat</strong></span> <span class='ocrx_word' id='word_1_788' title='bbox 1317 5387 1415 5427; x_wconf 88' lang='lat' dir='ltr'><strong>omnes</strong></span> <span class='ocrx_word' id='word_1_789' title='bbox 1435 5372 1564 5426; x_wconf 87' lang='lat' dir='ltr'><strong>intrasse.</strong></span> <span class='ocrx_word' id='word_1_790' title='bbox 1586 5370 1710 5435; x_wconf 90' lang='lat' dir='ltr'><strong>Quilibet</strong></span> 
     </span>
     <span class='ocr_line' id='line_1_59' title="bbox 71 5455 1710 5534; baseline 0.004 -24"><span class='ocrx_word' id='word_1_791' title='bbox 71 5455 230 5526; x_wconf 86' lang='lat' dir='ltr'><strong>pulsatione</strong></span> <span class='ocrx_word' id='word_1_792' title='bbox 249 5457 370 5529; x_wconf 84' lang='lat' dir='ltr'><strong>reponit,</strong></span> <span class='ocrx_word' id='word_1_793' title='bbox 396 5461 425 5512; x_wconf 88' lang='lat' dir='ltr'><strong>et</strong></span> <span class='ocrx_word' id='word_1_794' title='bbox 442 5463 594 5530; x_wconf 83' lang='lat' dir='ltr'><strong>postquam</strong></span> <span class='ocrx_word' id='word_1_795' title='bbox 615 5459 732 5516; x_wconf 88' lang='lat' dir='ltr'><strong>eborum</strong></span> <span class='ocrx_word' id='word_1_796' title='bbox 756 5459 865 5530; x_wconf 85' lang='lat' dir='ltr'><strong>exierit,</strong></span> <span class='ocrx_word' id='word_1_797' title='bbox 908 5461 1029 5516; x_wconf 87' lang='lat' dir='ltr'><strong>fratrum</strong></span> <span class='ocrx_word' id='word_1_798' title='bbox 1044 5459 1359 5534; x_wconf 83' lang='lat' dir='ltr'><strong>propterinfirmitatcm</strong></span> <span class='ocrx_word' id='word_1_799' title='bbox 1373 5459 1409 5514; x_wconf 91' lang='lat' dir='ltr'><strong>ad</strong></span> <span class='ocrx_word' id='word_1_800' title='bbox 1424 5457 1639 5531; x_wconf 87' lang='lat' dir='ltr'><strong>processionem,</strong></span> <span class='ocrx_word' id='word_1_801' title='bbox 1647 5475 1710 5534; x_wconf 80' lang='lat' dir='ltr'><strong>quae</strong></span> 
     </span>
    </p>
   </div>
   <div class='ocr_carea' id='block_1_4' title="bbox 104 5583 1041 5656">
    <p class='ocr_par' dir='ltr' id='par_1_5' title="bbox 104 5583 1041 5656">
     <span class='ocr_line' id='line_1_60' title="bbox 104 5583 1041 5656; baseline 0.004 -14"><span class='ocrx_word' id='word_1_802' title='bbox 104 5583 184 5656; x_wconf 75' lang='lat' dir='ltr'><strong>(ias)</strong></span> <span class='ocrx_word' id='word_1_803' title='bbox 196 5587 339 5650; x_wconf 72' lang='lat' dir='ltr'><strong>dommo,</strong></span> <span class='ocrx_word' id='word_1_804' title='bbox 355 5585 535 5656; x_wconf 86' lang='lat' dir='ltr'><strong>bibliotheca,</strong></span> <span class='ocrx_word' id='word_1_805' title='bbox 549 5585 625 5643; x_wconf 89' lang='lat' dir='ltr'><strong>unde</strong></span> <span class='ocrx_word' id='word_1_806' title='bbox 638 5589 786 5645; x_wconf 74' lang='lat' dir='ltr'><strong>oratorius</strong></span> <span class='ocrx_word' id='word_1_807' title='bbox 800 5587 1041 5646; x_wconf 87' lang='lat' dir='ltr'><strong>bibliothecarius.</strong></span> 
     </span>
    </p>
   </div>
   <div class='ocr_carea' id='block_1_5' title="bbox 0 0 1942 6162">
    <p class='ocr_par' dir='ltr' id='par_1_6' title="bbox 0 0 1942 6162">
     <span class='ocr_line' id='line_1_61' title="bbox 0 0 1942 6162; baseline 0 0"><span class='ocrx_word' id='word_1_808' title='bbox 0 0 1942 6162; x_wconf 95' lang='lat' dir='ltr'><strong> </strong></span> 
     </span>
    </p>
   </div>
  </div>
 </body>
</html>
