3872 6162
3 279 4 284 .
82 215 129 274 929
602 215 812 274 CONSTITUT.
834 216 1005 274 hlasana.
1029 248 1060 259 -
1079 219 1148 276 LIB.
1169 219 1191 274 1.
1663 222 1717 282 930

84 363 93 394 ι
108 341 217 408 Vestra,
230 340 332 415 inquit,
345 342 528 406 conversatio,
544 345 681 414 quantum
695 341 782 396 nostri
797 339 873 412 inge·
883 342 908 402 A
918 340 1018 396 tratres
1033 341 1200 406 charissimi,
1223 341 1368 398 reverendi
1392 343 1490 400 Patres
1508 361 1542 399 ac
1554 345 1670 412 domini,
1687 352 1716 402 et

83 451 94 484 a
110 432 175 486 nioli
192 433 323 486 acumine
336 431 454 503 perspici
471 437 573 503 potest,
583 434 673 486 etlteo
684 429 873 500 acceptabilis,
916 430 1127 503 quibuscunque
1139 433 1211 486 inest
1226 449 1305 486 amor
1320 439 1348 488 et
1364 440 1391 486 st
1404 433 1488 488 dium
1502 436 1654 490 secundum
1666 454 1714 492 vos

83 543 92 570 ι
109 525 136 574 et
156 519 285 576 ornninm
305 535 372 575 sane
394 521 563 591 sapientium
585 513 744 572 admiratio
755 517 872 572 videtur.
915 519 1036 585 institui,
1051 521 1110 576 brec
1125 521 1298 576 observando
1313 522 1396 576 vitam
1413 531 1548 577 aeternam
1560 526 1715 596 promereri

84 627 94 662 r
109 609 161 665 Sed
174 609 200 664 si
219 611 312 664 adhuc
320 610 468 680 gloriosior
481 615 564 670 esset.
578 614 606 662 et
618 605 786 678 apostolicis,
796 606 877 661 utita
918 609 1052 662 valeatis:
1071 611 1194 681 dumque
1208 627 1256 666 vos
1272 617 1366 665 nostro
1380 612 1475 666 labore
1488 613 1521 666 ad
1536 613 1606 668 bene
1621 615 1715 669 viren-

84 718 93 749 ι
109 697 210 760 dicam,
226 699 314 769 signis
329 705 358 753 et
378 698 527 754 virtutibus
544 698 684 752 illustrata
701 697 877 763 claresceret,
918 698 986 752 dum
1004 699 1132 770 adjurari
1141 700 1279 770 gaudetis,
1294 717 1344 754 nos
1359 718 1469 772 quoqne
1484 701 1519 756 ad
1530 720 1642 774 semper
1651 721 1716 760 rum

85 787 149 841 ·his
165 793 274 848 minen,
291 787 339 858 qui
351 787 459 842 sincere
473 786 654 841 monasticam
665 790 877 855 sectanturper·
919 787 1030 842 Christo
1047 788 1126 842 beate
1149 790 1306 856 vivendum,
1329 791 1428 844 restria
1452 791 1624 846 orationibus
1639 793 1717 864 adju·

84 875 269 940 «sectionem,
291 891 346 930 non
370 876 441 930 adeo
462 882 545 946 grata
559 881 728 946 acceptaque
742 873 805 937 erit,
822 871 877 927 nisi
918 876 1001 933 vatia.

84 983 95 1018 r
110 965 171 1018 aliis
182 964 353 1036 regulariter
365 963 502 1018 institutis
513 963 691 1017 monasteriis
706 962 734 1016 in
744 961 878 1016 habituet
953 964 1046 1020 Hilari
1061 983 1127 1038 ergo
1142 967 1249 1030 animo,
1262 973 1291 1022 et
1305 968 1391 1023 obviis
1407 969 1575 1040 tutdicitur)
1586 971 1715 1028 manibus

84 1076 95 1102 ι
110 1061 224 1108 tonsum
237 1052 602 1109 caeterisconsuetudinibus
617 1052 770 1106 assimilata
781 1051 874 1105 luerit.
919 1054 1051 1126 suscipite
1067 1057 1181 1126 parvula
1192 1057 1366 1126 quidemsed
1378 1060 1466 1113 muho
1477 1059 1571 1114 labore
1583 1062 1718 1116 exsudata

84 1165 94 1192 ι
112 1144 162 1197 Sed
179 1144 256 1198 inter
271 1143 368 1198 omnia
381 1143 528 1214 Cisalpinae
544 1142 641 1196 Galliae
658 1141 839 1206 monasteria,
856 1140 880 1194 si
922 1143 1014 1198 Patris
1033 1145 1136 1199 nostris
1155 1145 1247 1206 xenia,¹
1269 1153 1298 1200 et
1323 1147 1356 1200 ad
1376 1155 1540 1219 perpetuum
1556 1151 1639 1220 paule
1655 1156 1718 1222 post

86 1253 96 1282 ι
112 1239 237 1287 nostram
259 1233 404 1304 requiritis
425 1232 605 1296 sententiam,
626 1231 810 1286 Clunincense
826 1247 880 1284 coe·
922 1233 1050 1288 morituri
1066 1234 1326 1299 senismemorianr,
1338 1238 1540 1307 amplectimini
1551 1258 1557 1305 3
1569 1248 1677 1294 servate
1687 1245 1716 1294 et

87 1344 95 1372 ι
112 1323 224 1378 nobium
243 1322 418 1393 potissimum
435 1322 512 1376 robis
526 1322 631 1376 suadeo
642 1321 801 1390 eligendum
813 1339 819 1386 ;
831 1320 879 1374 ubi
921 1321 1066 1377 observate
1093 1330 1177 1394 atque
1199 1324 1227 1378 in
1249 1325 1356 1379 intimis
1377 1329 1504 1396 reponite
1518 1328 1665 1400 sensibus;
1685 1335 1718 1384 ut

86 1433 96 1462 v
111 1420 137 1467 ct
150 1412 421 1483 perfectissimorum
441 1411 640 1466 monachorum
658 1411 835 1470 auctoritate,
850 1417 879 1464 et
921 1428 1004 1482 quarn
1019 1411 1127 1466 sincero
1140 1429 1236 1466 errrore
1251 1413 1386 1468 viventem
1403 1415 1604 1472 dilexeritisin
1616 1419 1718 1474 horum

87 1521 98 1550 ι
113 1501 248 1572 temporis
262 1501 432 1570 antiquitate
447 1501 602 1554 monastica
616 1517 648 1554 eo
663 1499 771 1554 roboris
785 1505 813 1554 et
820 1499 878 1569 glo·
921 1499 1113 1554 observatione
1139 1501 1295 1556 innotescat
1318 1503 1448 1558 omnibus
1472 1522 1523 1576 per
1541 1508 1719 1564 succedentia

88 1591 158 1645 «rire
178 1591 304 1644 excrevit
328 1590 436 1660 religio,
453 1597 486 1644 ut
508 1589 530 1644 si
544 1606 600 1660 qua
614 1589 706 1644 adhuc
721 1587 878 1642 sanctiatis
920 1593 1048 1660 tempora
1062 1590 1174 1648 futuris.
1191 1591 1263 1645 Hinc
1278 1591 1362 1645 etiam
1387 1594 1465 1664 operi
1489 1596 1630 1666 proposito
1657 1614 1718 1652 ma-

88 1701 97 1726 v
114 1679 227 1750 restigia
238 1680 268 1733 in
283 1679 346 1734 aliis
359 1677 878 1742 videreturmonasteriis,nondubium
890 1659 989 1732 Bnum
1011 1678 1193 1750 applicantes.
1213 1697 1367 1752 congruum
1384 1681 1556 1737 arbitramur
1569 1702 1586 1738 a
1601 1685 1718 1741 novitio·

89 1770 190 1823 rsitex
206 1769 271 1836 hoc,
292 1768 420 1840 quasiex
436 1768 633 1839 vivoquodam
660 1773 689 1822 et
710 1767 879 1822 inexhausto
922 1783 982 1821 rum
1009 1769 1194 1840 susceptione,
1213 1786 1366 1840 eorumque
1389 1770 1566 1828 institutione
1591 1773 1717 1830 omnium

89 1877 98 1908 ι
114 1859 196 1922 lorite,
219 1857 348 1928 singulos
373 1874 519 1912 emanasse
542 1856 653 1912 rivulos.
668 1876 680 1910 a
698 1856 767 1910 Dum
783 1857 836 1924 his,
852 1862 881 1911 et
921 1873 982 1928 quae
995 1857 1110 1912 dicenda
1126 1865 1193 1913 sunt
1207 1859 1349 1914 exordium
1365 1859 1465 1914 facere.

87 1947 241 2016 hujusmodi
262 1947 374 2001 motivis
390 1947 431 2000 vir
444 1947 602 2018 pradictus,
619 1953 650 2000 ut
665 1946 719 2000 dici
733 1946 813 2011 solet,
829 1945 879 2000 sti·
1243 1949 1358 2003 CAPUT
1376 1950 1400 2003 Ι.

87 2036 171 2090 mulos
185 2035 535 2100 currentibusaddidisset,
552 2043 663 2106 peraeta
674 2035 813 2104 legatione
829 2050 880 2106 pro
1117 2037 1153 2090 Ile
1167 2037 1326 2092 dr'rersr'tote
1343 2041 1523 2093 rroviliorum.

88 2141 137 2195 qua
151 2131 277 2191 venerat,
293 2124 606 2192 rediit,etinredeund0
617 2125 782 2179 Clunincum
792 2129 881 2178 trans·
958 2141 1003 2178 un.
1022 2123 1114 2195 lgitur
1135 2126 1231 2197 aliqua
1249 2126 1396 2182 diversitas
1409 2133 1452 2182 est
1465 2129 1628 2183 eorumdem
1642 2129 1721 2184 novi·

87 2213 152 2278 iens,
166 2214 219 2286 ipsi
237 2213 314 2268 Patri
337 2213 500 2268 monasterii
515 2231 566 2268 nos
581 2213 681 2268 intime
697 2214 881 2268 commenda·
922 2216 1025 2270 tiorum
1042 2235 1048 2270 :
1063 2233 1128 2270 nam
1142 2233 1197 2270 non
1211 2218 1301 2272 solum
1317 2218 1423 2288 absque
1440 2217 1537 2273 habitu
1553 2220 1676 2287 veniunt,
1687 2226 1720 2276 ut

88 2307 130 2367 rit,
144 2311 172 2359 et
182 2304 218 2358 ad
235 2303 396 2376 pristimum
413 2303 447 2370 tsi
462 2303 529 2374 quid
542 2302 702 2373 hujusmodi
716 2301 751 2356 ab
762 2319 794 2356 eo
807 2307 882 2374 pete·
922 2304 986 2359 laici
1005 2311 1033 2359 et
1043 2305 1148 2366 clerici,
1165 2306 1314 2360 sedetiam
1339 2324 1402 2361 cum
1431 2307 1528 2362 habitu
1548 2314 1576 2363 et
1590 2307 1720 2364 monachi

87 2410 188 2466 remus)
202 2394 274 2448 satie
290 2393 453 2448 benevolum
469 2392 600 2447 reddidit.
920 2393 1176 2462 jamlactilittales
1188 2394 1326 2448 trifariam
1337 2394 1583 2451 suntdillerentes.
1600 2396 1720 2461 Quidam

116 2485 195 2540 Circa
208 2485 284 2538 idern
302 2489 412 2555 tempus
424 2483 674 2538 Udalricussenior
688 2481 801 2554 quidam
815 2481 880 2538 Clu·
922 2489 990 2536 sunt
1004 2483 1038 2536 de
1048 2483 1209 2554 longinquis
1224 2497 1252 2538 et
1265 2485 1364 2539 alienis
1376 2485 1563 2550 monasteriis,
1580 2493 1609 2539 et
1623 2485 1721 2540 adhoc

87 2573 221 2628 niacensis
248 2579 319 2628 notu
347 2573 408 2632 Dei.
430 2589 480 2644 pro
494 2589 578 2626 causa
595 2572 757 2626 monasterii
772 2572 800 2627 in
819 2573 882 2626 hle·
923 2572 1047 2636 veniunt,
1068 2578 1100 2626 ut
1125 2589 1223 2627 rursus
1247 2575 1443 2644 profiteantur,
1458 2579 1487 2628 et
1499 2573 1534 2628 de
1549 2581 1649 2630 caetero
1664 2591 1722 2628 ma-

85 2663 224 2717 iunoniam
241 2663 354 2723 missus,
369 2661 533 2733 aliquandiu
549 2660 693 2716 nobiscum
711 2661 836 2716 mansit:
854 2665 882 2716 et
923 2667 1009 2714 neant
1027 2660 1191 2714 nobiscum.
1218 2661 1338 2725 Quidam
1364 2667 1432 2716 sunt
1450 2662 1483 2715 de
1506 2661 1583 2716 cellis
1606 2661 1719 2728 nostris,

88 2753 149 2823 quia
163 2753 247 2807 nohis
260 2751 328 2806 olim
341 2757 402 2805 erat
413 2750 663 2813 tanriliarissimus,
677 2750 881 2820 longaquejam
923 2754 952 2806 et
966 2749 1007 2802 vel
1024 2765 1073 2820 pro
1088 2747 1252 2804 infirmitate
1274 2750 1315 2804 vel
1341 2750 1395 2804 loci
1417 2751 1623 2822 longinquitate
1635 2750 1721 2806 bene-

86 2841 291 2912 experientiam
303 2838 879 2910 cluniacensibusdisciplinisexercitatus,
925 2838 1075 2892 dictionem
1094 2839 1153 2908 jam
1173 2855 1190 2892 a
1210 2839 1313 2892 domno
1336 2838 1436 2893 abbate
1460 2846 1639 2911 acceperant,
1659 2856 1721 2910 pro·

87 2931 243 3002 rogavimus
260 2947 326 2984 eum
342 2936 373 2984 ut
389 2946 454 2984 suas
478 2929 884 2983 nobisconsuetudinestran-
925 2926 1045 2982 sessione
1059 2928 1118 2998 jam
1145 2927 1241 2992 dilata,
1258 2935 1286 2982 ct
1309 2928 1344 2981 ad
1368 2929 1459 2982 locum
1485 2935 1612 2984 nostrum
1634 2946 1723 3000 usque

89 3019 228 3075 scriberet.
242 3019 359 3083 Annuit,
376 3018 533 3090 spopondit,
542 3018 800 3088 et,utpromiserat,
815 3018 885 3072 duos
926 3023 1080 3072 reservata.
1100 3016 1232 3088 Alioquin
1251 3017 1373 3072 novitius
1395 3018 1425 3072 in
1448 3018 1543 3090 aliqua
1557 3017 1721 3073 earumdem

87 3107 119 3162 de
132 3109 274 3180 predictis
287 3106 537 3162 consuetudinibus
553 3105 660 3160 libellos
671 3107 750 3162 nobis
763 3106 885 3160 conscri—
926 3107 1060 3162 cellarum
1076 3115 1291 3178 susceptus‚ncn
1301 3107 1390 3163 estibi
1400 3109 1549 3162 monachili
1558 3108 1723 3164 indumento

87 3199 147 3268 psit.
168 3199 273 3254 Postea
292 3197 501 3252 considerantes
518 3195 547 3250 in
560 3195 665 3251 eisdem
680 3195 781 3250 libellis
797 3197 887 3252 multa
927 3195 982 3250 nisi
993 3213 1043 3266 per
1056 3195 1196 3250 licentiam
1208 3197 1377 3263 vestiendus
1393 3197 1441 3252 sed
1456 3197 1609 3268 assumptis
1628 3214 1722 3252 secum

87 3287 182 3342 deesse
211 3287 247 3342 ad
276 3287 433 3358 plenariam
457 3286 619 3341 earumdem
650 3285 884 3358 consuetudinum
928 3284 1178 3356 quibusinduatur
1196 3286 1230 3340 nd
1250 3286 1442 3358 accipiendum
1464 3286 1592 3342 habitum
1613 3287 1648 3342 ad
1672 3303 1724 3342 nos

87 3376 231 3430 scientiam
247 3375 457 3447 capessendam,
471 3375 562 3447 primo
584 3375 655 3429 duos
666 3391 699 3428 ex
714 3375 817 3429 nostris
832 3375 887 3429 fra·
928 3392 1017 3446 usque
1045 3375 1221 3446 perducitur;
1251 3375 1369 3440 caeteris,
1395 3392 1456 3446 qum
1483 3393 1578 3430 secum
1607 3376 1725 3432 Domino

88 3464 187 3530 tribus,
204 3471 290 3535 atque
303 3463 406 3520 iterum
420 3463 491 3517 alios
504 3463 584 3528 duos,
601 3463 685 3518 tertio
705 3463 886 3520 nihilominus
928 3464 1031 3518 obtulit
1045 3463 1175 3518 omnibus
1190 3464 1255 3528 illic,
1269 3463 1317 3519 ubi
1328 3472 1474 3536 susceptus
1489 3472 1542 3530 est,
1556 3481 1725 3537 permanen-

88 3551 155 3608 duos
166 3551 334 3606 Cluniacum
350 3550 503 3606 direximus
520 3568 525 3604 :
543 3551 591 3622 qui
614 3557 672 3605 tarn
687 3550 815 3622 diligenti
826 3568 888 3605 exa.
928 3553 1075 3608 tibusSed
1084 3559 1232 3625 postquam
1247 3553 1282 3608 de
1292 3555 1390 3609 ordine
1405 3562 1500 3610 nostro
1507 3555 1726 3624 instructus(ll)

90 3643 245 3698 minatione
260 3642 356 3697 omnia
370 3641 445 3696 illius
456 3641 569 3696 Ordinis
584 3649 691 3696 secreta
703 3641 797 3696 rimati
809 3647 886 3701 sunt.
928 3643 1150 3698 benedictionem
1179 3643 1379 3716 occepe1·it.ad
1407 3645 1499 3698 locum
1522 3643 1569 3698 ubi
1594 3645 1728 3715 priusest

91 3742 120 3788 ut
131 3734 187 3805 ipsi
200 3749 299 3788 eorum
315 3732 452 3802 magistri,
475 3731 503 3784 in
527 3747 646 3802 quorum
666 3731 808 3786 audientia
819 3731 888 3786 scri·
930 3740 1075 3803 susceptus
1094 3733 1130 3800 (si
1146 3733 1249 3786 domno
1269 3732 1364 3787 abbati
1382 3733 1471 3788 visum
1487 3733 1593 3801 fuerit),
1608 3733 1723 3791 redibit.

90 3829 151 3894 ptas
179 3821 400 3878 consuetudines
425 3819 589 3886 recitabant,
614 3821 798 3875 affirmarent.
819 3837 890 3875 nun·
929 3823 1008 3876 Solet
1021 3829 1116 3875 tamen
1140 3822 1260 3876 domnus
1282 3822 1369 3876 abbas
1388 3821 1443 3876 illis
1466 3822 1616 3894 prioribus,
1632 3821 1680 3894 qui
1698 3821 1728 3877 in

90 3928 174 3984 quam
204 3911 316 3982 aliquos
337 3909 413 3964 illius
437 3909 593 3980 spiritualis
608 3909 710 3964 scholae
725 3909 886 3980 discipulos,
930 3910 1126 3964 remotissimis
1144 3910 1211 3964 locis
1232 3916 1387 3969 morantur.
1408 3912 1561 3966 concedere
1579 3917 1726 3980 susceptos

87 4003 128 4056 rel
146 4001 268 4074 plenius,
286 3999 327 4054 vel
353 4000 476 4054 veracius
501 4015 558 4054 suas
584 3998 770 4054 institutionis
799 4007 888 4054 artem
931 3999 1051 4054 novitios
1066 4000 1218 4054 nonsolum
1230 3998 1605 4054 monasticoinrlnmentoibi
1616 3999 1727 4063 vestire,

88 4089 338 4162 comprehendisse
368 4088 429 4143 Illis
442 4090 556 4144 tandem
573 4087 766 4150 redeuntibus,
784 4097 813 4144 et
832 4097 890 4144 tam
932 4089 1090 4152 sedetiam,
1106 4087 1130 4142 si
1147 4093 1205 4142 tarn
1225 4087 1319 4158 gravis
1339 4087 1489 4141 infirmitas
1503 4085 1602 4140 mortis
1619 4084 1730 4156 pericu·

90 4179 227 4234 fructuosi
248 4178 341 4250 operis
356 4178 593 4250 manipuloscum
606 4178 891 4250 gaudioreportanti·
932 4160 990 4230 lain
1006 4175 1138 4242 minatur,
1155 4176 1184 4231 in
1199 4177 1350 4230 monachos
1364 4191 1527 4230 consecrare
1555 4175 1619 4229 Haec
1634 4179 1730 4228 autem

93 4269 153 4336 bus,
169 4269 331 4340 accepimus
355 4284 406 4340 per
425 4285 472 4322 eos
487 4268 649 4322 mandatum
666 4267 815 4322 aDomino
832 4269 892 4323 llu·
934 4264 1090 4320 benedictio
1106 4282 1168 4336 quae
1182 4265 1477 4320 itaadsuccurenrlum
1490 4261 1659 4334 (l8lagitur,
1671 4265 1730 4316 tam

90 4376 163 4430 gene
180 4358 335 4414 venerabili
350 4357 576 4413 Clunincensium
591 4356 701 4423 abbate,
718 4362 749 4411 ut
762 4373 814 4411 sua
827 4335 988 4418 aetiDhis,
1014 4355 1062 4425 qui
1080 4371 1166 4426 prope
1185 4371 1267 4424 quarn
1288 4355 1335 4426 qui
1350 4353 1433 4424 longe
1449 4359 1523 4416 sunt,
1540 4351 1681 4423 prioribus
1696 4351 1731 4405 ab

89 4447 750 4508 auctoritate,coadunatoseniorumnostrorum
766 4447 891 4513 consilio,
935 4460 967 4498 eo
978 4444 1140 4498 conceditur
1155 4460 1161 4494 :
1179 4443 1203 4498 si
1218 4450 1312 4498 tamen
1333 4443 1385 4514 ipsi
1400 4449 1457 4496 tam
1472 4441 1565 4513 gravis
1581 4441 1732 4495 infirmitas

90 4542 179 4608 prout
188 4538 252 4608 ipsa
264 4536 389 4590 declarat
402 4534 648 4598 ratio,sccundum
666 4551 770 4588 morem
784 4536 891 4606 patriae,
935 4533 1152 4604 praenuntiatur,
1169 4538 1197 4586 et
1211 4532 1253 4586 vel
1269 4549 1300 4586 ex
1315 4531 1411 4603 aliqua
1420 4532 1564 4587 occasione
1575 4531 1610 4585 ad
1625 4547 1732 4602 aegrum

91 4626 144 4680 loci
160 4627 261 4692 situm,
273 4628 303 4680 et
316 4624 389 4678 aeris
404 4622 578 4694 temperiem,
589 4623 623 4678 de
634 4623 738 4678 eisdem
746 4630 894 4679 consuetu·
935 4622 975 4675 ire
997 4621 1160 4694 impeditur,
1180 4623 1222 4676 vel
1237 4621 1264 4676 in
1275 4627 1401 4692 ternpore
1412 4620 1478 4676 illuc
1489 4620 1584 4675 venire
1599 4637 1655 4675 non
1670 4635 1734 4692 spe-

90 4714 218 4780 dinibus,
247 4714 271 4769 si
292 4713 634 4784 quidessetsuperlluum
662 4712 852 4780 demeremus3
871 4713 895 4768 si
936 4719 1023 4765 ratur.
1050 4726 1094 4766 un.
1128 4710 1248 4774 Quidam
1275 4727 1331 4766 non
1361 4711 1428 4764 sunt
1447 4711 1481 4764 de
1500 4708 1735 4764 talimonasterio

89 4804 159 4875 quid
184 4803 363 4866 mutandum,
387 4811 561 4856 mutaremus
578 4819 583 4854 :
600 4801 707 4874 siquid
723 4801 894 4862 addendum,
936 4805 1051 4854 nostro:
1070 4801 1142 4870 quod
1164 4800 1268 4872 absque
1282 4800 1386 4854 damno
1400 4799 1501 4854 abbate
1523 4799 1667 4871 proprium
1684 4799 1736 4854 ha·

86 4891 705 4963 adderemusQuodsagacistudiocommuni
719 4891 893 4959 insistentes,
936 4889 1003 4944 beat
1021 4889 1161 4944 abbatem.
1179 4889 1232 4944 Ubi
1248 4889 1300 4944 etsi
1315 4888 1536 4944 benedictionem
1552 4889 1693 4960 accipiant
1707 4893 1735 4942 et

1 5027 2 5032 ,
87 4988 117 5037 et
136 4982 373 5055 paucaquaedam
385 4987 535 5042 mutantes,
555 4981 748 5035 multoautem
764 4981 896 5051 pauciora
936 4979 1137 5050 professionem
1156 4978 1268 5045 saciant,
1287 4985 1383 5034 tamen
1404 4978 1541 5033 habentur
1559 4977 1670 5032 anobis
1685 4992 1736 5047 per

1 5087 2 5096 ¹
88 5071 264 5138 recidentes,
280 5075 354 5124 totas
369 5071 434 5124 illas
450 5069 668 5125 consuetudines
683 5069 711 5122 in
725 5070 795 5124 arros
810 5070 896 5124 libros
936 5067 1033 5140 ornnia
1056 5074 1084 5122 et
1111 5068 1140 5121 in
1163 5067 1221 5121 rita
1245 5074 1273 5121 et
1295 5073 1359 5138 post
1381 5067 1468 5121 vitam
1490 5067 1564 5121 acsi
1586 5065 1662 5136 apud
1685 5078 1737 5118 nos

89 5160 238 5215 distinctis
248 5160 486 5231 persuacapitula
497 5142 897 5228 sententiisdigessimussllac
937 5156 1105 5224 fecissent;*
1122 5163 1236 5228 excepto
1264 5157 1339 5228 quod
1363 5157 1416 5211 illae
1438 5156 1553 5226 triginta
1569 5154 1660 5208 Missae
1678 5168 1736 5207 non

91 5257 193 5305 autern
208 5249 376 5310 intentione,
392 5254 421 5302 et
444 5248 496 5302 hac
520 5247 656 5302 mercedis
671 5249 897 5319 compensatione
938 5252 1098 5300 cantantur.
1111 5249 1183 5300 Sunt
1196 5245 1270 5300 enim
1287 5250 1314 5299 et
1329 5245 1385 5299 alia
1401 5243 1545 5298 nobiscum
1554 5240 1737 5308 monasteria,

90 5347 154 5394 tam
177 5343 374 5408 sumptuosum
404 5353 474 5408 opus
496 5335 711 5396 elaboravimus,
739 5345 771 5391 ut
795 5343 823 5392 et
838 5355 895 5405 vos,
939 5350 1001 5406 quse
1027 5335 1153 5406 quamvis
1181 5351 1237 5389 non
1266 5350 1317 5404 per
1342 5331 1465 5398 abbates,
1486 5330 1535 5385 sed
1555 5347 1606 5401 per
1632 5328 1739 5400 priores

130 5441 192 5510 (l'r‘t
218 5443 380 5500 Benedictio
406 5442 451 5497 hic
474 5457 523 5514 pro
547 5443 721 5514 protessione
746 5443 902 5499 monastica
980 5441 1033 5510 aa)
1050 5444 1201 5496 Benedictio
1220 5442 1257 5494 ort
1275 5439 1503 5500 arccarrendurn,
1533 5442 1577 5492 est
1605 5435 1739 5516 professio

91 5517 227 5590 ponimr.
943 5523 1064 5570 monast.
1082 5531 1143 5586 qua
1163 5513 1287 5570 instante
1310 5509 1407 5566 mortis
1417 5507 1541 5579 periculo
1556 5508 1660 5566 emissa
1674 5507 1738 5561 luit.
