3856 6176
195 233 246 292 aar
689 237 719 289 n.
741 233 948 290 rauranum
968 206 1147 286 canrosa.
1168 225 1336 282 anonim.
1756 227 1799 285 m
1897 273 1899 286 ,

232 363 303 418 Oum
314 367 410 419 autem
417 357 557 432 processio
568 357 680 413 rediens
695 364 761 413 ante
774 355 938 412 monasterii
948 355 989 410 in·
997 355 1024 416 A
1033 357 1098 408 ante
1111 347 1457 436 altarecumincoeperint
1466 347 1552 415 Kyrv'e
1560 347 1665 418 abiron,
1674 348 1804 419 pulsentm

194 451 314 507 troitum
331 448 447 515 venerit,
468 446 590 501 statione
613 445 687 500 iacta
713 446 843 500 litaniam
870 444 988 511 finiant;
1032 439 1371 511 omniasigna.Seqnatnr
1384 440 1480 502 mo
1494 433 1589 490 Oloris
1600 437 1738 494 inmunia
1749 440 1803 498 Oea.

196 554 254 610 qua
267 537 347 592 linita
360 540 487 591 cantores
502 533 561 604 ejus
582 532 612 587 in
626 533 753 588 ordinem
768 549 852 587 suum
863 531 989 596 redeant,
1031 531 1075 585 Ad
1098 529 1280 600 Evangelium
1300 528 1451 582 teneantur
1465 522 1630 579 candelabra
1650 529 1678 580 et
1693 525 1805 586 thuribu-

195 633 226 681 et
239 624 363 697 predicti
376 624 432 680 duo
447 627 576 678 cantores
597 621 646 694 qui
664 626 873 693 praecesserant,
895 620 991 691 cappis
1033 619 1101 672 lum.
1123 618 1189 672 Post
1206 615 1321 670 missam
1343 612 1462 686 pulsatis
1484 611 1592 669 duobus
1617 613 1759 683 majoribus
1772 617 1807 671 si·

196 713 288 770 induti
303 712 386 768 nudis
396 710 513 784 pedibus
527 715 593 766 ante
606 716 701 782 portas
711 709 873 765 monasterii
885 713 991 764 stantes
1032 709 1104 779 gnis,
1120 707 1224 762 faciant
1238 706 1403 763 orationem.
1419 705 1507 759 Nona
1525 703 1609 757 etiam
1622 702 1675 758 dno
1694 710 1808 761 cantores

197 799 399 869 dicantrlunm
410 803 470 867 Oet,
481 804 531 871 qui
540 803 614 856 tollis
623 804 732 869 peccatu
742 801 852 864 anundi,
863 801 992 852 miserare
1033 797 1063 852 in
1077 796 1183 868 cappis.
1199 797 1232 851 In
1247 794 1368 850 crastino
1380 799 1409 848 et
1431 792 1498 848 totis
1513 791 1615 846 octavis
1632 797 1727 863 agaim
1746 795 1809 850 sient

196 891 275 944 nobis
285 907 296 958 ,·
307 889 410 944 chorus
419 888 548 944 similiter
557 885 993 958 respondeatilantoresSuscipe
1033 886 1063 941 in
1075 883 1199 956 paschali
1223 883 1401 938 solemnitate
1415 887 1445 936 et
1454 880 1557 936 octavis
1573 880 1706 952 paschalis
1722 881 1811 938 solem-

196 980 555 1048 deprecationernnostram,
565 976 876 1044 quisedesuddeateram
885 977 977 1030 Patria
984 993 994 1042 ;
1035 973 1141 1036 nitatis,
1156 972 1210 1027 nisi
1221 972 1295 1043 quod
1306 975 1401 1026 octava
1413 971 1498 1040 hujus
1512 968 1667 1024 festivitatis
1681 969 1731 1037 die,
1744 975 1810 1024 ntra·

198 1067 309 1123 Chorus
322 1066 420 1137 Aenus
432 1067 672 1136 Oai,sicutsupra.
686 1064 821 1118 Centoras
836 1067 930 1121 dtoria
946 1067 995 1120 Pa·
1036 1078 1090 1133 que
1105 1061 1192 1114 missa
1206 1066 1250 1114 est
1263 1060 1387 1129 Spn'rites
1400 1060 1523 1113 Oomini.

199 1159 249 1223 tri,
260 1157 372 1220 erratio,
384 1161 409 1210 et
417 1153 541 1224 Spiritui
549 1154 725 1217 annotationi
735 1158 795 1207 erat
804 1155 835 1206 ιιι
842 1155 993 1222 principio,
1072 1150 1155 1204 Faria
1169 1147 1328 1215 secunda,si
1339 1147 1416 1202 nulla
1429 1145 1565 1201 festivitas
1577 1144 1729 1208 sit,dicatur
1738 1135 1812 1200 missa

199 1251 224 1301 et
238 1251 349 1300 nuncet
360 1260 474 1314 semper,
487 1249 512 1298 et
527 1246 559 1298 in
579 1243 678 1297 secula
700 1243 876 1298 iaculorum.
890 1240 991 1300 Amen.
1037 1241 1161 1304 Ooanine,
1179 1241 1210 1292 in
1227 1243 1276 1292 tuu
1291 1237 1492 1292 misericordia.
1516 1235 1574 1290 Hac
1597 1232 1760 1288 hebdomada
1778 1235 1812 1289 in·

197 1332 317 1389 Interim
330 1330 552 1404 praecedentibus
566 1329 614 1402 qui
627 1330 757 1384 vexillum
774 1334 889 1400 portant
902 1334 931 1383 ct
942 1345 995 1383 cae-
1037 1327 1164 1382 cboanda
1177 1329 1243 1381 sunt
1259 1325 1366 1397 jejunia
1381 1341 1443 1395 quae
1459 1323 1557 1394 regula
1571 1322 1701 1394 precipit,
1716 1329 1811 1394 quarta,

198 1425 262 1476 tera
276 1438 337 1492 quae
352 1420 481 1492 superius
505 1420 579 1474 dicta
593 1423 668 1483 sunt,
686 1422 842 1489 sequantur
868 1423 996 1472 cantores
1039 1419 1159 1470 etsexta
1172 1415 1251 1480 feria,
1267 1429 1357 1484 usque
1371 1413 1407 1467 ad
1420 1412 1487 1467 Idus
1499 1409 1731 1483 Septembris,nisi
1742 1411 1814 1464 retio-

199 1515 230 1566 et
241 1510 366 1581 reliquus
375 1513 539 1564 conventus.
554 1508 635 1562 Dicto
645 1508 739 1564 Gloria
752 1506 921 1578 respondeat
932 1523 996 1561 con·
1038 1504 1139 1558 nabilis
1153 1519 1237 1558 causa
1250 1502 1353 1556 existat
1370 1517 1421 1556 cur
1435 1499 1519 1556 abbas
1544 1500 1587 1554 vel
1610 1499 1685 1571 prior
1697 1497 1737 1554 bis
1759 1500 1815 1552 reti·

201 1603 299 1654 ventus
312 1596 410 1666 Aquas
422 1598 480 1663 liei,
495 1601 631 1668 utsupra.
643 1596 788 1651 conventu
800 1597 925 1650 intrante
939 1612 997 1650 mc·
1037 1592 1128 1648 ciendi
1137 1592 1279 1647 licentiam
1285 1588 1700 1660 tribuet.Postcapitutumipsis
1706 1587 1815 1659 jejunio·

197 1686 356 1742 nasterium
370 1686 517 1757 pulsentur
530 1685 620 1755 signa.
632 1685 767 1739 Centoras
778 1685 899 1750 Exaudi,
909 1686 994 1748 Oeam
1005 1666 1101 1737 Erum
1114 1681 1214 1736 diebus
1229 1681 1345 1735 sedeant
1358 1678 1387 1733 in
1401 1679 1523 1733 claustro
1537 1678 1690 1749 loquentes.
1706 1677 1816 1730 Secreta·

199 1779 353 1830 conventus
369 1775 529 1830 Orationem
549 1776 645 1842 populi
665 1776 717 1828 tui.
732 1773 846 1829 Cunctis
863 1773 997 1828 fratribus
1037 1771 1097 1826 rius
1111 1787 1177 1824 vero
1190 1786 1246 1824 non
1257 1767 1380 1841 pulsabit
1389 1767 1536 1822 minimum
1547 1766 1669 1836 signum,
1681 1765 1749 1818 sicut
1761 1780 1817 1818 con·

200 1863 317 1918 chorum
331 1861 477 1934 ingressis,
504 1861 639 1916 collocata
661 1878 742 1916 cruce
756 1867 784 1916 et
803 1861 919 1932 reliquis
934 1877 997 1932 qum
1038 1858 1158 1914 suetudo
1172 1864 1224 1924 est,
1239 1861 1304 1930 post
1315 1856 1480 1928 capitulum,
1497 1855 1533 1910 ad
1544 1859 1709 1926 apparatum
1724 1852 1813 1906 missa.

200 1951 314 2020 portata
326 1953 393 2002 sunt
411 1946 440 2001 in
454 1946 523 2002 locis
537 1947 605 2013 suis,
619 1947 744 2017 praedicti
758 1947 814 2002 duo
827 1953 955 2000 cantores
967 1945 996 2000 in
1039 1948 1106 2002 Post
1117 1947 1231 2002 tertiam
1246 1951 1367 2018 pergant
1380 1945 1511 2004 intentes.
1528 1947 1556 1999 et
1571 1941 1671 1998 minuti
1684 1941 1817 2011 sanguine,

200 2036 294 2092 medio
308 2035 387 2091 chori
408 2041 514 2091 stantes
536 2035 720 2106 pronuntient
747 2035 875 2090 litaniam
899 2035 997 2091 Sancte
1038 2041 1066 2090 et
1080 2035 1186 2090 infirmi
1198 2035 1299 2107 quibus
1313 2032 1503 2088 licentiadata
1513 2037 1556 2087 est
1568 2031 1692 2103 accipere
1705 2031 1817 2084 mistum.

199 2130 362 2182 tunctorum
370 2126 449 2189 Deus,
466 2128 595 2178 miserere
609 2125 695 2190 nolis,
712 2124 819 2195 priores
833 2141 850 2178 a
864 2128 944 2194 parte
956 2123 998 2178 al·
1038 2125 1106 2179 Post
1126 2130 1232 2178 sertam
1254 2129 1355 2194 agetur
1374 2121 1549 2187 meridiana;
1575 2137 1594 2174 a
1607 2135 1661 2191 qua
1675 2123 1817 2188 surgentes,

200 2214 270 2269 teris
285 2213 351 2281 sint,
364 2212 466 2284 reliqui
488 2217 553 2285 post
574 2229 631 2278 eos,
649 2213 722 2267 sicut
743 2218 786 2267 est
804 2213 873 2267 ordo
887 2228 995 2267 eorum.
1039 2213 1122 2268 nudis
1136 2213 1253 2285 pedibus
1265 2213 1294 2266 in
1312 2212 1467 2266 claustrum
1481 2208 1604 2275 veniant,
1622 2209 1763 2264 afferentes
1775 2219 1819 2259 sua

199 2300 319 2373 Expleta
332 2301 565 2373 litaniapalsetur
574 2302 687 2372 signum
696 2302 732 2358 ad
744 2317 859 2370 nonam,
869 2301 998 2371 tactaque
1039 2303 1238 2356 calceamenta.
1247 2302 1314 2356 Post
1322 2301 1382 2355 baec
1394 2299 1482 2354 abluti
1492 2303 1521 2353 et
1532 2297 1665 2369 pectinati
1679 2295 1783 2350 veniant
1795 2293 1820 2346 in

200 2389 328 2446 oratione
343 2406 433 2456 nonae,
448 2389 554 2444 vadant
566 2389 597 2443 in
619 2390 773 2468 claustrum
787 2389 881 2444 lavare
896 2389 995 2460 pedes3
1039 2391 1195 2456 ecclesiam,
1210 2395 1238 2444 et
1251 2389 1324 2444 tacta
1333 2389 1469 2454 oratione,
1487 2387 1660 2459 pulsatisque
1672 2382 1772 2439 duobus
1784 2382 1821 2436 si-

147 2477 152 2482 ’
201 2478 303 2551 quibus
321 2478 397 2544 lotis,
417 2483 588 2532 revertentes
611 2478 639 2532 in
666 2478 793 2545 chorum,
813 2478 924 2548 pulsato
943 2479 997 2534 alio
1038 2480 1111 2550 gnis,
1127 2479 1240 2534 inchoet
1252 2478 1345 2532 intans
1360 2478 1624 2546 Eesuruedlomine,
1636 2480 1665 2530 et
1676 2477 1780 2536 caetera,
1792 2468 1822 2523 si·

201 2567 292 2638 signo,
306 2572 408 2622 canent
422 2582 539 2625 nonam,
1039 2575 1086 2623 cut
1099 2569 1182 2639 longe
1194 2567 1324 2639 superius
1337 2567 1444 2621 dictum
1460 2570 1512 2620 est.
1530 2565 1582 2619 Hic
1595 2563 1663 2620 ordo
1683 2558 1821 2617 servandus

236 2657 279 2712 Ad
292 2671 434 2727 vesperas,
449 2655 573 2710 secunda
586 2659 615 2709 et
626 2655 789 2710 tertiaseria
800 2657 947 2726 pulsentur
960 2655 999 2710 si·
1039 2662 1083 2712 est
1107 2657 1179 2712 feria
1204 2662 1306 2728 quarta
1328 2661 1357 2710 et
1381 2660 1468 2720 sexta,
1486 2669 1577 2725 usque
1601 2651 1637 2708 ad
1657 2649 1822 2706 satietatem

198 2761 266 2816 grta,
282 2743 355 2800 sicut
381 2742 496 2814 privatis
518 2742 635 2811 diebus3
664 2743 738 2800 inter
760 2744 842 2815 signa
870 2746 1000 2800 dicantur
1040 2746 1174 2801 Omnium
1197 2746 1373 2810 Sanctorum,
1400 2743 1455 2798 nisi
1472 2741 1510 2797 sit
1525 2741 1631 2813 vigilia,
1652 2740 1729 2811 cujus
1748 2735 1823 2790 inissa

198 2833 302 2905 psalmi
328 2834 409 2899 Deua,
436 2834 553 2886 curibus
582 2836 700 2900 nostrin
729 2839 792 2904 post
811 2849 941 2905 vesperas
964 2833 998 2888 de
1039 2833 1203 2889 solemniter
1217 2833 1389 2902 celebretur;
1405 2837 1475 2886 tunc
1488 2830 1564 2886 enim
1579 2827 1716 2903 processio
1730 2827 1822 2881 extuto

199 2920 337 2977 Omnibus
365 2920 485 2986 Sanctis,
509 2920 639 2976 dicantur
663 2937 784 2993 vespere
803 2923 1202 2999 Mortuorumffldimittitur.

198 3009 304 3081 vigilia
316 3011 492 3064 Mortuomm
517 3008 561 3064 his
583 3009 682 3065 diebus
697 3026 753 3066 non
767 3017 878 3081 agatur,
891 3011 915 3065 si
938 3027 1000 3083 pro
1075 3012 1223 3067 Dominica
1236 3011 1328 3084 prima
1343 3017 1407 3082 post
1415 3015 1526 3066 octavas
1541 3009 1719 3064 Pentecostes
1732 3017 1823 3058 canan·

198 3100 288 3156 cessio
301 3101 381 3154 extra
397 3099 553 3155 claustrum
567 3100 730 3170 perrexerit,
755 3099 881 3174 alioquin
899 3105 1000 3171 agatur
1039 3105 1087 3156 tur
1101 3101 1199 3172 hymni
1227 3101 1262 3156 ad
1281 3105 1427 3168 nocturna,
1457 3105 1485 3154 et
1506 3099 1541 3153 ad
1566 3096 1719 3152 matutinas
1738 3090 1824 3147 laudes

198 3188 273 3245 sicut
286 3187 367 3242 solet.
1040 3190 1121 3243 Nocte
1133 3194 1284 3257 carpentes.
1301 3189 1364 3244 Ecce
1378 3192 1443 3256 jam
1464 3190 1561 3252 noctis,
1578 3185 1627 3257 qui
1642 3181 1754 3240 canendi
1767 3185 1825 3234 svnt

234 3275 286 3330 His
298 3274 499 3331 tribusdiebns
522 3275 558 3329 ad
580 3281 729 3339 nocturna,
748 3277 871 3348 capitula
893 3283 922 3332 et
944 3279 1000 3332 col·
1040 3275 1192 3331 Dominicis
1220 3276 1329 3344 diebus,
1352 3292 1443 3347 usque
1462 3275 1498 3330 ad
1517 3274 1693 3330 Dominicam
1715 3269 1825 3342 primam

198 3365 277 3418 lectae
295 3362 331 3418 de
350 3363 566 3429 resurrectione,
583 3369 612 3418 et
634 3364 670 3418 ad
685 3381 814 3434 vesperas
827 3365 956 3420 secundae
970 3370 999 3420 et
1039 3365 1144 3420 mensis
1159 3365 1306 3433 Octobris3
1325 3371 1468 3436 ponantur
1480 3363 1517 3419 ad
1536 3363 1688 3434 legendum
1700 3357 1761 3414 libri
1777 3357 1825 3410 Re-

199 3451 291 3506 tertiae
305 3450 394 3532 terim.
420 3451 462 3505 Ad
479 3452 634 3506 matutinas
653 3469 718 3520 vero
732 3452 838 3517 laudes,
855 3459 884 3508 et
895 3453 931 3506 ad
944 3460 999 3508 ter·
1039 3471 1106 3525 gum
1119 3459 1148 3508 et
1161 3454 1396 3526 Paralipomenon
1419 3469 1508 3525 usque
1529 3451 1565 3506 ad
1584 3449 1755 3507 Dominicam
1774 3445 1824 3517 pri·

198 3539 280 3605 tiam,
294 3543 323 3594 et
332 3539 367 3594 ed
381 3543 499 3604 sextam,
516 3544 545 3594 et
559 3539 595 3594 ad
609 3556 713 3594 nonam
732 3541 886 3612 capitulum
900 3539 928 3597 e't
941 3543 999 3597 col-
1040 3558 1115 3596 mam
1127 3543 1232 3597 mensis
1246 3543 1384 3612 Augusti;
1399 3541 1524 3596 Historia
1538 3542 1610 3595 Oeus
1622 3540 1756 3594 orantum.

199 3626 279 3682 lectae
293 3627 328 3680 de
336 3626 461 3697 jejuniis.
481 3627 511 3681 Si
528 3627 559 3681 in
582 3627 626 3682 his
645 3627 737 3682 tribus
751 3627 850 3684 diebus
864 3628 999 3685 festivitas
1076 3631 1222 3685 Dominica
1235 3631 1327 3702 prima
1338 3630 1444 3685 mensis
1455 3630 1576 3701 Augusti
1591 3633 1698 3702 ponant
1712 3625 1827 3680 Salomo-

198 3714 345 3771 duodecim
356 3715 508 3770 lectionum
523 3716 656 3782 evenerit,
672 3721 765 3772 totum
780 3717 923 3773 servitium
947 3735 999 3774 no·
1040 3735 1115 3786 nem,
1132 3719 1267 3790 usquead
1279 3718 1586 3790 Dominicamprimam
1599 3715 1703 3771 mensis
1716 3714 1827 3784 Septem·

199 3804 252 3859 ctis
265 3809 294 3858 et
306 3803 362 3858 diei
377 3804 412 3858 de
422 3803 483 3875 ipsa
497 3804 649 3860 festivitate
663 3811 774 3874 agatur.
785 3805 866 3861 Dicta
875 3807 960 3861 tortia
971 3813 1000 3862 et
1040 3807 1108 3862 bris.
1126 3808 1314 3879 Responsoria
1328 3811 1362 3862 ln
1374 3809 1526 3877 principio.

198 3892 317 3964 pulsatis
332 3891 463 3946 omnibus
487 3892 584 3963 signis,
611 3893 696 3947 missa
717 3893 805 3965 ipsius
828 3894 997 3963 festivitatis,
1075 3896 1223 3951 Dominica
1237 3897 1327 3968 prima
1347 3896 1452 3951 mensis
1472 3895 1647 3967 Septembris
1661 3895 1763 3964 ponant
1771 3885 1825 3949 lob,

198 3981 273 4036 sicut
286 3980 343 4036 alio
360 3986 497 4052 tempore,
514 3981 677 4036 solemniter
697 3981 861 4038 celebretur.
884 3984 998 4039 Proces-
1037 3983 1117 4050 Tobi,
1134 3984 1241 4051 iudith,
1258 3983 1368 4051 Hester,
1393 3985 1520 4050 Esdram,
1545 3999 1636 4055 usque
1658 3981 1694 4036 ad
1711 3973 1829 4035 Domini·

198 4070 241 4126 sio
258 4069 439 4148 vadat-sicut
453 4069 516 4125 aliis
533 4070 640 4137 diebus
657 4076 771 4143 excepto
790 4071 864 4142 quod
882 4073 997 4128 calceati
1038 4087 1098 4126 cam
1119 4073 1240 4144 primam
1255 4073 1360 4127 mensis
1374 4071 1511 4128 Octobris.

198 4162 228 4214 et
241 4158 301 4214 sine
315 4157 422 4214 baculis
433 4157 525 4214 ibunt.
536 4158 730 4229 MissajeJ'unii
744 4160 778 4212 ed
794 4161 997 4216 monasterium
1072 4159 1114 4215 Ab
1138 4160 1234 4216 Idibus
1259 4160 1441 4232 Septembris,
1457 4161 1574 4233 privetis
1598 4160 1698 4216 diebus
1717 4160 1828 4229 agantur

197 4263 252 4320 quo
281 4246 469 4318 processerint
492 4245 658 4302 celebretur.
682 4246 711 4302 Si
738 4252 832 4302 autem
862 4249 1172 4308 festivitasDcontinue
1195 4249 1304 4321 jejunia
1322 4250 1497 4321 quaeregula
1519 4250 1755 4322 praecipitatque
1775 4245 1829 4315 ipsa

196 4334 284 4390 trium
312 4334 465 4390 lectionum
492 4334 627 4400 evenerit,
650 4335 879 4391 commemoratio
907 4337 995 4409 ipsius
1036 4337 1081 4392 die
1095 4338 1196 4394 iduum
1211 4337 1349 4410 incipiant
1360 4339 1500 4409 jejunare,
1521 4339 1595 4394 sicut
1609 4331 1829 4392 beatueBenedi·

195 4423 393 4478 tantummodo
409 4423 460 4476 tiat
471 4423 508 4476 ad
526 4439 665 4494 vesperas,
681 4429 710 4478 et
720 4423 756 4478 ad
771 4423 924 4480 matutinas
937 4425 996 4481 lau·
1037 4433 1099 4481 ctus
1112 4426 1306 4494 instituit,una
1316 4432 1427 4482 tantum
1436 4427 1496 4482 vice
1511 4427 1666 4497 loquantur
1676 4426 1706 4481 in
1717 4424 1829 4478 claustro

198 4509 247 4566 dea
261 4516 291 4566 et
301 4511 337 4565 ad
351 4511 475 4583 priorem
489 4511 606 4566 musam
620 4512 655 4566 de
665 4513 787 4583 jejunio.
1036 4530 1127 4586 usque
1143 4515 1179 4570 ad
1200 4515 1342 4570 Kalendas
1356 4515 1494 4581 Octobris,
1508 4515 1537 4570 id
1553 4522 1598 4570 est
1609 4520 1674 4588 post
1686 4510 1829 4584 capitulum

336 4599 435 4654 Ssomo
444 4599 492 4654 VI.
508 4629 540 4642 -
559 4601 672 4668 Tempus
686 4603 860 4656 Pentecostes.
1036 4619 1125 4674 usque
1140 4603 1176 4658 ad
1187 4605 1311 4658 tertiam.
1328 4604 1395 4658 Post
1408 4608 1515 4659 sextam
1533 4604 1563 4658 in
1578 4601 1773 4658 dormitorium
1787 4613 1830 4650 ra·

233 4685 355 4742 Sabbato
370 4685 401 4742 in
426 4686 522 4758 vigilia
546 4688 724 4744 Pentecostes
747 4695 895 4760 surgentes
908 4707 926 4743 a
940 4707 996 4745 me·
1037 4693 1115 4753 dant.
1141 4698 1257 4764 etpost
1281 4691 1477 4762 parvissimum
1501 4693 1699 4758 intervallum,
1728 4687 1830 4761 pulsato

195 4775 316 4842 ridiana,
337 4774 427 4830 abluti
439 4780 468 4831 et
481 4775 623 4848 pectinati,
636 4777 672 4831 ad
686 4778 831 4833 ecclesiam
841 4779 996 4846 veniant,et
1036 4780 1153 4834 minimo
1165 4780 1256 4850 signo,
1274 4780 1454 4844 descendant,
1471 4781 1574 4850 lavent,
1584 4781 1621 4836 ad
1635 4776 1830 4836 monasterium

196 4864 325 4919 oratione
342 4864 427 4930 tacta,
441 4864 596 4920 induantur
619 4865 741 4921 otlicium
765 4867 943 4932 celebraturi,
967 4874 996 4924 et
1035 4873 1163 4941 pergant,
1179 4867 1308 4938 factaque
1319 4869 1446 4923 oratione
1458 4869 1588 4940 dictaque
1602 4869 1713 4932 litania,
1724 4867 1830 4920 missam

196 4953 233 5008 ad
247 4953 369 5008 cllidum
384 4953 525 5009 servituri.
541 4957 651 5025 Agatur
669 4954 793 5010 officium
814 4955 910 5010 testive
923 4956 996 5012 sicut
1035 4956 1186 5012 celebrent.
1200 4956 1347 5012 Celebrate
1361 4958 1418 5012 lere
1433 4957 1521 5012 missa
1534 4959 1665 5029 pulsetur
1675 4957 1783 5026 signum
1797 4950 1829 5005 ed

195 5041 226 5096 in
245 5039 366 5098 Sabbata
393 5049 504 5111 sanct0;
520 5048 627 5110 cantor,
653 5049 683 5098 et
704 5043 777 5098 alius
800 5044 889 5100 frater
910 5061 995 5115 quem
1036 5061 1150 5101 nonam.
1163 5045 1230 5099 Post
1240 5046 1365 5111 missam,
1382 5046 1458 5100 facta
1468 5047 1605 5114 oratione,
1616 5048 1736 5118 pergant
1749 5039 1829 5096 servi·

193 5129 324 5200 voluerit,
348 5130 440 5186 induti
461 5131 558 5203 cappis
582 5132 767 5204 pronuntient
791 5133 918 5188 litaniam
941 5139 996 5187 ter·
1035 5139 1111 5188 tores
1125 5133 1252 5205 accipere
1262 5134 1498 5199 mistquuibus
1509 5133 1714 5190 revertentibus
1726 5131 1829 5204 pulsato

194 5234 271 5287 nam,
299 5219 372 5274 sicut
393 5219 424 5276 in
456 5220 552 5292 vigilia
582 5221 705 5276 Paschae.
734 5221 805 5278 Cum
832 5222 996 5293 pronuntia·
1035 5223 1183 5293 aliosigno
1197 5228 1314 5277 canatur
1330 5239 1415 5278 nona.

193 5313 256 5364 tum
281 5308 368 5364 suerit
394 5309 547 5376 laenate,
577 5311 747 5364 accendatur
777 5325 874 5366 cereus
907 5311 994 5366 bene·
1084 5311 1294 5368 Secr10V11.·«
1324 5313 1451 5381 Quinque
1465 5313 1788 5382 [estiumtesprecipue.

194 5395 295 5464 dictus,
312 5402 341 5452 et
356 5396 478 5469 reliquia
493 5397 654 5459 luminaria.
669 5415 742 5455 unus
755 5399 830 5454 enim
840 5415 937 5454 cereus
951 5417 994 5454 so
1070 5399 1199 5472 Quinque
1213 5405 1280 5454 sunt
1288 5401 1435 5472 praecipuae
1448 5401 1622 5465 festivitates,
1636 5400 1666 5456 id
1679 5405 1723 5456 est
1735 5395 1831 5456 Natale

193 5483 338 5543 lummodo
359 5490 426 5544 ante
448 5485 528 5544 iilam
548 5487 648 5544 boram
669 5485 753 5546 debet
773 5504 834 5545 esse
848 5504 992 5558 accensus,
1033 5487 1155 5558 Domini,
1170 5489 1349 5547 Resurrectio
1367 5491 1437 5561 ejtrs,
1462 5491 1653 5564 Pentecosten
1672 5485 1829 5561 maneto
