3900 6168
81 257 131 321 aas
630 253 807 312 uesano
824 251 982 313 amaon.
1006 249 1078 313 xre
1102 249 1160 312 11'.¹
1198 247 1204 256 '
1651 239 1704 317 soe

82 383 359 446 deducendam-Cum
373 399 439 438 vero
455 383 490 438 ab
500 382 546 438 his
561 382 609 454 qui
618 382 695 438 intus
705 387 772 437 aunt
786 380 1152 454 eren-ddebatexemplis.
1162 381 1304 453 Praecipue
1316 383 1461 437 Romanus
1475 382 1709 458 christianusque

81 476 162 547 galim
175 473 247 528 falce
260 473 339 544 prius
357 472 564 534 succidendam,
589 477 616 526 et
630 477 728 544 postea
742 470 872 526 omnibus
913 476 1038 532 senatus,
1055 471 1103 541 qui
1120 471 1233 524 abesto
1251 473 1440 542 apostolorum
1457 473 1580 544 principe
1594 477 1710 532 sumens

82 564 176 618 uiribus
189 561 527 618 etermisdebellandam.
538 560 617 626 Quod
633 561 734 614 melius
745 559 873 614 ostende·
914 559 1058 612 exordium
1082 575 1133 630 per
1153 559 1288 613 ducentos
1305 560 1393 615 ferme
1412 577 1500 616 annos
1515 561 1549 614 ad
1566 561 1604 633 pii
1620 564 1709 618 Cons-v

82 651 298 724 muscxemplis3
314 648 873 722 sedquidnobiscumallegorialvania-
913 647 1015 700 tantini
1044 653 1181 719 tempora,
1212 649 1353 703 coutinuis
1377 649 1513 704 bellorum
1538 651 1712 708 successibus

83 759 138 798 mos
154 743 215 812 jem
237 741 272 797 ad
289 739 481 810 Evangelicam
497 739 653 793 veritatem.
671 739 824 792 Veniamus
837 737 873 792 ad
913 735 1013 790 diebus
1029 737 1213 808 noctibusque
1238 753 1299 791 curu
1324 739 1439 810 antiquo
1463 740 1545 793 hoste
1564 741 1713 797 decertans

81 835 162 890 lucem
180 850 192 882 r
206 845 269 900 quae
283 829 424 884 illuminat
432 844 546 882 omnem
557 827 699 882 hominem
715 827 872 882 venientem
914 838 1001 877 xxxin
1029 823 1135 878 vicibus
1155 825 1190 879 de
1210 825 1308 879 eodern
1321 841 1459 881 venenoso
1472 833 1601 898 serpente
1613 829 1712 884 trium-

81 923 107 976 iu
118 921 192 976 huuc
203 918 341 974 mundum
358 919 447 986 tlaorr.
463 931 482 982 1,
490 915 526 984 tlt.
544 936 557 970 r
573 915 726 971 Veniamus
740 916 773 970 ad
791 915 876 970 rerba
915 913 1014 983 phana,
1031 929 1086 967 non
1102 919 1167 968 ante
1178 913 1416 969 desiittolerando
1429 922 1546 979 certare,
1560 917 1712 988 subjiciens

81 1011 283 1078 ooeloterreque
292 1004 473 1069 durabiliora,
486 1011 515 1060 et
526 1005 699 1060 inveniemus
713 1005 782 1059 nihil
794 1004 876 1060 nobis
916 1002 967 1056 sibi
983 1003 1157 1073 principatus
1171 1009 1201 1056 et
1214 1009 1368 1074 potestates
1388 1007 1411 1072 t!
1424 1008 1496 1060 Patr.
1517 1021 1559 1068 111,
1573 1006 1628 1072 it),
1646 1007 1713 1079 quia

83 1115 138 1154 cum
162 1097 269 1152 mundo
289 1094 422 1160 amicum,
447 1095 520 1148 nilve
545 1111 704 1149 commune.
725 1093 792 1148 Ideo
819 1110 875 1148 non
916 1091 1008 1162 ipsum
1024 1092 1144 1146 Romani
1169 1093 1280 1163 imperii
1299 1094 1399 1148 ducem
1415 1094 1581 1149 Christianae
1596 1095 1714 1166 subjecit

83 1186 227 1242 dolendum
245 1191 289 1240 est
307 1182 396 1246 nobis,
413 1182 625 1254 comperimus,
642 1183 689 1237 sed
705 1183 797 1254 potius
808 1199 876 1253 gau-
916 1180 1055 1251 religioni.

84 1276 209 1330 deuduru.
225 1273 271 1330 Sic
285 1272 360 1328 cuim
375 1271 503 1326 Salvator
512 1271 553 1324 ait
567 1289 574 1325 ε
592 1293 605 1322 ι
620 1272 713 1326 Nolite
729 1271 835 1337 mirari,
851 1273 875 1326 si
1142 1272 1262 1338 llaplr'cit
1281 1273 1350 1326 liter
1367 1276 1487 1342 primus.

86 1364 137 1420 odit
150 1380 198 1418 ros
208 1361 444 1420 muudus,scitote
455 1360 520 1430 quia
535 1375 581 1414 me
590 1361 712 1432 priorem
724 1360 800 1415 vobis
811 1361 876 1415 odio
1076 1357 1215 1413 INCIPIT
1233 1359 1337 1415 LIBER
1358 1362 1555 1421 SECUNDUS.
1640 1363 1645 1368 '
1714 1385 1715 1392 ¹

87 1453 178 1511 habuit
186 1453 282 1514 (deora.
292 1449 421 1517 xv,18).s
440 1450 473 1504 Et
488 1449 590 1504 iterum
608 1468 613 1502 :
633 1451 764 1504 «Pacem
784 1465 876 1504 meam
953 1445 1045 1516 Igitur
1068 1448 1252 1502 Constantino
1276 1450 1448 1520 nSylvestrd
1464 1460 1566 1509 sanctae
1580 1455 1714 1514 Βοηιεῐιῑε

87 1545 118 1598 do
133 1541 221 1605 robis,
237 1557 335 1612 pacem
349 1539 477 1610 relinquo
492 1538 587 1605 vobis;
608 1555 663 1593 non
679 1539 818 1610 quomodo
834 1539 878 1594 hic
919 1535 1047 1590 Ecclesiae
1071 1536 1200 1608 episcopo
1221 1537 1359 1608 baptizato
1370 1544 1399 1592 et
1413 1539 1447 1593 ab
1462 1541 1559 1597 eodem
1575 1544 1716 1617 imperiali

87 1632 269 1692 mundusdat,
278 1647 330 1702 ego
343 1629 378 1684 do
388 1628 465 1682 vobis
479 1631 565 1692 (doen⁴
575 1643 628 1690 xrs,
645 1629 879 1699 antequanm
919 1622 1078 1679 diademate
1097 1625 1248 1681 sublimato
1262 1628 1356 1682 clausa
1371 1635 1437 1684 suut
1457 1633 1571 1704 templa,
1586 1643 1717 1691 reseratae

88 1723 204 1794 dignitas
211 1719 347 1774 mundum
360 1733 422 1773 cum
437 1717 561 1772 FilioDei
572 1717 675 1772 sentire
685 1717 878 1782 inimicum,ut
888 1695 912 1755 Β
922 1719 989 1768 sunt
1010 1715 1147 1779 Ecclesiae,
1170 1723 1316 1784 coeperunt
1331 1719 1482 1790 parietibus
1498 1722 1609 1794 depingi
1623 1725 1717 1797 imago

88 1813 207 1876 Patrem,
222 1809 272 1880 qui
284 1808 313 1862 in
322 1807 400 1862 coelis
409 1811 460 1868 est,
470 1822 527 1860 una
542 1806 644 1860 habere
658 1806 797 1877 possimus
811 1807 881 1860 ami·
922 1803 1075 1858 Salvatoris
1089 1811 1118 1858 et
1130 1822 1144 1858 ε
1157 1805 1264 1876 publice
1279 1806 1358 1875 dejici
1370 1809 1462 1879 imago
1473 1811 1560 1879 lovis;
1573 1821 1718 1886 caeperunt

86 1917 151 1956 curn.
180 1898 236 1962 Qui
256 1903 352 1974 postea
375 1912 426 1949 uos
449 1894 569 1948 inritans
594 1896 629 1948 ad
650 1896 818 1966 passionem,
839 1896 879 1949 sic
920 1892 1021 1946 altaria
1037 1892 1106 1963 erigi
1122 1899 1150 1947 et
1168 1894 1428 1968 simulacradejioi3
1444 1900 1552 1955 reddita
1565 1907 1607 1956 est
1621 1919 1674 1974 pax
1687 1905 1717 1958 in

85 1991 138 2044 ait:
156 2008 166 2040 r
185 1987 281 2046 Nolite
297 1986 397 2040 timere
415 2001 463 2038 eos
477 1984 524 2055 qui
538 1984 668 2039 occidunt
685 2002 795 2056 corpus,
816 1985 879 2039 ani·
919 1984 978 2032 toto
993 1979 1061 2034 orbo
1075 1981 1204 2034 Ecclesiis
1216 1983 1342 2053 quamvis
1357 2001 1411 2039 non
1427 1986 1510 2058 longo
1524 1993 1650 2061 tempore
1664 1991 1718 2046 alu-

85 2095 151 2133 mam
172 2084 272 2134 autem
292 2091 348 2130 nou
364 2079 483 2145 possunt
498 2074 622 2128 occidere
643 2075 729 2129 ldotlr.
747 2091 772 2137 x,
789 2072 846 2146 98).
865 2093 876 2126 s
918 2073 1027 2120 lature.
1041 2069 1113 2122 Nam
1124 2069 1249 2139 ejusdem
1261 2071 1299 2141 pii
1311 2072 1586 2147 principistempore,
1598 2078 1720 2134 surrexit

84 2167 115 2224 Et
131 2171 196 2239 post
223 2181 313 2238 pauca
328 2183 333 2218 :
348 2182 361 2214 ι
378 2161 408 2218 Si
426 2163 489 2234 quis
506 2163 583 2218 venit
606 2167 669 2234 post
688 2179 743 2228 me,
760 2163 879 2233 abneget
919 2156 1012 2222 Atius,
1029 2157 1169 2212 maximus
1185 2159 1313 2214 Ecclesiae
1328 2161 1496 2230 devastator,
1509 2171 1530 2218 'a
1544 2182 1598 2236 quo
1613 2166 1719 2222 Ariana

86 2256 273 2327 semetipsum,
293 2257 322 2308 et
340 2252 422 2307 tollat
448 2268 559 2306 trucem
579 2268 669 2316 suem,
690 2257 719 2306 et
743 2257 880 2323 sequatur
920 2247 1034 2301 haeresis
1049 2257 1145 2301 exorta
1158 2254 1209 2314 est,
1227 2258 1256 2302 et
1269 2249 1305 2303 ab
1318 2265 1351 2304 eo
1367 2253 1443 2307 mille
1458 2254 1595 2311 hereseos
1609 2259 1720 2312 novita-

82 2361 122 2398 me
134 2345 231 2410 (llotlr.
248 2359 294 2410 xv,
310 2340 366 2412 tt).
384 2340 489 2404 »Quod
504 2339 528 2394 si
543 2340 780 2395 membrasummi
795 2340 878 2412 Capi·
919 2339 1232 2408 tes,contraquasomni
1239 2339 1399 2394 Christiano
1411 2344 1592 2412 pugnandum
1601 2361 1651 2416 pro
1659 2341 1719 2400 oft-

82 2434 115 2488 tis
126 2449 235 2494 sumus,
250 2430 457 2486 debemuseum
473 2429 609 2483 imitando
622 2429 703 2500 eique
715 2429 878 2485 inherendo
921 2425 963 2479 cio
973 2423 1016 2479 sui
1028 2426 1252 2480 consideratione
1267 2427 1336 2481 nulli
1351 2429 1468 2491 dubium
1482 2437 1533 2486 est.
1541 2431 1613 2487 Nam
1629 2439 1720 2490 veter·

83 2523 143 2578 illuc
155 2522 273 2578 madere
287 2536 343 2590 quo
367 2535 431 2572 eum
446 2518 605 2589 pervenisse
616 2535 666 2588 pro
683 2523 759 2572 certo
781 2535 882 2588 cogno-
922 2515 1206 2569 nosusseuexdolens
1216 2516 1580 2592 imperialiarasaperquae
1587 2523 1721 2579 Christia-

83 2612 168 2668 vimug
196 2610 387 2681 [inserendam
405 2610 476 2676 [orta
498 2623 550 2678 per
569 2611 610 2661 rel
632 2607 716 2678 post],
737 2607 838 2678 probra
855 2613 883 2662 et
922 2619 988 2657 nam
1000 2603 1220 2674 persequebatur
1231 2605 1394 2675 religionem
1406 2607 1459 2662 sibi
1468 2611 1655 2678 essesublata,
1664 2629 1722 2667 oru-

85 2701 231 2772 flagelleet
243 2697 388 2753 irrisiones
403 2703 431 2752 et
442 2695 634 2766 turpissimum
650 2701 770 2755 mortem
782 2697 882 2761 crucis,
924 2707 990 2745 uem
1009 2709 1039 2746 se
1053 2693 1165 2762 collegit
1179 2693 1209 2747 in
1223 2694 1305 2757 iram,
1323 2701 1352 2748 et
1366 2713 1417 2766 per
1431 2697 1566 2766 quosdam
1582 2715 1638 2754 suaa
1654 2701 1723 2756 artis

86 2794 117 2846 ad
130 2791 253 2862 gloriam
262 2786 391 2859 pervenit
404 2784 617 2842 resurrectionis
631 2791 660 2840 et
673 2795 884 2841 consummatus
924 2781 998 2835 viros
1013 2781 1081 2836 lalsa
1090 2782 1202 2852 J'ustitia
1217 2783 1380 2850 inebriatos,
1397 2802 1453 2839 non
1468 2787 1654 2851 cessavit‚nec
1667 2807 1725 2845 ces-

86 2881 181 2941 lanus,
190 2876 283 2949 gloria
293 2875 434 2930 ethonore
444 2875 685 2938 coronatus,sedat
695 2875 729 2928 ad
740 2873 884 2933 dexteram
926 2875 979 2936 sat,
991 2885 1042 2923 11³0
1061 2871 1094 2924 ad
1107 2887 1196 2941 usque
1211 2871 1286 2926 illius
1300 2891 1312 2923 t<
1329 2873 1377 2943 qui
1387 2874 1532 2930 extollitur
1545 2893 1629 2948 super
1640 2893 1723 2934 omne

86 2948 132 3026 [tei
154 2965 252 3024 Patris
272 2963 483 3034 omnipotentis.
501 2962 545 3018 Sic
559 2970 588 3016 et
601 2978 662 3028 uos,
679 2964 702 3017 si
718 2964 766 3017 lilii
780 2965 883 3018 summi
927 2959 973 3030 qui
986 2959 1089 3013 dicitur
1103 2967 1152 3014 aut
1165 2961 1268 3014 colitur
1282 2961 1356 3015 Deus
1371 2964 1411 3025 (ll
1426 2965 1512 3018 l'larss.
1534 2979 1566 3034 11,
1576 2967 1604 3034 4)
1621 2985 1634 3019 r
1650 2972 1724 3021 tem·

86 3058 173 3116 Patris
188 3073 300 3120 sumus,
316 3071 367 3125 per
380 3052 536 3108 mundanas
551 3053 738 3124 possessiones.
751 3054 885 3110 debemus
927 3065 994 3120 pora
1009 3049 1129 3103 cessabit
1146 3050 1272 3103 Ecclesia>
1287 3049 1428 3105 maculare
1439 3053 1605 3122 puritatem.

86 3145 333 3207 commonsecum,
343 3142 703 3212 utconresurgeutessimul
714 3159 885 3214 conregnare
961 3137 1014 3192 Sed
1034 3155 1096 3192 curu
1123 3155 1139 3192 a
1162 3137 1348 3194 Constantino
1361 3141 1536 3211 coeperimus,
1549 3145 1726 3201 Constantini

87 3235 235 3306 possimus,
252 3231 375 3303 quodam
388 3230 485 3285 marris
499 3235 600 3286 nostrae
616 3249 671 3286 non
687 3232 816 3288 habentis
826 3251 886 3288 ma.
927 3227 1350 3298 leudespersaquamur.Hioest
1360 3230 1561 3286 Constantinus
1577 3235 1623 3304 qui
1635 3235 1726 3306 legem

87 3325 176 3380 colam
192 3337 288 3392 neque
303 3335 402 3391 rugam
413 3321 505 3388 eliphas
527 3336 553 3384 a,
568 3318 613 3374 27·
631 3320 712 3392 primi
725 3321 888 3378 fundatores
929 3316 1024 3388 posuit
1037 3317 1202 3387 evangelicae
1210 3317 1343 3372 doctrinae
1359 3327 1569 3386 consonantem,
1584 3331 1616 3378 ut
1630 3341 1727 3396 omnes

88 3419 114 3470 at
139 3410 321 3468 documentis
339 3410 458 3464 docuere
477 3415 506 3463 et
527 3410 661 3480 exemplis
682 3418 884 3471 monstravere¹
930 3405 1051 3477 episcopi
1062 3406 1219 3460 Romanum
1230 3405 1390 3478 episcopum
1403 3407 1538 3464 haberent
1548 3419 1641 3484 caput,
1654 3413 1728 3480 sicut

88 3503 251 3575 Respondet
264 3500 338 3555 enim
349 3499 423 3553 aliud
440 3499 568 3570 princeps
579 3498 658 3553 ovilis
674 3505 702 3554 et
715 3517 763 3554 vas
775 3501 889 3556 electio·
930 3511 1027 3548 omnes
1039 3495 1148 3564 judices
1160 3511 1269 3566 regem·
1289 3495 1340 3550 Hic
1357 3502 1400 3550 est
1415 3497 1566 3554 Dominicae
1580 3502 1670 3556 crucis
1687 3505 1728 3558 in-

87 3593 128 3646 nis
147 3598 178 3646 et
191 3589 246 3646 filii
266 3589 426 3658 Boumages
440 3590 491 3646 tito
510 3589 583 3655 cod.)
606 3593 635 3642 et
651 3588 752 3643 iratres
774 3589 890 3644 Domini
930 3584 1728 3660 veritorchristiauinomiuisiunximuspropagatorelmae

89 3680 239 3750 ceterique
250 3676 391 3732 Dominici
403 3675 496 3747 gregis
509 3676 620 3743 arietes,
633 3677 709 3732 aliud
720 3694 772 3732 nos
786 3679 891 3734 donne.
931 3689 1008 3726 novae
1023 3673 1118 3727 Romae
1131 3673 1272 3728 fundator.
1281 3673 1459 3730 basilicarum
1475 3679 1632 3750 praecipuus
1642 3681 1730 3736 fabri-

87 3777 163 3833 runt,
175 3768 246 3840 quia
261 3765 397 3820 mundum
411 3781 474 3820 oum
491 3765 600 3836 pompis
615 3766 673 3819 suis
688 3767 890 3838 relinquentes,
932 3767 1025 3826 sator,
1036 3762 1080 3816 hic
1095 3761 1191 3832 estqui
1207 3761 1287 3816 nobis
1299 3769 1425 3817 sanctam
1437 3765 1578 3822 Nicaenam
1589 3753 1728 3842 synodum

89 3873 150 3928 quaa
164 3870 280 3912 sursum
296 3859 363 3908 sunt
376 3851 526 3924 sapiamus.
542 3869 598 3906 non
614 3869 675 3923 quae
688 3860 891 3924 superterram
934 3851 1122 3922 congregavit,
1134 3851 1163 3904 in
1180 3867 1235 3922 qua
1246 3851 1372 3906 clunium
1388 3852 1582 3926 episcoporum
1599 3859 1732 3918 subsellia

89 3947 143 4008 (Cot
164 3959 209 4008 m,
234 3943 275 4008 tit.
299 3941 378 4007 Quod
401 3941 535 4013 exemplis
562 3949 799 4002 monstraverunt,
829 3962 893 4000 cum
935 3939 994 4010 ipse
1009 3940 1175 4011 composuit,
1187 3945 1216 3994 et
1230 3939 1289 4011 ipse
1301 3940 1353 3995 sub
1364 3943 1487 4012 pedaneo
1500 3947 1601 4001 sedens
1611 3949 1731 4008 scabello

87 4034 163 4092 irent
175 4033 521 4106 gaudentesaconspectu
534 4030 653 4095 concilii,
668 4031 800 4102 quoniam
816 4025 895 4105 digni
935 4029 1081 4099 indignum
1093 4029 1223 4099 judicans
1243 4029 1417 4100 imperialem
1437 4031 1531 4087 sedem
1545 4035 1654 4092 thronis
1668 4025 1733 4095 illo-

88 4123 178 4178 hahiti
193 4127 279 4179 erant
293 4137 343 4192 pro
359 4121 471 4174 nornine
485 4119 551 4174 lesu
562 4120 747 4175 contumelias
755 4123 813 4192 pati
825 4125 893 4188 (Act.
937 4133 998 4174 rum
1008 4117 1287 4189 admisceri,quorum
1298 4119 1378 4173 sedes
1385 4120 1733 4190 judicaturaesuntduode-

91 4229 117 4278 r,
133 4214 193 4282 ll).
217 4211 313 4284 igitur
336 4218 485 4282 postquam
512 4210 542 4278 in
563 4225 675 4263 omnem
689 4215 793 4264 terram
813 4211 897 4264 exirit
907 4245 931 4304 D
941 4207 994 4261 cim
1009 4207 1099 4261 tribus
1112 4205 1200 4261 lsrael
1216 4209 1309 4274 tileth.
1325 4221 1381 4273 xrx,
1398 4207 1452 4266 ibt.
1467 4207 1519 4284 Cui
1533 4227 1595 4265 curn
1610 4216 1734 4284 quedam

90 4319 179 4358 sonus
209 4316 312 4358 eorum
342 4302 423 4360 tPsol.
453 4312 532 4359 xrrrr,
557 4297 595 4368 5).
617 4299 802 4354 consummati
831 4299 896 4354 sacti
939 4296 985 4350 die
999 4293 1084 4350 libelli
1099 4296 1307 4350 accusationum
1318 4295 1353 4350 ab
1364 4297 1500 4369 episcopis
1511 4299 1733 4373 porrigerentur,

87 4390 240 4446 constituti
256 4393 322 4444 suut
330 4387 560 4460 principessuper
573 4403 685 4441 omnem
698 4395 803 4442 terram
812 4389 895 4452 (Prot.
939 4384 1029 4439 tortor
1043 4385 1144 4438 dixisse
1155 4403 1160 4438 :
1170 4383 1259 4448 Absit,
1272 4390 1305 4438 ut
1314 4402 1366 4455 ego
1373 4386 1589 4456 judicemdeosl
1605 4391 1645 4446 De
1659 4387 1736 4454 robis

88 4496 168 4545 auru,
197 4479 253 4546 17).
278 4475 338 4532 Hos
359 4484 472 4532 secutus
497 4481 541 4530 est
562 4479 716 4547 martyrum
732 4477 897 4531 candidatus
940 4474 1014 4528 enim
1028 4474 1134 4528 dictum
1147 4474 1303 4544 est:«Ego
1314 4473 1394 4528 Dixi:
1412 4473 1456 4529 Dii
1471 4476 1629 4545 estis(l’sol.
1639 4465 1734 4556 xxxxi,

88 4569 254 4634 exercitus,
271 4565 319 4638 qui
338 4581 387 4636 per
404 4565 479 4620 varia
500 4581 645 4636 prunarum
660 4581 765 4635 genera
779 4572 898 4619 mortem
940 4561 986 4630 6l3
1005 4583 1017 4614 r
1037 4579 1128 4634 neque
1149 4563 1225 4617 euim
1244 4573 1350 4617 rectum
1374 4569 1416 4618 est
1436 4569 1468 4618 ut
1488 4567 1579 4636 major
1597 4583 1613 4622 a
1628 4563 1738 4629 minore

87 4660 284 4718 inuenientes.
305 4663 441 4712 aeternam
462 4655 547 4710 vitam
568 4655 668 4709 lucrati
683 4662 758 4710 sont.
775 4655 899 4720 Quorum
938 4652 1089 4723 judicetur.
1120 4652 1172 4706 Hic
1192 4657 1244 4712 est,
1271 4651 1306 4705 de
1327 4667 1383 4722 quo
1398 4651 1502 4722 legitur
1517 4655 1619 4712 dixisse
1633 4660 1700 4730 quia
1714 4645 1738 4717 si

87 4751 137 4806 alii
155 4745 305 4820 stipitibus
318 4745 457 4817 suspensi,
475 4744 523 4800 alii
547 4743 821 4798 aeriiscruciatibus
837 4760 900 4815 per-
940 4739 1369 4812 inveniremaliquem,religioso
1376 4739 1473 4818 habitu
1482 4741 1737 4822 circumamictum,

89 4838 197 4910 empti,
222 4836 271 4890 alii
292 4834 382 4906 capite
394 4833 528 4899 truncati,
549 4833 597 4887 alii
618 4832 669 4886 riri
692 4833 835 4892 excoriati.
853 4834 901 4888 alii
943 4831 1146 4902 turpitudinem
1166 4835 1340 4900 operantem,
1356 4829 1440 4900 pallio
1456 4847 1519 4907 meo
1532 4825 1740 4906 cooperuissem

90 4928 224 4986 dammis
238 4923 418 4986 concremati,
433 4923 482 4978 alii
497 4921 660 4978 lluminibus
675 4922 775 4986 necati,
791 4922 840 4982 elii
854 4937 902 4976 re·
943 4935 1019 4985 eum,
1042 4935 1078 4973 ne
1101 4918 1224 4989 dignitus
1246 4917 1320 4972 tanti
1335 4918 1457 4973 nominis
1470 4919 1667 4998 infamaretur.
1687 4911 1741 4984 Hic

90 5019 193 5074 cubus
206 5012 351 5086 perforati,
361 5012 408 5066 alii
423 5012 475 5066 viri
487 5011 598 5072 defossi,
615 5011 664 5065 alii
679 5011 831 5066 luminibus
846 5011 903 5083 pri·
944 5009 1059 5080 reliquit
1072 5007 1154 5071 tilios,
1170 5007 1294 5062 haeredes
1309 5007 1421 5078 quidem
1438 5011 1527 5081 regni,
1544 5013 1591 5066 sed
1609 5029 1665 5069 non
1677 4996 1741 5071 reli-

90 5109 164 5170 ,eth
183 5104 233 5159 alii
250 5100 382 5158 membris
396 5101 504 5156 raeteris
527 5099 677 5156 debilitati.
698 5100 745 5154 alii
761 5100 838 5158 secti.
855 5100 904 5154 alii
944 5097 1121 5167 gionis.Nam
1143 5096 1218 5150 lilius
1244 5096 1305 5166 ejus
1330 5097 1518 5166 tonstantius,
1540 5101 1588 5169 qui
1602 5087 1740 5166 defunctis

91 5191 232 5266 lapidati,
255 5188 303 5244 alii
329 5187 438 5245 vincula
461 5195 490 5243 et
514 5188 629 5243 uerbera
651 5187 767 5259 experti,
790 5188 906 5259 iusuper
945 5185 1080 5240 iratribus
1105 5185 1217 5256 imperii
1241 5191 1381 5262 posteum
1397 5186 1519 5256 suscepit
1539 5173 1740 5262 monarchiam]

1 5279 2 5288 ¹
92 5295 271 5358 etcarccpes
291 5280 540 5338 eunomiamntin
563 5281 674 5335 melotis
689 5287 719 5336 et
739 5282 767 5335 in
788 5279 906 5352 pellibus
948 5276 1059 5330 Ariana
1075 5277 1211 5359 haereseos
1239 5274 1297 5352 zelo
1320 5273 1488 5350 mirabiliter
1511 5277 1628 5343 vastavit
1653 5265 1744 5360 Ecele-
1934 5269 1938 5313 ἦ

93 5373 229 5447 caprinis
245 5371 338 5432 adeor.
357 5383 397 5432 xl.
411 5369 466 5437 37).
481 5368 541 5424 Hos
554 5369 590 5422 ad
600 5375 658 5423 tem
668 5369 831 5441 prsealaram
845 5369 906 5439 glo·
950 5365 1034 5430 siem;
1046 5379 1112 5419 narn
1127 5363 1271 5444 episcopos
1283 5361 1668 5451 exsiliorelaguritpuosdam
1680 5355 1744 5436 vero

93 5465 174 5542 giem
192 5456 328 5538 perideuit
345 5457 513 5530 promittentis
522 5471 604 5529 apex,
621 5458 679 5529 qui,
695 5458 823 5530 quamvis.
838 5473 908 5530 pene
945 5443 1044 5536 gladio
1060 5452 1211 5508 'truncavit
1236 5452 1288 5506 llic
1302 5465 1364 5536 cum
1381 5465 1432 5527 por
1443 5449 1632 5538 Ermogenpm
1645 5441 1746 5539 prate:

92 5559 162 5614 m
171 5543 909 5626 oqhejamdidanns,quodserlrispmdicabet,otten·
947 5541 1160 5612 nummulum
1176 5541 1339 5614 episcopum
1352 5536 1432 5612 cpoli
1444 5533 1585 5610 expellere
1596 5525 1746 5619 nantaldi,
