3896 6170
238 285 304 352 ιιιι
528 337 532 344 ,
758 281 787 340 s.
808 277 1007 342 omnnem
1024 279 1178 342 muers
1197 279 1366 342 eremus.
1775 283 1832 344 ιιιι
1913 351 1914 358 Ν

235 413 408 480 muntem
423 417 452 467 et
469 408 614 482 inquibus
628 408 740 466 nonnbi
762 409 969 482 presbyterium
986 426 1030 466 sc·
1042 407 1160 478 Asinos,
1176 409 1281 482 absque
1300 405 1461 464 retiotrlrbili
1481 405 1568 462 eiust
1586 407 1667 464 lrbdet
1683 409 1794 464 benene.
1806 413 1832 466 lu
1913 393 1914 450 3

234 509 305 572 lum,
321 505 350 560 in
374 499 475 573 quibus
493 499 528 552 ad
550 514 680 570 vesperes
699 503 728 553 et
747 499 781 554 ed
797 507 948 555 nocturnos
967 507 1033 556 ente
1073 500 1228 554 crastinum
1248 516 1312 556 vero
1337 505 1401 570 post
1425 495 1553 552 lituniem
1576 497 1730 553 ecferuntur
1752 506 1834 554 cuncte
1913 535 1914 548 ,

235 597 335 652 luciem
360 589 458 646 altaris
487 587 649 659 principalis
672 587 786 642 sucendi
812 588 934 644 debeant
958 589 1033 643 cerel
1073 595 1251 646 orneruentu·¹

234 690 353 755 septem,
366 685 394 734 et
407 675 546 748 inquibus
564 676 675 730 nonnisi
688 676 826 747 quinque;
839 682 868 732 et
878 691 940 748 que
949 694 1034 747 egen·
1110 679 1177 742 Qus
1196 681 1261 732 vem
1278 675 1382 732 aulerri
1401 681 1557 746 nequeunt,
1578 673 1708 729 velentur.
1728 673 1764 730 dd
1783 691 1835 732 cun

234 774 277 830 de
287 771 344 826 sint
353 769 383 824 iu
398 766 478 830 albis,
488 772 517 820 et
530 781 592 835 quse
603 764 633 819 in
647 764 758 836 ceppis;
771 771 799 820 et
812 755 907 836 ceppes'
919 767 1033 837 quidem
1074 777 1186 838 quoque
1196 766 1328 837 pertinet,
1349 772 1382 820 ut
1395 766 1426 819 in
1439 765 1607 820 Sanctorum
1621 761 1725 834 vigiliis,
1739 776 1835 834 quorum

233 863 329 918 inuno
342 858 426 912 choro
442 853 605 928 peripsum,
621 853 648 907 in
668 853 757 908 altero
774 870 824 924 per
841 855 903 924 ejus
918 855 1032 926 adjutos
1074 857 1144 910 leste
1159 855 1188 910 iu
1202 854 1426 924 Quedregesirus
1439 853 1628 916 celebrentur,
1645 858 1673 906 ot
1691 853 1718 907 in
1731 851 1837 907 Ssbbutis

234 965 293 1008 rem
307 967 314 1017 ι
329 953 450 1016 utroque
463 943 560 1002 etism.
576 943 599 997 si
618 942 676 997 sint
690 942 826 1006 conversi,
840 943 908 998 albe
921 944 1031 1010 induto,
1074 941 1200 1016 ejusdem
1212 945 1277 1016 post
1287 951 1393 998 sertem
1411 943 1503 1012 mejus
1516 943 1616 1005 uitare,
1636 949 1664 995 et
1675 941 1746 1006 illoti,
1758 943 1836 1012 inquo

233 1037 350 1110 singulis
364 1030 725 1096 iratribusdistribuuntur,
735 1047 804 1102 ques
818 1039 848 1088 ct
861 1031 1029 1088 circalinem
1073 1033 1204 1088 instantis
1219 1032 1282 1086 testi
1297 1030 1422 1102 reliquiae
1444 1036 1518 1094 suut,
1547 1029 1632 1101 pallio
1653 1029 1795 1082 admiretur.
1813 1032 1838 1084 ln

232 1131 325 1186 ruisse
339 1126 400 1180 sine
415 1121 527 1178 licentis
545 1127 663 1192 possunt
677 1136 788 1184 exuere,
805 1126 837 1176 ut
859 1121 918 1176 sint
937 1122 1031 1193 peretl
1072 1121 1179 1178 cuncus
1193 1121 1277 1175 etiem
1292 1119 1382 1184 lesus,
1402 1120 1464 1190 que
1478 1119 1522 1172 vel
1535 1119 1565 1173 in
1579 1118 1674 1190 cuppis
1687 1119 1725 1171 vel
1740 1118 1766 1171 in
1782 1117 1838 1172 olbis
1914 1103 1915 1170 l

232 1232 347 1290 cappos,
362 1220 518 1282 ceteroque
537 1210 705 1264 vestimentu
719 1209 861 1280 adjunctis
877 1210 1027 1266 fanonibus
1072 1210 1260 1276 celebrentur,
1276 1207 1405 1280 providet
1415 1213 1560 1262 utcunett
1572 1207 1672 1262 altaris
1682 1207 1764 1278 pellib
1776 1207 1839 1260 udor·

232 1309 359 1378 recipere
386 1308 471 1372 etque
493 1298 634 1354 recedere.
655 1297 709 1362 Qui
723 1299 837 1369 quidem
862 1299 987 1361 lenones,
1007 1299 1031 1354 si
1073 1305 1189 1355 nentur.

232 1395 298 1452 talis
312 1399 357 1448 est
370 1388 515 1454 festivitas,
531 1403 593 1457 quse
608 1386 637 1440 iu
651 1386 747 1457 cappis
764 1393 866 1456 egetur
880 1397 909 1440 et
921 1403 1032 1458 proces-
1109 1391 1167 1454 (uu.
1182 1387 1252 1452 eat-l
1269 1386 1298 1440 ln
1309 1385 1355 1440 die
1365 1400 1477 1456 quoque
1491 1383 1651 1438 Palinurum
1662 1383 1739 1438 debet
1752 1383 1839 1454 aliquos

233 1486 275 1540 sio
298 1479 482 1540 lleridebeut,
499 1480 637 1530 ettamen
660 1475 745 1529 tertie
769 1475 908 1543 qirsecedit
926 1475 1032 1546 puriter
1072 1475 1266 1546 diligentiores
1289 1475 1325 1529 de
1343 1473 1484 1529 conversis
1511 1473 1625 1544 eligere,
1649 1473 1696 1544 qui
1717 1473 1841 1544 capesset

232 1587 296 1630 cum
318 1569 389 1626 elbis
410 1563 562 1626 distributi,
587 1579 643 1617 non
664 1563 743 1634 prius
759 1563 931 1634 recipientur
946 1577 1032 1634 quem
1073 1573 1153 1618 arces
1180 1565 1229 1619 ss.
1246 1563 1431 1635 reliquiorum
1450 1563 1484 1618 ed
1513 1564 1716 1636 processionem
1739 1561 1841 1616 humeris

231 1655 447 1734 processionalis
462 1657 561 1721 centus
577 1651 702 1706 srnietur.
727 1651 756 1705 Si
778 1668 843 1706 vero
865 1651 950 1706 tertie
964 1650 1031 1706 sob-
1072 1651 1343 1722 scisntpbrtnre.1n
1359 1668 1415 1723 que
1426 1652 1557 1707 videlieet
1568 1652 1740 1724 processione
1751 1650 1842 1722 preter

231 1749 369 1820 sequitur,
382 1743 478 1799 statim
500 1740 617 1812 psalmis
637 1739 725 1794 finitis
741 1747 934 1796 resumuntur.
950 1741 1030 1805 Quod
1041 1747 1120 1830 'Btur
1131 1745 1206 1812 aqut
1218 1741 1374 1807 benedicta,
1391 1747 1605 1812 postescruces,
1622 1747 1713 1796 textus
1726 1738 1842 1808 Evangelii

231 1839 255 1894 si
265 1834 406 1909 processio
416 1847 472 1886 non
483 1830 586 1901 egitur,
598 1845 776 1902 nequaquem
789 1829 938 1884 senonibus
947 1837 1031 1884 utun·
1072 1829 1138 1893 duo,
1168 1830 1336 1885 candelebra
1363 1835 1493 1901 quotuor,
1509 1829 1655 1885 thuribulo
1677 1830 1740 1892 duo,
1761 1827 1843 1882 deinde

230 1933 287 1984 tur.
304 1925 338 1980 In
353 1921 478 1994 quolibet
490 1925 585 1974 eutem
601 1918 673 1972 sesto
689 1918 718 1972 in
742 1917 813 1972 olbis
836 1919 956 1988 egendo,
971 1919 1030 1974 sive
1070 1917 1196 1970 conversi
1210 1922 1318 1978 omnes.
1341 1917 1377 1972 ud
1401 1917 1535 1972 ultimum
1554 1917 1688 1982 seniores,
1708 1917 1773 1971 deut
1785 1916 1841 1970 etin
1916 1957 1917 1994 3

231 2014 372 2088 processio
384 2015 494 2082 egetur,
506 2007 564 2062 sive
579 2024 645 2072 non,
658 2007 810 2078 recipiendi
826 2023 881 2062 non
894 2015 961 2064 sunt
979 2009 1030 2064 do·
1072 2005 1197 2075 quelibet
1215 2007 1402 2077 processione,
1419 2021 1481 2078 que
1494 2013 1574 2061 extre
1590 2007 1740 2062 cleesttum
1757 2005 1840 2075 sgiuu.

231 2120 284 2159 nec
303 2102 414 2156 dicetur
430 2101 482 2152 Per
503 2098 599 2150 omnio
614 2098 722 2149 seculo.
739 2095 877 2148 Ceterum
893 2096 959 2150 licet
978 2096 1029 2153 teli
1071 2095 1125 2150 Sed
1135 2095 1233 2150 famuli
1247 2103 1313 2150 ente
1326 2096 1486 2166 predictam
1498 2096 1703 2167 processionem
1717 2094 1844 2148 scribsis-

231 2191 329 2248 ordine
346 2189 429 2256 (siem
440 2186 546 2240 dictum
562 2187 615 2251 est)
631 2182 660 2237 in
671 2183 787 2253 singulis
801 2183 879 2238 lestis
888 2188 1031 2258 oappaevel
1071 2189 1148 2246 runt,
1158 2185 1234 2254 quod
1247 2191 1276 2239 et
1287 2185 1316 2238 in
1327 2183 1418 2239 tribus
1431 2184 1530 2240 diebus
1544 2185 1732 2255 Rogationem
1745 2183 1842 2238 iscium

229 2281 347 2336 senones
362 2275 569 2330 distribuentur
586 2287 618 2324 ec
632 2270 813 2342 recipientur,
831 2273 860 2326 in
875 2273 979 2328 Pelmis
990 2281 1030 2329 tu·
1073 2270 1154 2342 Lapis
1166 2273 1375 2344 chrystallinus,
1388 2273 1424 2328 de
1439 2290 1495 2344 quo
1509 2273 1582 2344 ignis
1603 2273 1635 2328 itr
1651 2273 1737 2328 Doens
1754 2270 1844 2326 nomin

230 2385 296 2426 men
311 2367 384 2423 etin
403 2361 600 2418 Purificstione
614 2362 642 2414 S.
658 2360 753 2416 Merite
776 2361 883 2416 nemini
902 2363 1030 2418 tribuun·
1070 2367 1115 2416 est
1128 2361 1291 2426 eliciendus,
1307 2361 1342 2416 eb
1357 2379 1390 2416 eo
1403 2363 1541 2428 servetur,
1556 2362 1605 2433 qui
1618 2369 1650 2416 et
1663 2362 1692 2416 in
1705 2361 1794 2416 eodem
1809 2359 1844 2412 dic

230 2465 287 2524 trrr,
301 2457 374 2512 sicut
385 2469 437 2508 nec
451 2449 576 2521 reliquie
587 2448 685 2502 eudem
702 2448 747 2503 die
758 2455 917 2520 portantur.
1070 2454 1099 2504 et
1112 2449 1142 2502 iri
1154 2449 1265 2506 duobus
1279 2451 1472 2522 sequentibus,
1490 2467 1541 2522 per
1564 2464 1632 2506 enm
1654 2450 1771 2505 aunario
1787 2465 1846 2520 pre·

266 2544 418 2602 Preietom
434 2555 544 2611 quoque
559 2536 704 2592 sacristam
720 2537 793 2592 scire
814 2535 954 2600 convenit,
969 2554 1026 2610 quo
1069 2544 1209 2606 mutetur,
1225 2546 1258 2593 ιιι
1273 2556 1324 2612 per
1342 2540 1434 2611 ipsum
1450 2539 1523 2610 ignis
1546 2540 1614 2595 inde
1629 2540 1789 2612 proferetur,
1806 2537 1844 2607 qui
1917 2569 1918 2598 ι

230 2639 333 2692 ornatu
345 2632 375 2686 in
391 2628 468 2684 lestis
483 2624 683 2698 principalibus
697 2627 804 2696 ngenda
820 2628 857 2680 sit
871 2628 1025 2698 processior
1067 2633 1164 2682 tamen
1180 2645 1198 2682 e
1211 2629 1323 2682 lemulis
1337 2629 1425 2701 ipsius
1444 2629 1568 2684 sacriste
1586 2627 1791 2685 succendendus
1802 2633 1845 2690 est,

229 2723 265 2779 eb
276 2739 309 2778 eo
319 2734 442 2790 nemque
455 2716 528 2771 inire
542 2713 665 2785 spatium
684 2715 763 2768 cbori
779 2731 897 2786 quaeque
921 2716 955 2770 ad
968 2717 1027 2771 bec
1068 2733 1101 2770 ac
1123 2717 1302 2772 nutriendos.
1329 2717 1433 2772 Eodem
1449 2717 1495 2773 die
1508 2725 1649 2774 conventu
1668 2717 1703 2772 ed
1717 2716 1846 2788 prandium

229 2803 1028 2886 pertinentieedjutoribussuisadministrationibussunt
1067 2805 1275 2876 progrediente,
1302 2805 1361 2877 ipse
1385 2807 1506 2861 sacriste
1522 2819 1586 2861 cum
1613 2805 1783 2878 adjutoribus
1797 2802 1846 2858 suis

228 2893 507 2972 disponende.lgitor
516 2892 545 2946 iu
555 2891 654 2946 eedem
664 2891 842 2963 processione
852 2893 943 2963 primo
953 2909 1028 2964 eque
1067 2899 1206 2962 remanet,
1217 2901 1250 2948 ut
1260 2901 1361 2950 cuncte
1376 2895 1477 2950 altaris
1489 2896 1677 2951 velaminibus
1691 2895 1781 2950 nudet.

227 2987 384 3048 benedicta,
395 2999 501 3046 cruces,
514 2986 607 3036 textus
626 2979 768 3050 Evangelii
783 2985 943 3051 portentur,
956 2998 1026 3052 quos
1103 2983 1136 3038 in
1150 2983 1302 3038 Pereseere
1314 2990 1378 3055 post
1391 2984 1503 3040 tertiam
1520 2994 1618 3040 cruces
1630 2987 1660 3040 et
1677 2989 1782 3049 cetere,
1795 2997 1846 3053 que

228 3079 416 3136 subdiaconus
430 3071 577 3144 epistolem
596 3069 730 3134 lecturos,
748 3074 777 3123 et
791 3068 920 3124 minister
929 3070 1026 3124 altene
1035 3043 1057 3104 G
1067 3069 1309 3142 Qummgssimari
1320 3077 1447 3146 tempore
1461 3073 1722 3147 luemntcoopetts,
1731 3073 1792 3128 lecit
1802 3071 1847 3125 dis·
1918 3086 1919 3090 ¹

226 3168 329 3226 turricis
341 3162 434 3220 induti
443 3161 581 3232 bequlant,
592 3162 693 3212 utente
704 3165 857 3228 utrumque
867 3158 1022 3214 incensum:
1066 3161 1211 3231 cooperiri,
1226 3161 1287 3215 sole
1299 3163 1407 3233 majore
1426 3176 1508 3218 cruce
1522 3179 1614 3235 usque
1628 3163 1697 3218 dum
1710 3161 1847 3233 antiphone

226 3255 395 3316 ceodclsbre
409 3266 506 3306 veroe
528 3249 617 3303 lutere
636 3261 733 3300 eorum
757 3245 895 3302 seruntur.
917 3248 1025 3304 Deinde
1065 3250 1130 3304 licoe
1158 3252 1268 3317 inunum
1300 3249 1464 3322 imponitur,
1490 3252 1585 3306 reluta
1621 3252 1727 3308 Dodem
1753 3257 1848 3322 quoque

227 3345 382 3409 cruciculis,
396 3339 526 3412 cspsulae,
541 3341 696 3405 ceteraque
715 3334 826 3389 minore
840 3343 1023 3406 ornamente5
1065 3343 1192 3409 tempore
1206 3338 1379 3394 edocendum
1391 3341 1439 3411 (ut
1457 3341 1543 3395 moris
1565 3343 1621 3412 est)
1647 3346 1781 3412 preparet
1797 3353 1848 3392 cro·

226 3434 376 3494 novissime
390 3435 550 3484 sanctorum
566 3422 732 3494 reliquimur
750 3422 919 3508 quibusdem
929 3425 1024 3480 senio·
1065 3443 1136 3482 cem.
1149 3427 1204 3482 Per
1213 3431 1305 3500 ipsum
1321 3429 1407 3484 etism
1419 3431 1510 3500 moitis
1522 3432 1612 3486 altare
1624 3431 1713 3486 linteo
1727 3427 1848 3486 candidis

225 3524 315 3586 ribus,
338 3520 431 3576 minus
455 3519 569 3570 suumne
591 3511 758 3576 volentibus,
782 3517 941 3582 portentur.
958 3512 1025 3568 Post
1065 3516 1137 3570 simo
1147 3517 1284 3588 operitur,
1300 3520 1482 3590 etcorporele
1493 3517 1847 3592 superponitur:eedpnnlo

226 3629 297 3686 quos
310 3627 325 3665 e
340 3607 428 3664 vicino
452 3603 569 3674 priores,
590 3600 737 3656 sicutmos
753 3600 841 3654 estin
863 3601 1018 3656 Dominicis
1065 3613 1218 3676 antequem
1250 3623 1351 3677 corpus
1377 3607 1489 3662 Domini
1517 3609 1584 3664 illuc
1607 3615 1776 3681 reportetur.
1796 3607 1848 3677 lpse

226 3701 336 3762 diebus,
352 3693 484 3766 usquein
507 3689 676 3746 vestibulum
701 3689 857 3752 secretarii,
874 3689 923 3744 sed
949 3690 1025 3746 lecte
1066 3711 1178 3766 quoque
1192 3695 1328 3766 providet,
1350 3702 1383 3750 ut
1398 3697 1494 3752 eodem
1516 3698 1562 3752 die
1586 3698 1663 3753 infra
1685 3697 1847 3754 micetionem

225 3790 329 3846 ibidem
344 3783 474 3846 statione,
490 3778 583 3834 ultimi
599 3778 715 3831 eborum
729 3777 935 3847 ingrediuntur.
1064 3784 1183 3838 fratrum
1196 3791 1299 3839 cuncte
1311 3786 1414 3840 altaria
1432 3803 1506 3857 equo
1519 3793 1548 3841 et
1559 3787 1625 3841 vino
1639 3803 1658 3842 e
1672 3783 1848 3842 sacerdotibus

262 3876 342 3943 Quod
353 3875 376 3930 si
388 3869 539 3943 eliquondo
550 3867 684 3932 evenerit,
697 3871 730 3919 ut
744 3866 830 3922 misse
848 3867 1023 3923 matutinalis
1063 3872 1281 3938 honestioribus,
1297 3891 1347 3945 per
1358 3891 1388 3930 se
1401 3875 1516 3940 vocetis,
1528 3877 1595 3931 dum
1606 3873 1847 3931 edb'ucsuntnudis

226 3968 263 4024 ed
273 3965 364 4036 mejus
380 3961 469 4016 ultore
483 3956 608 4014 canende
623 3955 671 4021 sit,
687 3955 761 4010 sicut
778 3955 808 4009 in
824 3955 977 4012 Netivitete
991 3957 1020 4012 S.
1064 3961 1192 4032 pedibus,
1210 3962 1421 4031 abluentur3et
1438 3965 1513 4036 quod
1526 3964 1646 4036 liquoris
1660 3966 1690 4020 in
1706 3964 1800 4035 majori
1812 3961 1848 4016 al·

226 4055 331 4120 uarie,
342 4046 542 4122 superomnia
554 4044 636 4099 m0d0
644 4043 811 4110 celebratur·
823 4059 878 4114 <1¹¹⁰
889 4042 918 4098 ib
929 4043 1022 4115 priva·
1063 4055 1125 4104 tere
1136 4050 1231 4106 tusum
1246 4052 1343 4116 luerit,
1364 4035 1490 4124 spongiis
1505 4053 1664 4126 colligatur,
1679 4054 1796 4126 indeque
1807 4063 1847 4105 ex-

225 4147 263 4202 tis
273 4143 372 4200 diebus
388 4139 480 4210 major
493 4135 566 4190 solet
584 4132 730 4199 celebrari,
747 4138 862 4204 excepto
885 4133 959 4204 quod
974 4150 1022 4188 so·
1063 4157 1191 4212 pressum
1206 4143 1236 4196 in
1246 4143 1377 4196 meantis
1392 4139 1566 4198 retundatur,

225 4233 370 4294 lummodo
390 4229 469 4302 prior
482 4231 540 4282 ltus
553 4221 725 4283 hostistsstvel
740 4220 764 4276 Sl
786 4226 830 4275 θῡῑ
844 4221 905 4276 dies
927 4221 1022 4278 Domi·
1099 4231 1131 4285 In
1141 4229 1262 4285 Sebbeto
1273 4231 1301 4286 S.
1314 4230 1430 4286 Peschae
1439 4233 1563 4287 cortinas
1572 4233 1601 4288 in
1615 4233 1718 4306 mejorl
1734 4231 1846 4290 ecclesio

224 4324 299 4390 nice,
314 4320 438 4394 quinque
453 4317 544 4378 ollert,
560 4317 589 4391 el
603 4310 731 4382 quamvis
744 4308 792 4366 ille
814 4309 890 4364 ⁸⁰ltls
909 4309 1020 4376 offeret,
1064 4321 1092 4370 et
1110 4316 1139 4371 in
1155 4317 1261 4388 capelle
1276 4318 1304 4372 S.
1325 4318 1420 4373 blerie
1435 4321 1568 4392 suspendi
1588 4320 1667 4388 teob,
1684 4321 1783 4393 quibus
1796 4319 1849 4372 dot·

225 4415 297 4476 elter
310 4417 406 4466 tumen
420 4406 522 4460 chorus
536 4400 571 4456 ad
582 4415 678 4470 pecem
694 4397 810 4462 secedit,
826 4398 915 4468 etqui
930 4399 1134 4470 solue-nsalie
1144 4405 1341 4464 defendentur.
1353 4413 1480 4463 neustrie
1492 4409 1652 4464 Adventum
1662 4407 1850 4464 Dominieule

224 4504 271 4569 rit,
289 4513 391 4571 corpus
404 4493 518 4552 Domini
533 4487 652 4560 occepit.
672 4487 740 4542 Post
751 4485 841 4541 tribus
862 4486 1021 4544 distributis
1063 4499 1171 4550 rentur.
1181 4494 1235 4548 nisi
1249 4495 1363 4550 interim
1374 4497 1442 4550 dum
1455 4498 1659 4552 monesterium
1675 4498 1704 4552 in
1714 4494 1850 4570 precipuis

222 4594 303 4666 juxte
318 4601 425 4644 morem
439 4579 545 4652 cappis.
567 4575 745 4649 pulsantibus
768 4574 898 4631 omnibus
921 4576 1019 4647 signis,
1063 4582 1141 4638 lestis
1149 4589 1291 4654 scopetur.
1302 4585 1374 4639 ltem
1384 4587 1413 4640 in
1420 4587 1519 4641 eodem
1525 4585 1647 4642 Sebboto
1658 4593 1689 4642 et
1698 4585 1852 4642 l’enteeostt

224 4688 365 4750 cestuque
377 4669 520 4744 imposito·
536 4666 630 4738 agitur
645 4664 794 4736 Pmcesslo·
1020 4705 1025 4712 ·
1063 4671 1099 4726 ed
1112 4671 1229 4726 missurn
1246 4673 1354 4726 scillem
1367 4674 1482 4730 crebere
1495 4675 1530 4729 td
1539 4675 1632 4747 ipsum
1646 4675 1775 4748 lespicitq
1793 4671 1852 4743 quie

260 4769 375 4826 Cineres
385 4775 497 4834 quoque
511 4755 559 4828 qui
572 4755 603 4810 in
622 4754 713 4825 capite
725 4752 827 4824 jeiunii
842 4753 962 4808 srntrum
976 4771 1021 4810 ee·
1063 4763 1130 4814 tunc
1142 4760 1408 4817 ermetiusclromm
1423 4769 1510 4821 tenet.

223 4857 329 4934 pilitus
344 4852 538 4922 imponuntur,
554 4859 587 4899 ex
602 4843 664 4914 ejus
677 4841 818 4898 industria
829 4841 901 4898 dunt
913 4843 948 4898 de
963 4857 1022 4900 cre-
1097 4847 1198 4903 Tribus
1208 4848 1309 4904 diebus
1328 4851 1518 4922 Rogationem
1528 4853 1589 4924 ipse
1595 4867 1660 4908 eum
1672 4853 1851 4925 adjutoremo

224 4947 291 5004 miis
308 4943 527 5004 sarmentorum,
539 4939 568 4990 et
582 4931 707 4988 studiose
729 4930 904 4986 mundentur·
918 4939 947 4988 et
965 4933 1020 4988 cri-
1059 4935 1236 5008 pbylecteris
1262 4938 1398 4996 dumibus
1412 4940 1567 4997 distribuit.
1593 4943 1618 4996 Α
1641 4939 1746 5014 quibus
1763 4947 1851 4996 temen

224 5037 354 5093 beentur.
1060 5023 1247 5081 abstinentes
1261 5027 1301 5094 bi,
1317 5028 1418 5100 quibus
1429 5030 1488 5084 tsle
1500 5030 1567 5102 quid
1581 5031 1693 5098 eccidit,
1710 5035 1773 5086 ute
1791 5038 1851 5100 pecc

257 5119 406 5182 Dominioe
422 5112 652 5184 Quedregesimae
672 5109 763 5182 primo
785 5115 848 5181 post
870 5111 1021 5182 completo·
1061 5120 1090 5168 et
1100 5115 1298 5170 communione
1307 5117 1478 5173 obmiscent.
1493 5120 1533 5174 Ee
1546 5123 1611 5175 veto
1625 5121 1851 5192 queedmissem

223 5218 297 5274 rium
316 5227 368 5284 per
393 5204 481 5278 ipsius
494 5200 697 5274 providentium
722 5199 907 5269 suspenditur
928 5201 1019 5256 velum
1062 5208 1129 5257 sunt
1142 5205 1309 5272 necessaria,
1321 5207 1358 5262 ed
1372 5207 1529 5276 ecclesium,
1539 5208 1574 5263 ed
1585 5215 1669 5282 quem
1685 5208 1849 5281 proceditur,

223 5309 298 5363 inter
312 5300 405 5370 majus
417 5295 506 5350 strare
520 5296 549 5346 et
562 5291 689 5352 chorum,
705 5287 734 5342 in
755 5287 826 5342 ieris
836 5293 938 5358 queris
953 5295 1020 5344 unte
1063 5298 1094 5344 ut
1105 5290 1280 5364 delerentur,
1291 5294 1352 5366 ipse
1362 5296 1545 5368 providetlbi
1556 5307 1666 5370 quoque
1677 5292 1753 5352 estet
1763 5294 1849 5356 etum

223 5393 332 5452 Pescbu
347 5385 445 5444 itidem
455 5379 650 5436 auferendum.
665 5373 792 5446 (llllDe
807 5376 851 5430 bis
863 5376 1019 5443 sciendum,
1061 5377 1195 5437 fratribus
1224 5382 1401 5454 phylacteria
1427 5383 1639 5457 deponentibus,
1667 5393 1700 5442 et
1720 5389 1851 5458 quetqett

224 5484 292 5558 qm
304 5478 412 5544 nullus,
432 5476 534 5546 preter
546 5465 700 5524 sanctuarii
713 5464 844 5520 custodes
862 5464 921 5520 sive
934 5465 1020 5522 reim·
1061 5469 1175 5540 poterit,
1187 5471 1249 5543 i'pst
1262 5471 1372 5544 recipit,
1388 5479 1417 5529 et
1433 5473 1465 5529 in
1477 5474 1559 5529 etun
1570 5475 1698 5546 deponit
1718 5465 1850 5532 suitur

256 5581 338 5671 ιιιιι
351 5591 424 5649 nes
437 5581 577 5645 meve,
591 5581 719 5640 onere.
730 5583 806 5653 sue
822 5584 879 5650 ne.
890 5575 939 5636 se.
