3986 6184
212 324 248 382 0
594 327 625 384 s.
646 291 853 386 naumann
872 329 1160 391 cnnmsmmsm
1177 321 1466 393 1000000000.
1815 340 1849 398 n

212 449 353 511 atterebat
361 448 490 510 homines
500 451 576 511 itlius
589 453 1508 534 provinciae,etsimulhominesnexposceratraspondit‘l'homas
1522 477 1668 536 nunquam
1677 480 1708 525 se
1722 465 1752 524 id
1761 465 1848 530 tacc-

211 539 433 626 Dorcbemensis
446 539 592 609 Ecclesiae3
613 540 658 596 cui
671 541 843 600 Laufrancus
854 543 884 600 in
907 543 1007 600 faciem
1049 561 1122 613 rum,
1133 547 1188 604 uisi
1197 548 1277 620 prius
1286 548 1405 621 scriptas
1418 551 1453 608 de
1468 551 1521 608 hac
1541 568 1573 608 re
1589 553 1759 617 auctoritate
1772 553 1849 626 lege-

210 632 326 704 restitit,
343 638 371 688 ct
381 648 477 688 coram
489 629 619 698 omnibus
642 630 804 689 testimonio
825 633 1007 706 antiquorum
1047 639 1101 702 ret,
1116 636 1169 692 nisi
1183 642 1269 694 testes
1284 639 1369 710 hujus
1383 640 1561 712 antiquitatis
1584 647 1739 708 assertores
1752 659 1849 702 corne-

210 711 378 794 anglorum,
389 720 437 794 qui
451 719 535 794 periti
549 724 632 776 eraut
642 719 737 792 legum
753 720 1007 794 00100000οη-
1049 729 1107 791 ret;
1123 729 1275 798 postremo,
1291 727 1347 784 nisi
1359 744 1499 800 congruas
1516 747 1602 803 super
1615 731 1708 788 hecra
1722 733 1849 794 00110000

210 809 362 868 ticcinatus
382 815 426 868 est
442 809 604 866 libertatem
631 814 714 866 terrea
740 827 806 880 suaa,
828 817 856 868 et
879 810 1009 868 liberarit
1048 814 1169 882 audiret,
1182 814 1284 887 quibus
1298 815 1327 872 id
1340 817 1418 888 juste
1432 822 1461 874 et
1486 819 1695 888 rationabiliter
1708 821 1770 878 sine
1787 839 1847 882 suar

210 889 434 957 hominessuosn
443 898 794 968 malisconsuatudinibm,
807 906 826 968 Ι
839 906 858 968 Ι
871 915 941 972 quas
946 900 1007 956 000
1048 903 1171 960 ecclesias
1183 905 1344 977 praejudicio
1353 906 1445 964 facere
1454 906 1579 964 deberet.
1591 909 1650 966 llos
1659 914 1754 971 autem
1768 911 1847 984 igno·

207 989 320 1046 volebat
330 989 386 1047 illis
400 989 554 1064 imponere.
566 988 665 1044 Adhuc
675 989 770 1062 plures
784 994 946 1062 supersunt,
964 988 1004 1054 {⁴⁸}
1047 993 1140 1049 nantia
1151 994 1241 1066 magis
1255 1010 1339 1066 quam
1356 995 1471 1068 spiritus
1484 997 1552 1053 elati
1562 998 1718 1069 pertinacia
1732 999 1844 1072 agebat.

208 1079 257 1152 qui
271 1085 300 1136 et
309 1080 404 1136 locum
417 1079 513 1153 placiti
527 1075 586 1152 (30)
601 1082 630 1134 01
648 1093 752 1134 nomen
765 1077 820 1134 loci
833 1082 947 1147 norunt,
964 1077 1004 1148 (⁴⁹)
1047 1081 1142 1138 Novus
1151 1083 1318 1140 enimhomo
1333 1089 1363 1140 et
1374 1085 1498 1156 anglica
1506 1087 1720 1152 consuetudinis
1731 1089 1845 1160 penitus

206 1171 236 1226 et
249 1169 365 1226 modum
378 1171 520 1243 finemque
534 1167 592 1224 litis
611 1182 666 1239 quo
689 1169 831 1225 00010000
852 1167 1005 1224 terminata
1046 1185 1145 1242 expers
1158 1171 1250 1228 verbis
1264 1171 1443 1230 adulatorum
1457 1174 1520 1247 plus
1530 1191 1609 1246 aequo
1624 1181 1653 1233 et
1671 1175 1745 1234 bono
1759 1178 1844 1253 tidem

204 1263 248 1315 est
262 1260 399 1317 referunt.
420 1257 494 1326 Quid
507 1258 542 1314 de
556 1255 664 1314 clericis
675 1255 806 1314 villarum
831 1274 947 1315 suerum
962 1256 1006 1314 01-
1046 1258 1202 1316 exhibebat.
1214 1260 1524 1318 Lanfrancustameuin
1534 1265 1845 1337 praeseutiapaucornm

204 1349 340 1420 cestrensi
354 1348 484 1424 episcopo
500 1346 621 1422 scripsit,
634 1344 732 1430 subter
755 1347 866 1406 annecti
887 1347 1005 1420 dignum
1045 1347 1249 1422 cpiscoporum,
1267 1349 1320 1422 qui.
1340 1351 1375 1406 ad
1401 1366 1465 1408 oum
1490 1368 1541 1424 pro
1559 1353 1612 1410 hac
1634 1354 1844 1418 consecratione

201 1437 343 1496 duximus.
1044 1443 1188 1508 00000001,
1209 1439 1283 1511 quod
1298 1440 1450 1512 postulavit
1463 1441 1596 1498 ostendit.
1611 1443 1650 1502 nt
1675 1443 1733 1512 ille,
1748 1459 1845 1516 asper·

236 1527 652 1604 commmemoratione
655 1568 711 1588 .....
724 1529 780 1602 (Est
789 1530 866 1600 epist.
882 1524 917 1586 40
931 1528 1002 1584 lon·
1041 1531 1127 1582 natus
1150 1527 1254 1595 omnin,
1285 1545 1343 1586 non
1367 1535 1495 1586 sacratim
1529 1529 1673 1588 abscessit.
1689 1531 1771 1597 Quod
1793 1550 1844 1596 rex

199 1617 315 1692 franci.)
1040 1616 1159 1672 audiens
1177 1617 1303 1688 graviter
1322 1618 1439 1690 accepit,
1469 1618 1632 1679 existimans
1654 1620 1843 1682 Lmtraucum

512 1706 630 1766 CAPUT
643 1709 679 1766 x.
1007 1703 1147 1789 Biujusta
1159 1711 1256 1778 petere
1281 1711 1311 1762 ot
1333 1705 1451 1764 edentia
1472 1707 1632 1766 litterarum
1649 1709 1742 1781 magis
1755 1727 1843 1783 quem

233 1795 281 1856 22.
294 1794 416 1868 Euutem
428 1795 510 1852 illum
524 1797 561 1853 ad
573 1796 846 1870 archiepiscopatum
861 1794 944 1852 multi
953 1810 998 1852 se-
1039 1793 1148 1850 ratione
1164 1801 1193 1852 et
1202 1794 1321 1856 venato
1331 1796 1481 1866 confidere,
1495 1797 1624 1870 quamvis
1633 1813 1686 1857 nec
1698 1799 1752 1872 ipsi
1765 1800 1841 1860 'iho-

198 1886 256 1942 cuti
270 1891 375 1954 sunt,e
389 1884 491 1958 quibus
502 1884 598 1957 plures
612 1886 748 1956 retinuit3
764 1883 997 1959 qucshonoribus
1038 1899 1092 1937 mae
1102 1883 1212 1940 deamat
1236 1884 1445 1956 Scripturarum
1470 1886 1583 1958 peritia,
1605 1887 1695 1944 multo
1712 1887 1837 1960 iugenio,

197 1979 227 2030 et
239 1975 324 2030 tern‘s
339 1974 447 2043 ditavit,
464 1973 537 2030 sicut
552 1975 658 2048 posteri
673 1991 770 2030 eorum
779 1979 922 2029 testantur
935 1990 996 2028 ma·
1037 1972 1126 2028 multo
1142 1972 1235 2028 studio
1245 1978 1415 2046 comparata.
1444 1973 1601 2032 Paucorum
1622 1975 1732 2034 dierum
1746 1978 1838 2049 spatio

195 2068 296 2122 nentes
309 2079 399 2136 usque
413 2062 449 2119 ad
463 2080 596 2136 presens.
611 2063 666 2120 Sed
681 2069 714 2120 ut
724 2067 801 2120 retro
814 2061 997 2134 redeam,pri·
1037 2061 1157 2128 evoluto,
1167 2061 1339 2118 10010000οε
1349 2061 1384 2118 00
1400 2063 1508 2122 crumm
1519 2064 1606 2132 venit,
1619 2082 1637 2119 a
1648 2065 1839 2138 0000000100-

194 2153 370 2210 moadsentu
384 2151 805 2226 ejusinnngliam‚auctoritate
815 2153 918 2208 summi
928 2169 996 2224 pon·
1036 2149 1106 2206 tiam
1121 2151 1282 2223 postulavit,
1310 2151 1429 2208 redditis
1457 2152 1613 2210 rationibus
1627 2155 1688 2226 ejus
1707 2155 1835 2218 animum

194 2241 277 2299 titicis
291 2241 454 2312 Alexandri,
477 2247 506 2297 et
519 2240 634 2316 gloriosi
648 2241 723 2314 regis
736 2240 881 2309 Willclmi,
896 2257 996 2296 convo·
1035 2238 1184 2311 mitigavit,
1199 2240 1396 2296 transmarinis
1411 2240 1459 2312 qui
1473 2241 1836 2317 0000001000ρωί)ωῆ-

193 2331 268 2388 cavit
277 2331 422 2406 episcopos
441 2334 471 2388 et
481 2331 623 2404 principes
634 2335 727 2398 terres,
743 2331 849 2386 olerum
864 2335 892 2385 et
906 2345 993 2402 popu·
1033 2331 1103 2384 tiam
1119 2330 1217 2386 adesse
1241 2330 1331 2386 suasit
1362 2334 1391 2385 et
1405 2331 1556 2402 persuasit.
1572 2331 1658 2404 Angli
1685 2333 1761 2394 enim
1783 2337 1834 2407 qui

190 2420 261 2490 lum,
280 2420 317 2478 ad
331 2420 491 2478 renovanda
501 2421 615 2477 decreta
636 2425 666 2476 et
692 2420 992 2477 institutasanctorum
1033 2434 1093 2474 rem
1102 2423 1239 2474 noverant
1248 2417 1450 2476 assertionibus
1462 2421 1524 2491 eius
1535 2422 1692 2493 peremnis
1705 2429 1836 2482 musten-

191 2509 308 2566 Palrum
325 2511 360 2566 de
374 2510 489 2586 synodis
498 2509 682 2579 celebrandis,
694 2509 729 2566 de
744 2507 992 2566 consuetudinibus
1032 2505 1139 2564 tissime
1148 2507 1340 2564 testimonium
1349 2506 1731 2582 perhibebantltaqueragio
1741 2512 1834 2572 edicto

190 2599 395 2656 ecclesiasticis.
412 2601 446 2656 ln
458 2599 512 2656 hoc
523 2603 662 2657 conventu
673 2604 817 2656 ostensum
836 2604 880 2656 est
893 2603 992 2656 contra
1032 2596 1231 2669 communique
1245 2597 1372 2653 omnium
1384 2596 1496 2654 decreto
1505 2602 1645 2658 statutum
1654 2606 1698 2656 est
1711 2601 1749 2658 ad
1762 2619 1832 2674 prra-

188 2687 326 2746 'rhomam
342 2687 395 2761 (30)
409 2688 540 2757 electum,
557 2689 606 2760 qui
614 2689 667 2745 hoc
680 2687 899 2755 contradicebat,
916 2687 991 2760 quod
1031 2702 1096 2743 sens
1110 2685 1213 2742 debere
1225 2686 1361 2742 'llromam
1371 2687 1407 2742 ad
1416 2691 1537 2744 mamam
1551 2687 1639 2744 totius
1648 2689 1729 2761 regni
1738 2691 1832 2748 Eccle-

188 2777 371 2836 Eboracensis
381 2778 608 2852 archiepiscopus
621 2776 705 2834 debet
718 2794 779 2834 esse
794 2776 991 2834 cantuariensi
1031 2775 1102 2832 siam
1125 2774 1227 2842 redire,
1241 2775 1443 2848 professionem
1458 2775 1591 2845 scribere,
1611 2777 1745 2850 scriptam
1758 2779 1832 2852 lege

187 2865 318 2924 subditus
331 2866 473 2938 antistiti;
488 2866 564 2940 quod
578 2866 820 2939 quomodoactum
832 2865 870 2922 sit
880 2865 991 2938 plenius
1030 2881 1079 2932 re;
1093 2865 1194 2920 lectam
1208 2864 1283 2920 inter
1294 2863 1512 2922 examinandum
1525 2863 1555 2920 in
1564 2867 1715 2938 prasentia
1723 2868 1829 2942 episco-

188 2955 237 3029 qui
250 2956 463 3024 volueritscirc,
479 2973 515 3012 ex
528 2955 572 3012 his
589 2971 651 3029 quse
664 2954 792 3027 subjecta
817 2959 885 3011 sunt
907 2970 990 3010 nosse
1029 2969 1131 3026 porum
1145 2969 1224 3009 more
1238 2953 1426 3010 eeclesiastico
1451 2953 1609 3014 Lanfranco
1624 2957 1786 3029 porrigam
1800 2959 1830 3018 10

186 3045 300 3117 poterit.
317 3045 364 3119 (ω)
373 3047 456 3103 Auno
472 3043 530 3117 (33)
544 3044 580 3100 ab
590 3044 785 3102 incarnatione
798 3043 911 3100 Domini
921 3041 1020 3111 lcicc
1030 3058 1088 3113 qua
1101 3041 1247 3116 praecptis
1257 3042 1370 3115 quidem
1378 3043 1439 3113 ejus
1448 3042 1479 3098 in
1492 3041 1698 3116 omnibusque
1705 3047 1740 3102 ad
1747 3048 1831 3104 chri·

185 3132 462 3207 intraritAnglicam
475 3137 582 3190 terram
608 3134 783 3192 Lanfrancus
806 3132 989 3190 cadomensis
1030 3132 1128 3188 stione
1137 3132 1281 3204 religionis
1294 3132 1401 3188 cultum
1415 3133 1833 3209 pertinentseobtemperatu·

185 3223 304 3280 ooenohii
331 3222 429 3294 abbas,
451 3221 629 3281 moventibus
656 3227 742 3294 atque
763 3219 990 3294 precipientibus
1030 3237 1093 3276 rum
1109 3221 1697 3294 00001010,οὼ1000000010ωοὥο000,
1712 3227 1831 3298 promit·

184 3312 328 3370 Willelmo
339 3312 462 3385 glorioso
475 3312 633 3385 anglorum
644 3328 722 3384 rege,
738 3309 864 3368 attalicis
880 3327 989 3367 memo·
1030 3315 1111 3378 teret,
1128 3310 1335 3368 successoribus
1344 3327 1409 3368 vero
1422 3313 1484 3383 ejus
1493 3329 1551 3370 000
1564 3314 1614 3380 ita,
1629 3315 1686 3372 nisi
1698 3316 1832 3388 priusrel

183 3401 233 3458 riae
243 3401 402 3458 Mmandm
414 3400 502 3458 totius
517 3405 620 3458 sancta
631 3399 760 3458 Ecclesia
771 3416 883 3456 summo
898 3400 989 3471 ponti·
1029 3416 1123 3456 coram
1138 3399 1181 3454 val
1199 3398 1227 3454 in
1240 3399 1393 3471 episcopali
1406 3400 1525 3456 concilio
1538 3407 1701 3474 competens
1716 3403 1830 3462 cirelio

183 3490 244 3548 fica.
261 3490 290 3548 ls
302 3494 369 3563 post
380 3504 485 3562 paucos
498 3489 544 3546 sui
556 3489 689 3546 introibis
704 3488 764 3546 dies
792 3488 988 3545 0000000000-
1029 3491 1206 3558 redderetur,
1221 3505 1278 3562 qua
1300 3495 1491 3546 auteoesmres
1516 3507 1582 3549 snos
1606 3492 1829 3552 Doroberneusis

183 3595 244 3644 sem
258 3579 411 3636 Ecclesiam
424 3577 577 3652 regendam
592 3577 732 3651 suscepit;
753 3584 931 3635 consecratus
946 3584 989 3634 est
1011 3591 1013 3596 ·
1029 3579 1158 3635 Ecclesiae
1180 3577 1348 3651 primatibus
1374 3578 1403 3633 id
1424 3579 1523 3635 fecisse
1540 3585 1570 3636 et
1594 3581 1686 3638 facere
1697 3583 1833 3642 debuisse

184 3673 281 3726 autem
291 3686 318 3726 rv
331 3668 473 3725 Kalendas
495 3666 678 3740 Septembris,
696 3667 727 3723 in
741 3667 807 3723 sede
821 3667 989 3740 metropolin
1029 3668 1238 3726 evidentissime
1247 3668 1547 3740 ostendereturlgitur
1559 3669 1656 3738 rediit,
1668 3688 1732 3743 que
1745 3674 1829 3745 jussa

180 3757 471 3832 suffragancisipsius
481 3756 720 3825 sedis,Willelmo
733 3755 988 3830 Londonieusiepi-
1028 3763 1095 3814 sunt
1108 3756 1245 3829 implevit,
1264 3762 1391 3813 sacratus
1413 3757 1557 3816 abscessit.
1586 3759 1650 3818 Nou
1663 3767 1728 3834 post
1752 3764 1827 3820 mul·

183 3864 278 3924 scopo,
291 3847 468 3904 Walcheliuc
482 3847 634 3915 Wentano,
647 3834 985 3918 RemigioDorcensisire
1025 3852 1069 3903 tos
1091 3845 1151 3902 dies
1176 3845 1350 3902 Laufraucus
1376 3845 1412 3900 ab
1439 3847 1578 3906 universis
1604 3849 1686 3921 regni
1715 3849 1828 3922 anguet

182 3937 361 4008 Lincoliensi,
382 3937 507 3994 siwardo
535 3935 669 4004 nenena,
696 3935 827 3992 llerfasto
851 3935 984 3992 1101000-
1024 3933 1171 4008 episcopis,
1205 3935 1253 4006 qui
1285 3934 1401 3992 diversis
1428 3937 1612 4008 temporibus,
1644 3937 1760 3996 01000010
1796 3941 1827 3998 10

182 4027 263 4084 amsi
278 4028 336 4084 sive
349 4026 558 4096 Thestordensi,
575 4024 711 4097 Stigando
728 4024 891 4096 selengensi
915 4025 982 4096 [el.,
1024 4025 1102 4092 locis,
1120 4023 1156 4079 ab
1176 4023 1240 4080 aliis
1266 4024 1493 4097 archiepiscopis,
1508 4025 1551 4082 val
1567 4043 1586 4082 a
1598 4043 1682 4100 papa,
1696 4033 1826 4102 tempore

182 4116 354 4190 Selssiensi],
370 4118 533 4176 llermauno
556 4113 755 4172 Sirabumensi
782 4111 842 4187 lot,
873 4114 984 4170 schire-
1026 4113 1165 4187 Stigandi,
1179 4113 1281 4174 sacrati
1294 4120 1369 4182 sunt,
1382 4114 1586 4186 professionem
1608 4117 1733 4190 petiitet
1748 4135 1825 4178 acco-

180 4189 449 4280 bumensi],cisone
463 4204 597 4260 vellensi.
610 4201 711 4259 couri
724 4201 773 4274 qui
787 4199 917 4258 absentes
927 4202 986 4260 fua·
1024 4204 1076 4276 pit.

182 4277 252 4352 runt
264 4311 365 4352 causas
379 4311 437 4352 sum
451 4290 981 4364 absentiatamlegatisquamlitteris,
1325 4273 1443 4334 CAPUT
1462 4275 1511 4334 Ἠ·

181 4383 376 4442 ostenderunt.
773 4439 776 4444 ,
991 4407 1017 4470 D
1059 4379 1105 4440 at.
1120 4379 1342 4454 sequentianno
1357 4382 1824 4461 campraefaloerclriepimcpolio-

213 4471 259 4530 23.
274 4473 339 4545 Ipso
348 4487 423 4528 auno
437 4471 561 4528 Thomas
575 4469 761 4529 Eboracensis
781 4469 910 4528 Ecclesia
924 4471 984 4528 ele·
1024 4470 1172 4540 meminit,
1184 4474 1214 4528 et
1227 4470 1406 4528 honorifices
1424 4472 1492 4532 sede
1505 4473 1658 4545 apostolica
1676 4484 1824 4551 susceptus

178 4560 368 4620 ctusantistes
379 4558 613 4618 cantuarberiam
630 4559 767 4631 exprisca
781 4561 983 4618 cousuetudine
1023 4565 1076 4629 est,
1091 4559 1230 4633 siquidem
1255 4559 1380 4618 venienti
1397 4576 1472 4634 papa
1498 4563 1685 4621 assurrexisse
1708 4565 1822 4638 0101100,

179 4650 215 4706 ab
237 4666 271 4706 eo
291 4650 445 4706 sacrandus
464 4647 595 4717 advenit3
615 4665 633 4703 a
651 4663 785 4720 quocum
807 4647 982 4708 Lonfrancus
1023 4655 1146 4722 tumpro
1160 4664 1327 4722 suamagua
1338 4648 1474 4722 religione
1497 4654 1527 4707 et
1545 4650 1681 4710 eminenti
1692 4655 1821 4728 00100110,

180 4740 315 4813 scriptam
334 4740 370 4796 de
389 4737 550 4796 obedientia
571 4754 623 4795 sua
644 4753 710 4794 cum
727 4735 885 4809 adjectione
896 4739 981 4810 imis·
1021 4743 1082 4796 tum
1098 4739 1175 4810 quia,
1197 4738 1266 4796 dum
1281 4744 1356 4796 meat
1368 4739 1399 4796 iu
1411 4739 1594 4812 Normannia,
1609 4743 1821 4803 venientasllo·

175 4829 292 4901 iurandi
303 4827 508 4903 professionem
522 4827 663 4884 cusmdito
677 4831 885 4885 antecessorum
901 4845 980 4887 more
1021 4844 1112 4886 manas
1126 4828 1256 4886 Ecclesia
1268 4827 1415 4886 ministros
1428 4829 1581 4889 honorifica
1593 4831 1773 4908 suscipiebat,
1790 4841 1821 4894 et

214 4970 269 5044 (30)
284 4971 332 5028 Bis
345 4987 379 5028 ea
400 4973 436 5029 de
467 4987 499 5027 re
519 4971 706 5044 disceptatum
728 4969 814 5027 fuisse
831 4972 913 5027 testie
936 4978 980 5030 est
1018 4976 1098 5030 rtret.

174 5043 251 5100 idem
266 5044 441 5100 Esdmerus:
458 5043 550 5116 primo
573 5045 741 5110 Pinnidone,
759 5042 808 5098 ubi
835 5043 977 5102 Goffridus
1055 5043 1167 5182 (31))11.
1183 5044 1265 5118 epist
1281 5042 1487 5104 tuumnsnci.

174 5115 399 5173 Constantiensis
412 5115 635 5188 episcopus,cice
649 5115 977 5186 reqisionsranccjesti-
1054 5113 1100 5184 (32
1128 5117 1250 5174 Thomas
1274 5116 1437 5174 acanonico
1462 5120 1484 5174 B
1504 5119 1607 5178 ‘coensi
1630 5120 1661 5180 iu
1680 5121 1818 5198 archiepi-

174 5190 353 5245 tiomdecuis
361 5191 477 5258 querelis
488 5189 679 5242 strenuissime
687 5188 778 5255 [acere
785 5189 888 5257 jussus,
899 5190 973 5256 fecit.
1016 5193 1161 5261 scopatum
1176 5187 1381 5244 Eboracenscm
1408 5136 1591 5250 confflemo
1615 5209 1683 5267 rege
1705 5212 1817 5270 promo-

172 5259 271 5317 Altera
284 5265 380 5315 autem
394 5258 452 5314 vice
467 5257 517 5331 qui
528 5257 729 5329 Ecclesiaejura
742 5257 896 5314 tuebantur
908 5257 973 5316 victi
1014 5264 1069 5315 tus.

173 5333 295 5401 fuerant,
322 5330 372 5387 sed
398 5330 515 5386 absente
547 5329 704 5385 Lanfranco
721 5347 727 5382 :
744 5329 820 5385 unde
843 5329 972 5402 sequenti
1049 5329 1103 5400 (33)
1117 5331 1183 5387 Hac
1197 5330 1324 5403 ipsismet
1337 5331 1429 5389 verbis
1443 5332 1529 5390 habes
1541 5334 1616 5407 apud
1640 5336 1815 5396 Willelmum

172 5402 228 5470 die,
240 5403 301 5474 ipse
314 5401 390 5459 beati
401 5399 542 5460 Dunstaui
555 5401 664 5455 monitu
678 5401 714 5456 ad
729 5401 864 5472 placitum
884 5402 969 5471 venit,
1012 5400 1290 5459 Malmesburiensem
1301 5401 1349 5459 lib.
1360 5417 1370 5458 1
1387 5403 1427 5460 De
1436 5405 1523 5475 gestis
1535 5407 1699 5478 pontificum
1711 5410 1816 5482 Angla·

172 5479 202 5528 et
214 5489 329 5530 causam
339 5479 480 5548 repetens,
489 5488 549 5543 que
561 5474 652 5542 pridie
660 5473 734 5527 dicto
741 5473 856 5540 [serent
870 5475 971 5529 inania
1012 5490 1085 5530 rum.
1097 5475 1245 5530 Tractatus
1264 5473 1431 5547 prolixusde
1440 5478 1631 5534 controversia
1643 5478 1719 5538 inter
1733 5481 1814 5540 sedas

170 5547 272 5600 asserio
286 5547 462 5613 incarnavit,
492 5549 523 5599 ut
551 5545 636 5599 donec
656 5545 721 5602 otte
731 5545 860 5614 prcrcmi
872 5560 970 5616 rapar—
1011 5545 1539 5604 CautueriensemetEboraceusemde
1552 5549 1677 5622 primatu
1691 5552 1814 5614 habetem

167 5617 236 5688 soit,
249 5616 348 5674 nullus
362 5619 519 5686 cosorqerct
531 5616 582 5688 qui
595 5615 660 5674 inde
674 5619 771 5672 contro
786 5630 850 5672 euni
862 5631 890 5672 os
905 5632 969 5688 opo-
1008 5621 1087 5674 tomo
1101 5617 1230 5690 rnngliae
1242 5633 1338 5687 sacrae,
1355 5633 1420 5690 pag.
1437 5616 1500 5684 653.
