3900 6168
110 287 165 347 113
877 297 972 356 vira.
1213 283 1215 287 ’
1702 293 1757 356 tlt

110 415 237 473 fratrum
251 425 390 478 conventu
400 423 559 494 psalmoset
569 421 777 479 benedictiones
791 421 1147 495 recitavitAprasentavit,
1164 425 1193 477 et
1205 436 1292 478 unum
1310 417 1464 492 quemlibet
1476 433 1510 475 ex
1522 415 1634 476 duobus
1646 417 1757 494 episco-

110 522 200 576 super
210 507 285 575 illos,
299 516 349 566 aut
363 528 426 566 eum
443 512 610 583 quibusdam
632 511 850 584 fratribusque
867 511 929 570 tali¹
959 528 1025 584 pum
1037 511 1091 566 sibi
1099 510 1223 566 ordinari
1229 509 1377 582 petiitsed
1386 525 1460 582 papa
1469 523 1558 564 unum
1569 525 1602 564 ex
1611 509 1655 566 his
1664 509 1756 568 sciens

111 596 231 664 negotio
245 597 438 668 congruebant
451 601 587 672 explevit:
605 605 643 666 et,
656 600 848 656 misericordia
861 601 918 656 Do·
959 599 1135 658 essebonum
1151 600 1304 663 doctorem,
1323 614 1375 654 nec
1387 605 1484 653 minen
1496 598 1670 669 religiosum,
1687 599 1757 655 alte·

112 682 184 736 mini
200 684 393 757 subsequente
418 704 482 743 cum
498 688 618 744 sanitate
632 689 735 745 mentis
752 695 781 744 et
795 689 919 760 corporis
958 706 1022 746 rum
1037 707 1052 744 e
1066 687 1208 744 contrario
1221 687 1396 759 religiosum,
1409 703 1461 742 nee
1471 693 1566 742 tamen
1591 686 1756 744 necessarie

111 770 169 825 laeti
183 773 223 827 ad
237 776 517 846 propriaredierunt.
959 777 1126 834 eruditionis
1141 777 1272 848 peritum.
1290 792 1375 849 quem
1389 792 1423 831 ex
1448 774 1557 832 duobus
1571 775 1755 847 praeligaret,

146 859 194 919 11.
210 862 323 935 Religio
337 882 450 938 quoque
464 867 629 932 monastica,
646 883 707 939 qum
730 883 803 939 pene
816 867 845 921 in
855 883 919 938 pro-
960 864 1233 937 dubitavit,atqueid
1243 865 1377 920 divinitus
1397 863 1449 920 sibi
1464 863 1642 922 manifestari
1654 865 1757 920 oratio-

111 950 214 1006 vinciis
230 954 391 1010 Teutonicis
405 955 552 1013 refrixerat
564 957 595 1012 in
609 956 649 1011 eis
664 956 917 1027 quihahitumreli·
957 955 1195 1026 nibuseujusdsm
1203 955 1276 1010 servi
1284 955 1343 1010 Deo
1351 954 1405 1008 hoc
1415 953 1755 1026 modoimpetravit.Nam

112 1039 206 1110 genis
218 1043 529 1116 praetendebanthujus
540 1044 615 1100 beati
630 1045 724 1100 Patris
736 1044 918 1116 studiocoepit
960 1045 1034 1100 idem
1044 1045 1087 1099 vir
1099 1043 1255 1117 spiritualis
1269 1060 1332 1098 curn
1345 1043 1398 1098 hoc
1412 1043 1465 1098 sibi
1479 1059 1496 1098 a
1510 1059 1585 1115 papa
1597 1042 1756 1114 injunctum

113 1130 290 1187 recalescere
305 1138 334 1188 81
347 1135 517 1205 recuperari.
533 1135 596 1190 Non
608 1135 803 1190 solumautem
818 1139 917 1189 mona·
959 1135 1109 1206 vigilanter
1131 1134 1190 1189 Deo
1213 1132 1434 1203 commendaret,
1446 1139 1476 1189 at
1489 1148 1539 1205 per
1565 1131 1757 1191 interventum

115 1218 183 1273 stica
194 1218 341 1276 institutio
349 1223 595 1292 ejusaeinulatione
609 1223 735 1295 profecit,
753 1225 802 1278 sed
817 1229 846 1278 et
859 1223 918 1278 sin·
959 1229 1062 1279 sancte
1076 1222 1127 1277 Dei
1142 1221 1293 1278 Genitrieis
1316 1220 1422 1290 Marisa,
1439 1220 1493 1276 sibi
1517 1221 1689 1277 voluntatem
1704 1221 1756 1278 Dei

114 1309 173 1378 guli
185 1311 298 1380 gradus
313 1313 494 1369 ecclesiastici
505 1314 618 1370 Ordinis
626 1314 700 1370 illius
707 1313 840 1386 exemplis
852 1331 918 1369 eru-
958 1313 1078 1368 revelari
1094 1312 1201 1368 intente
1211 1311 1391 1383 supplicaret,
1400 1327 1450 1382 per
1464 1310 1555 1366 vuum
1566 1309 1592 1366 ei
1606 1309 1690 1366 beata
1697 1309 1757 1364 Ma·

114 1397 279 1456 diebantur.
293 1401 443 1456 Monachos
457 1418 579 1473 namque
593 1403 761 1470 humilitate,
770 1402 917 1471 charitate,
959 1401 1003 1458 ria
1017 1402 1096 1473 virgo
1109 1399 1250 1474 appamit,
1266 1399 1393 1471 duosque
1406 1399 1537 1464 annulos,
1548 1415 1667 1471 quorum
1681 1415 1757 1454 unus

115 1484 236 1554 fervore,
253 1493 283 1542 et
294 1489 429 1559 religione
444 1491 603 1546 instruebat
614 1509 621 1558 ;
633 1492 788 1564 episcopua,
802 1491 919 1564 presby·
959 1507 1062 1564 purum
1077 1507 1188 1556 aurum,
1204 1491 1277 1546 alter
1289 1490 1434 1562 perlucida
1446 1505 1630 1561 gemmaesse
1642 1487 1756 1544 videba-

115 1579 198 1640 teros,
216 1593 268 1630 seu
281 1579 422 1649 quoslibet
435 1581 550 1636 elericos
564 1581 691 1636 doctrina
709 1586 738 1636 et
750 1581 918 1637 auctoritate
958 1586 1015 1646 tur,
1027 1581 1168 1648 ostendit3
1185 1580 1267 1652 eique
1291 1579 1487 1651 interroganti,
1503 1596 1585 1651 quem
1599 1595 1632 1634 ex
1647 1576 1757 1634 duobus

116 1664 322 1733 promovebat;
344 1667 430 1722 laicos
445 1669 624 1724 conversione
644 1674 673 1724 et
684 1669 856 1740 subjectione
866 1669 917 1723 do·
959 1670 1085 1741 eligeret,
1111 1670 1269 1736 Gemmem,
1293 1668 1395 1740 inquit.
1420 1668 1475 1734 Qui
1502 1668 1649 1740 evigilans,
1677 1685 1757 1740 pape

116 1749 213 1818 cebot3
231 1753 364 1824 virgines,
381 1757 477 1812 viduas
489 1775 521 1812 ae
536 1757 668 1812 mulieres
679 1739 950 1813 manuteneres-B
961 1759 1050 1813 visum
1066 1774 1148 1816 suum
1159 1758 1293 1824 narravit,
1310 1758 1434 1813 incertus
1449 1763 1546 1813 tamen
1559 1756 1626 1828 quid
1642 1755 1756 1812 adcau-

117 1838 196 1894 titate
212 1841 400 1913 informabat;
417 1863 555 1918 pauperes
570 1847 676 1902 Christi
700 1852 728 1902 et
755 1848 919 1920 peregrines
961 1864 1022 1903 sam
1037 1853 1218 1919 pretaxatam
1233 1847 1277 1902 vel
1291 1863 1393 1902 summ
1416 1845 1459 1902 vel
1477 1862 1592 1917 gemma
1613 1845 1756 1902 innueret.

57 1941 64 1953 ·
118 1945 201 1998 parvo
213 1937 362 1988 contentos
377 1951 450 1998 esse,
462 1951 495 1989 ac
509 1937 646 1992 mundum
661 1935 713 1991 sub
736 1935 854 2009 pedibus
868 1937 919 1990 ha·
960 1935 1112 1992 Confestim
1120 1953 1202 2009 papa,
1212 1937 1328 2008 quierat
1340 1934 1507 2008 perspicacis
1524 1933 1646 2005 ingenii:
1666 1954 1677 1987 ι
1693 1935 1758 1992 Non

29 2089 33 2095 Ι
118 2019 189 2085 bere,
207 2029 238 2076 et
253 2039 367 2078 omnem
394 2026 455 2095 ejus
480 2025 609 2096 gloriam.
626 2025 717 2080 verbis
740 2033 769 2080 et
788 2027 919 2099 operibus
960 2025 1076 2082 dubium
1090 2030 1142 2090 est,
1158 2025 1259 2096 inquit,
1275 2025 1360 2097 quod,
1380 2029 1504 2080 testante
1530 2040 1608 2079 sacru
1634 2023 1759 2096 eloquio,

116 2109 310 2167 dissuadebat.
328 2113 436 2184 Singuli
452 2114 520 2168 tides
533 2115 636 2170 Christi
647 2116 682 2170 ad
693 2115 773 2170 illum
788 2118 867 2187 quasi
882 2117 918 2172 ad
959 2130 1010 2186 per
1023 2130 1126 2169 aurum
1139 2113 1287 2186 sapientia,
1302 2130 1353 2185 per
1363 2127 1505 2184 gemmam
1522 2129 1588 2168 vero
1599 2111 1716 2184 simplex
1730 2117 1760 2168 81

117 2199 207 2254 sinum
220 2202 324 2256 matris
338 2203 546 2274 confugiebant,
562 2204 739 2276 multumque
753 2222 803 2277 per
818 2207 918 2262 eumin
959 2219 1031 2276 pura
1043 2203 1099 2258 vita
1114 2203 1235 2259 hominis
1249 2203 1388 2274 signatur.
1405 2203 1537 2274 ideoque,
1559 2217 1592 2257 ex
1604 2201 1665 2274 ipso
1680 2201 1759 2272 judi-

117 2289 172 2343 1188
188 2290 386 2361 proficiebant.
959 2293 1001 2348 cio
1012 2292 1386 2348 castissimaelleiGenitriais
1395 2307 1563 2364 semperque
1571 2291 1689 2362 virginis
1697 2291 1761 2346 Ma·

149 2377 194 2434 2⁵2.
210 2380 296 2435 Nunc
307 2381 421 2437 tandem
434 2383 546 2437 veniam
556 2384 592 2438 ad
606 2384 794 2440 enarrandum
807 2386 835 2440 id
844 2387 918 2458 quod
959 2382 1018 2446 riae,
1030 2381 1077 2437 ille
1092 2382 1140 2454 qui
1154 2386 1240 2447 caste,
1252 2383 1340 2453 juste,
1347 2381 1392 2454 pie
1404 2381 1479 2445 vivit,
1491 2380 1602 2436 etiamsi
1617 2379 1643 2436 ei
1657 2395 1760 2438 aurum

117 2474 176 2521 erat
189 2468 269 2523 inter
282 2471 377 2525 emnia
391 2488 477 2543 opera
491 2488 543 2527 sua
557 2473 869 2546 praecipuumetusque
882 2475 918 2530 ad
959 2471 1103 2542 sapientie
1117 2471 1160 2526 vel
1175 2470 1342 2544 eloquentiae
1356 2469 1437 2538 desit,
1457 2469 1493 2526 ad
1511 2470 1671 2542 exemplum
1688 2469 1760 2526 bane

117 2557 201 2610 tinem
218 2559 316 2612 saeculi
330 2560 484 2615 multorum
503 2561 651 2616 animabus
669 2578 721 2632 per
734 2562 917 2619 coenobialem
959 2560 1068 2614 vivendi
1089 2560 1200 2632 populis
1226 2576 1345 2632 praesse
1359 2565 1502 2628 meretur;
1518 2560 1603 2630 hujus
1615 2559 1691 2615 enim
1705 2557 1759 2616 etsi

116 2646 202 2700 vitam
218 2647 362 2703 salvandis
376 2649 565 2721 profuturum.
577 2649 648 2705 Erat
661 2651 737 2705 enim
753 2650 922 2707 studiosissi-
960 2649 1057 2720 lingua
1084 2655 1169 2714 tacet,
1195 2649 1251 2704 vita
1277 2650 1367 2704 docet.
1398 2649 1517 2720 Oportet
1539 2649 1569 2704 in
1596 2647 1760 2720 hujusmodi

117 2751 179 2790 mus
194 2736 391 2792 coenobiorum
415 2755 551 2794 novorum
579 2739 721 2803 fundator,
735 2757 767 2795 ac
795 2745 920 2796 veterum
960 2737 1097 2794 electione
1108 2754 1287 2810 summopere
1298 2753 1438 2794 canonum
1456 2737 1616 2794 sanctiones
1626 2735 1759 2792 observa·

117 2825 304 2881 instaurator.
332 2827 458 2900 Denique
473 2835 580 2900 septem
599 2829 725 2884 cenobia
749 2835 807 2884 tam
822 2847 873 2902 per
889 2847 920 2886 se
960 2828 995 2895 ri,
1010 2843 1177 2899 semperque
1188 2827 1224 2882 ad
1238 2827 1364 2898 regimen
1377 2825 1546 2888 animarum.
1558 2823 1761 2898 unaquaelibet

118 2931 201 2986 quam
219 2932 274 2986 per
288 2931 353 2970 suos
366 2916 519 2989 discipulos
530 2917 614 2972 variis
635 2917 663 2972 in
685 2918 753 2973 loeis
772 2935 790 2973 a
815 2919 918 2974 lunda·
960 2917 1118 2988 populares,
1135 2915 1335 2988 sedregulares
1348 2916 1486 2972 duntaxat
1500 2930 1760 2989 personaspremo·

118 3004 220 3058 mentis
232 3005 400 3060 construxit.
408 3008 533 3071 Quomrn
544 3006 726 3079 primumluit
740 3009 810 3063 cella
822 3009 918 3064 Sancti
959 3004 1027 3060 veri.
1043 3023 1057 3059 t

118 3094 261 3164 Gregorii,
277 3111 338 3164 que
353 3095 466 3167 proprie
481 3097 516 3152 ad
532 3097 710 3168 llirsaugiam
725 3097 857 3169 pertinet.
872 3100 920 3154 Se·
994 3093 1040 3152 23.
1056 3095 1116 3150 Hoc
1131 3111 1198 3166 ergo
1212 3093 1379 3151 informatus
1389 3095 1531 3168 {exemplo
1545 3095 1637 3151 fidelis
1660 3111 1759 3154 servus

117 3183 241 3238 cundum
257 3183 348 3238 sancti
367 3183 481 3256 Georgii
495 3187 645 3256 martyris3
661 3194 814 3258 utmmque
830 3187 859 3243 in
871 3188 919 3243 Ni·
959 3185 1072 3240 Domini
1086 3191 1115 3240 et
1126 3185 1260 3256 prudens.
1276 3185 1306 3240 iu
1321 3183 1489 3256 quibusdam
1497 3201 1530 3240 ex
1551 3183 1758 3256 pmdictiscoe·

115 3273 270 3344 gra-Silva.
296 3273 422 3330 Tertium
446 3275 475 3328 in
504 3275 622 3330 Bavaria
646 3274 675 3328 in
694 3274 801 3330 honore
828 3275 918 3331 sancti
958 3273 1050 3328 nobiis
1064 3274 1178 3329 statutis
1192 3272 1350 3340 abbatibus,
1365 3274 1395 3328 in
1409 3273 1577 3345 quibusdam
1600 3272 1757 3346 prioribus;

117 3359 234 3417 Martini
257 3363 395 3426 Quartum
406 3363 437 3418 in
446 3363 610 3434 ‘thuringia
622 3364 698 3434 quod
708 3363 919 3434 diciturllrpbc·
958 3362 1105 3434 religiosos
1118 3362 1270 3418 monachos
1279 3363 1365 3418 simul
1382 3379 1446 3418 curn
1461 3362 1602 3419 conversis
1615 3361 1695 3420 laicis
1705 3362 1757 3420 de·

116 3451 198 3516 [arch
214 3451 379 3523 [Erpltordl
396 3452 532 3516 Quintum
547 3453 583 3508 ad
606 3453 752 3524 Duplicem
763 3455 873 3524 Aquam
887 3453 917 3510 in
958 3451 1076 3523 putavit.
1093 3452 1240 3508 Enimvero
1255 3451 1385 3508 amabilis
1408 3458 1499 3524 pater,
1512 3451 1571 3509 zelo
1582 3452 1758 3524 {mimarum

117 3539 223 3596 bonore
239 3546 345 3596 sanctae
360 3541 464 3597 blariae.
490 3542 607 3597 Sextum
635 3542 664 3597 in
690 3543 755 3597 villa
779 3543 914 3610 thbeim,
957 3541 1078 3606 fervens,
1094 3540 1201 3613 primus
1212 3541 1346 3606 instituit,
1361 3548 1394 3598 ut
1405 3542 1536 3598 monachi
1556 3541 1713 3599 ministerio
1726 3543 1758 3598 li·

116 3629 189 3700 quod
203 3635 307 3702 postea
322 3637 464 3686 mutatum
479 3631 562 3686 estin
576 3637 701 3686 montem
718 3631 813 3686 Sancti
827 3631 915 3688 Petri.
957 3627 1012 3682 deli
1027 3628 1163 3686 laicorum
1173 3645 1371 3686 conversorum
1385 3630 1415 3686 in
1430 3629 1616 3687 exterioribus
1638 3629 1758 3688 semim

116 3717 278 3789 Septimum
292 3719 323 3773 in
349 3720 493 3791 provincia
511 3721 759 3776 charentinomm.
774 3719 838 3776 Alia
853 3737 917 3776 vero
957 3718 1081 3773 strandis
1099 3723 1257 3788 uterentur,
1268 3725 1297 3775 et
1310 3735 1392 3775 versa
1404 3719 1464 3776 vice
1486 3719 1574 3776 iidem
1587 3720 1652 3776 laici
1665 3737 1684 3776 a
1698 3736 1758 3778 mo·

115 3807 176 3870 tria,
193 3807 222 3862 id
235 3809 486 3878 estScbaaliusem,
503 3812 686 3877 petrishusen,
709 3811 914 3880 Gamperpcnse,
957 3807 1136 3880 nachisquod
1147 3808 1183 3864 ad
1193 3825 1288 3864 curam
1303 3809 1461 3865 animarum
1468 3809 1757 3884 pertinetceuseque·

113 3912 183 3966 peue
190 3899 254 3968 iam
267 3897 628 3953 destmctarestauravitln
644 3915 763 3969 quorum
773 3897 915 3970 guberna·
955 3901 1064 3962 rentur,
1077 3913 1231 3968 eorumque
1240 3897 1419 3953 claustralem
1427 3897 1603 3970 disciplinam
1613 3916 1756 3974 proposse

113 3985 262 4041 tionehaec
272 3987 375 4054 eratei,
392 4003 454 4041 cum
471 3986 658 4042 sollicitudine
671 3987 843 4058 quotidiana,
859 4004 915 4044 non
957 3999 1020 4042 suo.
1035 3990 1115 4040 extra
1126 3986 1293 4054 claustrum,
1308 3985 1338 4042 in
1357 3987 1532 4059 corrigendis
1555 3987 1681 4046 moribus
1693 3989 1757 4046 imi·

113 4091 198 4144 parva
226 4075 389 4142 difficultas,
414 4076 486 4130 tales
501 4075 630 4131 videlicet
643 4076 672 4131 in
698 4077 915 4148 congegatione
955 4076 1106 4127 terantur:
1131 4072 1167 4128 de
1199 4089 1318 4144 quomm
1348 4074 1571 4144 conversatione,
1599 4075 1755 4132 secundam

113 4163 233 4218 lratmm
244 4164 371 4219 invenire
390 4181 535 4236 personas,
547 4181 609 4236 quae
616 4166 802 4220 essentutiles
816 4171 846 4220 81
857 4165 916 4221 ido·
957 4161 1031 4232 quod
1047 4177 1121 4233 saepe
1133 4163 1224 4218 dictus
1243 4164 1327 4218 Pater
1344 4164 1402 4220 Deo
1421 4163 1578 4235 inspirante
1603 4163 1753 4234 ordinavit,

113 4271 171 4308 nee
186 4255 222 4308 ad
236 4254 386 4309 lucrandas
398 4255 518 4310 animas.
533 4255 606 4310 Nam
619 4256 773 4311 secundum
789 4255 915 4311 Domini·
956 4251 1179 4322 operaepretium
1194 4253 1342 4325 estaliqua
1356 4269 1586 4320 commemorare.
1597 4252 1633 4310 de
1650 4255 1753 4327 quibus

112 4359 174 4397 curn
183 4347 455 4410 sermonem,llcrris
461 4347 571 4414 puidam
577 4349 679 4413 multa,
687 4348 812 4414 operarii
820 4350 914 4400 actem
956 4341 1026 4395 certi
1038 4357 1136 4396 sumus
1151 4340 1223 4396 sicut
1236 4341 1266 4396 iu
1281 4341 1411 4413 presenti
1425 4347 1564 4414 tempore,
1581 4343 1622 4398 ita
1630 4349 1660 4399 81
1667 4343 1697 4400 in
1711 4346 1754 4404 iu·

109 4436 204 4500 pauci,
217 4432 287 4488 dum
297 4449 345 4487 eos
358 4433 406 4503 qui
421 4433 483 4488 aliis
492 4433 733 4504 debentpraeesse,
749 4439 870 4504 etopere
885 4428 945 4490 etD
955 4436 1020 4486 turo
1034 4429 1138 4487 multos
1152 4448 1232 4503 posse
1251 4431 1395 4504 proficere.
1410 4431 1454 4486 nd
1477 4437 1629 4488 nocturnas
1642 4432 1753 4505 vigilias

111 4527 361 4592 sermoueoportet
370 4538 431 4577 esse
445 4521 587 4594 probatos,
606 4537 639 4578 ae
653 4539 709 4578 non
723 4523 817 4578 minus
828 4539 915 4579 sacru·
954 4521 1237 4576 omnesinecelesiam
1248 4521 1427 4587 conveniunt,
1449 4520 1656 4594 quibustamen
1671 4539 1754 4596 prop·

111 4609 162 4664 lari
178 4610 300 4666 sciemm
315 4627 399 4682 quam
414 4611 554 4683 spirituali
566 4611 757 4667 eruditosSed
770 4613 914 4684 quinpau-
954 4615 999 4664 ter
1025 4611 1158 4666 diurnum
1179 4610 1337 4681 injunctum
1364 4609 1457 4682 operis
1484 4609 1611 4668 laborem
1631 4611 1754 4670 breviter

109 4698 218 4753 tissimi
243 4699 427 4754 inveniuntur
454 4699 502 4770 qui
527 4706 648 4771 utroque
663 4700 798 4772 polleant.
818 4702 913 4773 plures
955 4699 1086 4754 Matutini
1102 4699 1296 4756 decantantur.
1313 4699 1416 4754 Postea
1431 4700 1479 4771 qui
1497 4699 1595 4757 volunt
1615 4701 1651 4756 ad
1665 4701 1753 4760 lectos

110 4793 208 4843 tamen
218 4793 288 4842 sunt
299 4787 348 4859 qui
363 4804 450 4843 unum
468 4787 529 4843 sine
544 4789 633 4845 altero
648 4790 819 4861 possideant,
828 4790 856 4845 id
871 4796 915 4846 est
954 4794 1142 4856 revertuntur,
1175 4788 1224 4844 alii
1254 4788 1283 4844 in
1309 4788 1426 4844 ecclesia
1452 4801 1641 4861 perseverant,
1664 4791 1754 4850 donee

109 4883 160 4930 aut
170 4877 260 4931 vitam
276 4876 377 4932 bonam
387 4875 571 4932 sinescientia
581 4879 623 4932 vel
634 4879 795 4950 eloquentia
813 4880 914 4935 doctri·
954 4877 1531 4936 nocturniamonachisliniantur.Summo
1541 4896 1625 4936 mane
1635 4881 1753 4938 missam

107 4981 163 5026 nee.
179 4971 232 5020 aut
240 4964 357 5020 verbum
367 4967 500 5022 doctnnae
510 4967 571 5022 sine
583 4967 713 5038 religiose
724 4969 913 5024 conversatio·
954 4968 1087 5035 audiunt;
1103 4967 1204 5022 deinde
1218 4966 1254 5022 ad
1268 4967 1422 5038 capitulum
1445 4969 1624 5038 conveniunt,
1646 4970 1686 5027 ibi
1701 4987 1753 5044 pro

108 5071 155 5109 ne.
170 5055 227 5110 Eos
241 5054 290 5110 ille
304 5055 415 5126 sapiens
438 5055 607 5111 architectus
630 5057 739 5112 studuit
752 5057 833 5129 quasi
846 5074 914 5130 qua·
954 5055 1070 5112 diversis
1084 5055 1242 5111 excessibus
1253 5055 1364 5112 veniam
1388 5063 1498 5130 petunt,
1513 5064 1543 5114 et
1564 5075 1718 5130 congruam
1734 5076 1753 5116 a

7 5159 8 5216 ξ
108 5145 209 5198 diates
224 5143 344 5215 lapides,
362 5143 409 5199 ubi
434 5150 612 5216 apparerent,
639 5147 668 5201 in
695 5146 812 5201 aedilicio
827 5147 913 5218 spiri·
953 5145 1088 5218 Magistro
1116 5145 1292 5219 disciplinam
1313 5146 1461 5218 accipiunt.
1491 5147 1553 5212 Quo
1579 5153 1703 5220 peracto,
1723 5153 1753 5204 81

7 5229 8 5234 ’
107 5233 181 5287 tuali
197 5249 372 5304 promovere,
389 5249 458 5304 quos
471 5234 549 5288 novit
561 5235 689 5305 expolitis
710 5234 836 5290 moribus
851 5236 912 5290 lau·
953 5232 1630 5306 subsequente,quibusnecesseest,peccatorum
1646 5235 1752 5292 confes·

108 5321 246 5376 debiliter
257 5321 359 5387 vivere,
375 5322 485 5376 etiarnsi
508 5329 610 5378 eaetcra
637 5325 794 5378 necessaria
818 5324 911 5380 minus
953 5322 1241 5394 sioneunusquisque
1252 5323 1288 5378 ad
1307 5340 1377 5395 opus
1390 5324 1443 5379 sibi
1457 5325 1613 5394 injunctum
1628 5323 1751 5382 divertit.

108 5417 312 5482 suppeterent;
329 5409 357 5464 in
380 5411 433 5465 hoc
456 5427 577 5483 sequens
603 5413 784 5467 memorabile
806 5411 911 5468 lactum
952 5413 1024 5468 Nam
1040 5411 1426 5483 illisinjunctasuntsingula
1440 5427 1557 5484 quaeque
1572 5411 1663 5468 officia
1677 5414 1753 5470 intra

109 5499 244 5570 Gregorii
258 5515 338 5570 papae
349 5499 472 5570 septimi.
488 5498 560 5554 Huic
583 5501 658 5554 enim
671 5503 817 5573 cujusdam
828 5503 912 5556 ecele-
954 5500 996 5555 vel
1011 5507 1090 5556 extra
1099 5500 1198 5555 cellam
1212 5501 1415 5571 gerendaque
1422 5505 1480 5552 tam
1493 5498 1623 5569 tideliter,
1634 5501 1752 5558 honeste

109 5589 158 5644 sire
173 5589 268 5644 clerus
282 5594 312 5643 et
325 5589 444 5660 populus
468 5588 539 5644 duos
554 5588 656 5644 eleetos
671 5591 706 5646 ad
720 5591 912 5663 episcopatum
953 5608 986 5645 ac
998 5591 1150 5662 diligenter
1164 5595 1287 5656 tractant
1300 5596 1329 5646 et
1338 5588 1547 5664 administrent,
1567 5607 1602 5650 ac
1627 5591 1652 5650 ai
1663 5608 1681 5649 a
1693 5591 1753 5647 Deo
