3986 6184
155 405 291 487 ipuos'dam
314 402 394 487 p'a'pae
415 403 640 486 consanguineos
659 414 785 474 studiose
803 415 946 494 docuerat.
959 419 985 482 A
999 411 1077 469 aitis
1089 407 1266 485 cognitisque
1287 403 1455 476 rationibus,
1479 399 1637 464 absolutam
1655 402 1718 478 tibi,
1732 405 1805 466 Lan'·

153 499 257 560 Fertur
269 499 357 559 etiam
369 501 445 578 papa
454 501 728 577 dixisse:(3l)cNon
738 505 801 562 ideo
817 508 958 566 assurrexi
997 499 1103 571 cante,
1130 497 1350 557 Dorobemenssls
1370 493 1587 570 archiepiscope,
1608 495 1722 570 tuisque
1741 513 1803 556 suc·

155 589 258 665 eiqlfia
271 591 499 667 archiepiscopus
509 591 668 651 caumana
679 600 732 660 est,
744 597 792 651 sed
805 595 958 669 quiaBecci
998 589 1166 657 sessoribus,
1197 587 1232 646 de
1255 586 1390 644 canonica
1410 583 1571 643 obedientia
1595 585 1799 659 professionem

154 683 192 736 ad
204 681 330 737 anchin
349 681 412 756 eJus
423 681 476 750 lul,
492 687 521 738 et
534 683 568 738 ad
581 685 666 756 pedes
679 686 739 756 ejus
752 699 817 742 cum
829 685 892 743 aliis
906 703 958 744 gu.
999 679 1071 736 facio
1085 699 1092 749 ;
1113 684 1142 735 et
1157 677 1293 752 quidquid
1308 693 1326 732 a
1340 680 1369 732 te
1383 677 1427 732 rel
1442 675 1477 732 ab
1486 675 1527 732 eis
1537 675 1614 748 juste
1629 679 1658 732 et
1668 674 1801 734 canonici

156 759 235 828 ditor
253 771 505 845 consedi.rltaqne
519 772 575 829 duo
590 773 677 846 pallia
695 771 737 830 illi
754 773 853 832 dedit:
870 793 959 833 unum
999 769 1159 842 injunctum
1167 767 1236 823 mihi
1246 766 1341 834 suerii.
1360 769 1536 822 feminium
1548 782 1594 821 me
1608 782 1670 822 0⁸⁸⁹
1685 755 1802 840 Promit-

154 848 230 935 qued
253 859 290 917 dc
313 861 406 930 altari,
432 861 560 918 Romano
579 879 668 929 more,
691 865 817 938 accepit;
839 866 959 922 alterum
999 861 1039 915 to.
1055 859 1096 914 De
1109 859 1163 914 hae
1176 861 1272 912 autem
1283 861 1441 911 anteacum
1451 871 1468 910 a
1479 857 1508 910 te
1522 845 1696 912 ordinandus
1710 851 1801 914 essem

156 947 212 1022 135)
227 964 293 1006 lero
306 949 336 1006 in
351 949 488 1008 indicium
497 951 627 1009 videlicet
640 952 684 1009 sui
693 953 807 1024 amoris,
825 971 889 1012 cum
904 973 959 1029 quo
1000 947 1102 1004 dubius
1126 947 1190 1013 fuit,
1205 946 1325 1018 ideoque
1343 943 1395 1000 tibi
1418 943 1531 1016 quidem
1549 944 1610 1000 sine
1631 944 1799 1015 conditione,

155 1037 274 1096 missam
296 1037 438 1097 celebrare
458 1041 576 1111 solebat,
594 1035 754 1100 Alexander
770 1043 796 1100 ei
815 1061 889 1118 papa
907 1062 960 1101 sua
1000 1035 1206 1095 successoribus
1229 1051 1294 1091 vero
1311 1033 1369 1090 tuis
1383 1033 1610 1092 conditionaliter
1625 1033 1801 1110 obtempera·

157 1144 248 1212 manu
269 1130 466 1208 porrexitgin
488 1132 577 1208 cujus
593 1137 652 1199 η
670 1133 821 1204 prasentia
838 1134 959 1191 Thomas
999 1133 1168 1187 turumesse
1182 1124 1341 1200 promisi.»

157 1217 334 1274 talnmnltim
347 1219 478 1278 nontds
491 1219 617 1293 primatu
630 1220 853 1279 Dorobernensi‘s
866 1223 958 1280 Eccle-
1175 1215 1372 1273 DECREPUM
1381 1213 1542 1271 CONCILII
1554 1211 1620 1288 (37).

155 1307 214 1375 sia,
241 1313 272 1363 et
291 1309 327 1364 cle
355 1308 527 1381 subjectione
546 1311 634 1366 tn'um
660 1310 863 1384 episcoporum,
889 1314 958 1370 Dor-
1033 1303 1077 1364 26.
1097 1305 1207 1362 «Anno
1230 1303 1265 1361 ab
1288 1303 1482 1360 incarnatione
1504 1303 1619 1359 Domini
1633 1303 1800 1362 nostrilesu

154 1397 306 1454 maenas
323 1397 381 1454 sire
396 1398 603 1467 lincolniensis,
619 1399 825 1472 wigornensis,
845 1401 957 1458 Licifel·
999 1397 1102 1453 Christi
1123 1395 1199 1464 1072,
1216 1385 1395 1468 pontificatus
1410 1397 1506 1449 autem
1529 1391 1636 1448 domini
1649 1389 1801 1450 Alexandri

155 1487 258 1554 denas,
273 1499 335 1560 quse
347 1502 423 1544 nuuc
432 1492 477 1545 est
489 1487 656 1557 Castrensis,
665 1489 760 1546 diceus
774 1492 958 1548 cantuarien·
997 1503 1076 1560 papae
1091 1484 1239 1542 undecimo
1261 1484 1345 1556 regni
1366 1498 1433 1538 uero
1446 1481 1583 1538 Willelmi
1596 1481 1712 1556 gloriosi
1725 1483 1800 1554 regis

155 1577 213 1632 mm
236 1576 392 1632 Ecclesiam
417 1582 503 1650 atque
524 1577 727 1634 Eboracensem
747 1597 844 1651 param
867 1579 903 1636 ad
927 1583 957 1636 se
997 1577 1151 1648 Anglarum
1164 1581 1193 1631 et
1206 1573 1284 1630 ducis
1295 1573 1525 1629 Normannornm
1539 1575 1626 1628 sexto.
1643 1571 1801 1645 Exprsece-
1872 1581 1877 1586 '

154 1665 275 1721 invicem
288 1666 426 1722 honorem
436 1665 550 1734 habere,
564 1683 615 1723 nee
630 1667 748 1724 alteram
763 1668 958 1738 alteri,secun-
997 1671 1046 1739 pto
1059 1665 1185 1737 ejusdem
1197 1662 1350 1719 Alexandri
1359 1678 1449 1734 papae,
1460 1664 1603 1716 annuente
1613 1662 1711 1718 eodem
1720 1677 1797 1735 rege,

154 1754 220 1810 dum
230 1753 308 1810 beiti
321 1753 451 1828 Gregorii
458 1755 808 1826 constinrtionem,debere
815 1758 956 1815 ullatenus
964 1741 987 1805 Β
996 1757 1025 1812 in
1036 1754 1185 1828 prasentia
1196 1751 1284 1825 ipsius
1296 1755 1326 1808 et
1343 1751 1540 1823 episcoporum
1554 1748 1639 1824 atque
1651 1749 1796 1830 abbatum,

157 1843 313 1922 tirbiensis,
329 1850 443 1918 ‘excepto
454 1844 528 1917 qu'od
536 1845 702 1902 alterutrius
715 1847 955 1922 archiepiscopum
996 1846 1132 1903 ventilata
1154 1847 1198 1898 est
1216 1858 1300 1900 causa
1321 1841 1356 1896 de
1377 1839 1511 1914 primatu,
1526 1855 1610 1912 quem
1624 1837 1799 1897 Lanfrancus

158 1933 278 2006 ptitte‘hl
294 1933 324 1990 et
338 1933 497 2008 digniorem
512 1931 641 2008 oporteat
654 1951 715 1992 esse
729 1954 763 1993 eo
778 1954 862 2012 quem
874 1955 956 1994 cons·
996 1931 1219 1990 Iiorobernensis
1241 1929 1469 2003 archiepiscopus
1493 1943 1579 2000 super
1593 1925 1798 2009 Eboracensem

156 2023 241 2080 ttlatit
256 2022 348 2080 sdiss'e'
361 2019 502 2097 posterius
524 2023 704 2095 ordinatum;
728 2025 877 2099 praedictos
890 2043 955 2084 vero
995 2023 1149 2080 Ecclesiam
1166 2023 1233 2095 jure
1256 2035 1314 2076 sua
1337 2017 1466 2074 Ecclesiae
1489 2013 1742 2092 praeteruehenti
1764 2015 1799 2073 de

155 2111 208 2168 ties
221 2113 370 2186 episcopos
394 2117 451 2171 suae
472 2112 531 2170 sedi
548 2113 663 2187 sitisque
678 2116 902 2173 antecessoribus
917 2115 952 2173 ab
995 2112 1220 2172 ordinationibus
1229 2108 1416 2184 quorumdam
1429 2107 1634 2180 episcoporum,
1649 2103 1800 2180 dequibus

154 2199 954 2277 uliquistemporibusexstltisscsubjectos.Lanfrancus
994 2204 1031 2259 ad
1056 2220 1140 2276 quem
1161 2199 1322 2274 specialiter
1343 2197 1519 2273 pertinerent
1547 2200 1656 2252 certum
1682 2196 1800 2254 minime

154 2291 203 2347 hoc
218 2290 351 2360 audiam,
369 2288 423 2349 etsi
437 2294 554 2350 moleste
569 2294 644 2362 tulit,
661 2296 791 2351 modesta
803 2300 899 2352 tamen
912 2295 958 2354 di·
998 2290 1155 2349 constabat.
1171 2291 1207 2346 Et
1213 2289 1329 2346 taudem
1340 2286 1491 2361 aliquando
1500 2284 1619 2343 dirersis
1625 2285 1800 2344 diversarum

153 2379 292 2439 menone
313 2383 400 2439 verba
422 2381 498 2440 illins
520 2383 638 2441 veritate
652 2385 764 2457 penitus
787 2401 957 2443 earereres-
998 2383 1201 2454 scripturarum
1210 2375 1426 2434 auctoritatibus
1441 2370 1594 2449 probatum
1603 2378 1688 2448 atque
1703 2379 1799 2434 osten·

155 2472 263 2544 pendit,
285 2485 451 2528 asseverans
467 2472 670 2545 Gregorianarn
684 2473 762 2532 illam
782 2475 958 2533 constitutio
997 2488 1061 2528 sum
1084 2469 1221 2542 estquod
1244 2466 1429 2524 Eboracensis
1452 2464 1576 2521 Ecclesia
1602 2464 1800 2522 cantuariensi

152 2569 214 2618 tem
232 2559 293 2632 (36)
318 2578 375 2618 non
398 2561 434 2618 de
454 2563 650 2620 cantuariensi
668 2567 698 2620 et
712 2563 880 2622 Eboracensi
896 2581 957 2623 esse
997 2559 1099 2617 debeat
1112 2557 1266 2630 subjacere,
1284 2558 1403 2629 ejusque
1416 2552 1800 2629 archiepiscopiutprimatis

151 2651 372 2724 promulgatam:
383 2651 425 2708 Dc
434 2667 490 2724 qua
498 2668 530 2708 re
541 2658 570 2709 et
583 2652 619 2708 de
632 2652 723 2709 tribus
735 2653 872 2727 episeopis
886 2657 957 2711 mul·
996 2650 1085 2708 totius
1103 2647 1257 2704 Britannia
1284 2643 1524 2718 dispositionibus,
1554 2643 1585 2701 in
1609 2641 1654 2701 his
1677 2643 1741 2719 qnae'
1762 2644 1799 2702 ad

150 2743 184 2798 tis
198 2741 268 2798 hinc
279 2739 349 2797 inde
361 2740 453 2796 verbis
467 2741 584 2814 prolatis
599 2742 723 2800 demerit
734 2744 895 2800 Alexander
905 2761 969 2818 pa-.
996 2737 1185 2796 christianam
1200 2735 1365 2818 religionem
1374 2733 1528 2805 pertinent,
1542 2731 1574 2788 in
1586 2733 1717 2791 omnibus
1732 2734 1800 2792 obe-

151 2841 184 2905 pa
203 2837 340 2906 opertere
354 2832 427 2887 hanc
441 2848 555 2888 causam
568 2832 599 2888 in
617 2833 736 2905 Anglica
758 2837 837 2889 terra
851 2833 952 2902 audiri,
995 2827 1067 2883 dire.
1080 2825 1288 2898 Subjscnonem
1303 2839 1369 2879 vero
1381 2819 1590 2891 Dunelmensis,
1607 2822 1661 2880 boc
1674 2827 1718 2878 est
1731 2823 1798 2880 Lin-

149 2927 175 2977 a
187 2921 350 2978 illictotius
364 2921 443 2994 regni
462 2923 657 2995 episcoporum
673 2926 702 2978 et
716 2921 852 2980 abbatum
870 2923 954 2980 sessi.
996 2913 1173 2972 disfeldensis
1181 2910 1530 2986 episcopiatqueomuiam
1539 2910 1698 2982 regionum,
1713 2913 1799 2968 ater-

152 3013 247 3067 monio
259 3015 288 3066 et
299 3011 409 3083 judicic
425 3011 546 3068 definiri.
996 3005 1081 3061 minis
1093 3001 1285 3060 Licifeldcnsis
1292 2998 1425 3074 episcopii
1434 3004 1464 3054 ct
1470 2997 1605 3056 ltumbrae
1614 3000 1711 3072 magni
1719 2999 1797 3058 fluvii

183 3087 229 3157 ib.
258 3101 445 3169 Lanfrancnra
464 3101 591 3174 quamvis
616 3101 763 3174 alligatum
790 3102 871 3162 iham
902 3079 984 3160 snoG
995 3110 1085 3168 nsque
1103 3093 1138 3148 ad
1158 3097 1298 3148 extremos
1307 3088 1407 3145 Scotia
1420 3088 1501 3156 fines,
1513 3090 1543 3144 et
1550 3087 1687 3161 quidquid
1699 3105 1733 3146 ex
1745 3091 1798 3150 hac

149 3195 276 3264 tempore
287 3190 409 3246 hemah
423 3203 457 3246 co
470 3190 642 3263 professione
651 3195 771 3258 teneret,
789 3192 892 3248 maluit
905 3196 951 3248 ta·
994 3188 1076 3258 parte
1090 3179 1217 3256 praedlcfl
1230 3178 1356 3236 fluminis
1374 3177 1411 3234 ad
1434 3177 1597 3250 P8r0⁰hit²¹11
1612 3177 1796 3238 Eboracensis

148 3293 210 3336 men
237 3283 290 3353 ppo
314 3279 521 3336 successoribus
544 3280 602 3336 suis
615 3280 743 3336 laborare
758 3295 843 3354 quam
865 3281 905 3337 eis
923 3282 954 3337 in
994 3271 1123 3328 Ecclesia
1136 3271 1201 3342 jure
1219 3267 1362 3342 competit,
1380 3265 1593 3324 Cantuariensis
1606 3267 1798 3341 metropolita·

151 3375 298 3441 posterum
312 3368 577 3424 indiscussamhanc
590 3374 700 3426 tentam
714 3355 883 3426 calumniam
898 3369 953 3426 dis.
994 3377 1049 3437 nus
1062 3359 1230 3417 Eboracensi
1253 3357 1463 3430 archiepiscopo
1485 3356 1604 3429 ejusque
1627 3357 1797 3416 successori·

147 3457 312 3514 satiendam
338 3461 492 3514 reservare.
517 3457 641 3531 Uterque
664 3458 752 3530 igitur
770 3459 802 3515 in
823 3457 952 3514 Paschali
991 3450 1055 3520 bus,
1081 3450 1112 3506 in
1140 3453 1308 3523 perpetuum
1330 3445 1457 3503 obtinere
1478 3443 1626 3514 concessit,
1650 3444 1692 3502 ita
1714 3446 1747 3503 ut
1771 3445 1796 3504 si

148 3546 333 3603 solemnitate
351 3546 388 3602 ad
400 3562 496 3618 regem
506 3547 595 3614 venit,
611 3546 706 3619 ibique
720 3544 837 3620 prelatis
847 3546 877 3603 iu
891 3563 952 3602 rue-
993 3538 1205 3597 Cantuariensis
1226 3536 1451 3609 archiepiscopus
1465 3533 1615 3591 concilium
1633 3549 1733 3609 cogere
1746 3553 1796 3594 ro-

147 3635 224 3692 dium
234 3635 361 3709 mum
376 3635 544 3704 rationibus,
560 3636 729 3692 sententiam
739 3637 774 3692 de
786 3637 899 3708 negotio
909 3653 952 3694 re-
991 3629 1085 3698 luerit,
1101 3627 1261 3702 ubicunque
1281 3626 1372 3682 vnum
1386 3624 1481 3694 fuerit,
1510 3623 1694 3682 Eboracensis
1707 3626 1797 3683 archi·

144 3725 215 3796 galis
239 3724 321 3780 curia
340 3723 428 3782 dedit.
444 3725 559 3780 lassum
581 3729 649 3781 tunc
671 3730 715 3780 est
738 3723 800 3780 fleri
814 3725 949 3797 scripturn
992 3719 1138 3793 episcopus
1152 3715 1394 3789 suipraesentinm,
1409 3731 1474 3772 cum
1491 3713 1622 3771 omnibns
1638 3713 1793 3788 sibisubje·

146 3815 236 3870 totins
248 3830 342 3870 causa
357 3813 503 3870 continens
517 3815 612 3870 finem.
638 3813 811 3872 Lanfraneus
829 3814 950 3870 Alexan·
991 3809 1044 3865 ctis
1058 3807 1244 3883 episcopiaad
1257 3805 1431 3878 nutumejus
1445 3801 1576 3860 exhibeat
1590 3805 1694 3876 atejus
1708 3822 1793 3863 cano·

145 3903 195 3960 dra
209 3920 292 3976 pape
307 3902 457 3977 epistolam
471 3903 582 3971 direxit,
597 3903 628 3958 in
638 3903 730 3975 quaei
744 3903 832 3960 totius
845 3903 952 3976 negotii
993 3899 1062 3954 nieis
1075 3895 1306 3970 dispositionibus
1321 3893 1456 3951 obediens
1470 3893 1581 3950 existat.
1597 3893 1678 3960 Quod
1697 3891 1794 3954 numm

145 3992 303 4061 monem
325 3989 448 4046 breviter
466 3996 495 4046 et
508 3991 645 4047 veraciter
658 3991 808 4048 enarravit.
827 3991 952 4064 Utraque
993 3986 1175 4044 Eboracensis
1189 3985 1414 4058 archiepiscopus
1429 3983 1631 4056 professionem
1642 3984 1734 4041 facere
1747 3985 1795 4044 de·

146 4081 250 4153 scripta
274 4079 375 4136 subter
396 4096 508 4136 annexa
521 4085 597 4150 sunt,
611 4081 755 4153 praemissa
769 4081 951 4154 professione,
993 4065 1060 4133 beat
1071 4074 1268 4133 cantuariensi
1282 4071 1501 4146 archiepiscopo,
1518 4071 1604 4127 etiam
1619 4089 1684 4130 cum
1698 4090 1793 4130 sacra·

147 4185 233 4240 quam
245 4169 372 4226 Thomas
384 4169 540 4225 Lanianco
560 4185 656 4226 coram
673 4173 783 4242 regest
797 4171 858 4241 eJus
873 4169 952 4228 curia
992 4175 1102 4234 mento,
1126 4164 1299 4221 Lanfrancus
1319 4160 1541 4221 Doroberuensis
1567 4153 1797 4238 archiepiscopus

146 4273 233 4314 manu
247 4257 278 4314 in
293 4274 411 4314 manum
425 4259 567 4331 porrexit:
992 4272 1025 4312 ex
1053 4255 1171 4328 antiqua
1197 4253 1408 4308 antecessorum
1428 4247 1632 4305 consuetudine
1657 4248 1790 4309 ostendit.

183 4345 292 4402 chcet
308 4345 501 4402 Christianum
508 4362 647 4419 quemque
656 4345 824 4404 Christianis
837 4347 950 4421 legibus
993 4343 1048 4401 Sed
1058 4343 1093 4400 ob
1106 4359 1232 4399 amoram
1242 4340 1326 4414 regis,
1342 4339 1456 4397 Thomas
1470 4337 1639 4394 Eboracensi
1651 4337 1791 4424 archiepi-¹

144 4433 302 4507 subjacere,
312 4451 365 4490 nec
377 4435 421 4490 his
434 4451 524 4506 quaa
538 4436 643 4492 sanctis
658 4435 787 4493 Patribus
801 4403 982 4494 salubriterD
992 4451 1074 4508 scopo
1088 4436 1297 4490 sacramentum
1314 4428 1458 4498 relaxavit,
1474 4425 1665 4503 scriptamque
1677 4433 1790 4488 tantum

144 4520 276 4579 instituta
292 4528 361 4580 sunt
369 4523 541 4596 quibuslibet
552 4523 708 4581 rationibus
717 4526 866 4596 contraire
886 4526 951 4582 hinc
991 4523 1192 4598 professionem
1206 4520 1322 4594 recepit,
1338 4533 1396 4575 non
1414 4517 1600 4592 prejudicans
1619 4511 1790 4578 successori-

144 4626 269 4687 nsmque
286 4611 349 4681 ire,
373 4611 573 4681 dissensiones,
592 4613 715 4684 invidias,
742 4616 946 4684 contentiones,
989 4612 1040 4670 bus
1054 4613 1123 4682 suis,
1139 4610 1188 4686 qui
1209 4611 1419 4666 sacramentum
1431 4624 1496 4664 cum
1509 4607 1683 4680 professione
1695 4625 1713 4666 a
1725 4628 1789 4669 suc·

142 4707 307 4777 caeteraque
318 4704 484 4776 procedunt,
499 4720 561 4776 quae
574 4709 715 4760 amatores
727 4721 793 4761 suos
808 4705 948 4778 inponas
989 4701 1145 4759 cessoribus
1159 4699 1273 4757 Thomae
1284 4698 1404 4773 ,exigere
1420 4697 1576 4754 voluerunt.
1601 4695 1632 4754 Si
1653 4697 1790 4774 archiepi-

142 4797 267 4848 πίω-ωε
279 4793 460 4865 demergunt.
477 4793 512 4850 Et
525 4797 630 4866 quanto
650 4793 770 4866 quisque
783 4795 892 4852 altioris
906 4800 949 4852 est
989 4809 1089 4867 scopus
1102 4789 1314 4850 cantuariensis
1322 4788 1408 4844 ritem
1416 4786 1533 4856 finierit,
1548 4785 1731 4847 Eboracensis
1745 4807 1789 4847 ar·

141 4881 264 4950 ordinis,
279 4887 361 4938 tanto
375 4881 531 4955 impensius
539 4882 640 4938 divinis
653 4881 738 4939 debet
752 4884 948 4956 obtemperare
988 4883 1182 4956 chiepiscopas
1197 4877 1402 4936 Doroberniam
1423 4876 1527 4945 veniet,
1541 4879 1570 4932 et
1583 4893 1649 4934 eum
1662 4879 1711 4953 qui
1729 4877 1789 4938 ele-

140 4970 303 5044 preceptis.
325 4971 554 5044 Proptereaego
570 4973 702 5040 Thomas,
727 4973 874 5030 ordinatus
886 4975 947 5046 jam
988 4965 1152 5040 ctusfuerit,
1165 4986 1230 5026 cum
1242 4967 1351 5024 esteris
1360 4963 1484 5040 prefata
1495 4965 1624 5024 Ecclesia
1638 4969 1785 5045 episcopis,

141 5060 333 5116 Ebomcansis
356 5060 488 5117 Ecclesia
509 5061 742 5134 metropolitanus
754 5062 881 5132 antistes,
898 5079 946 5120 au·
985 5066 1019 5118 ut
1034 5060 1184 5134 primatem
1206 5056 1354 5132 proprium
1370 5057 1437 5128 jure
1458 5053 1641 5114 consecrabit.
1667 5056 1786 5126 Quodsi

177 5197 240 5280 icti)
255 5201 321 5258 liae
334 5201 420 5258 habet
433 5196 587 5258 Eadmerus
596 5203 645 5260 lib.
660 5219 670 5260 r
685 5206 837 5262 Nauorum.
984 5202 1106 5276 glorum,
1117 5216 1201 5275 quem
1212 5200 1323 5285 legesis.

177 5269 238 5338 (3ο)
252 5273 286 5328 ld
304 5275 456 5330 llincmaro
468 5275 600 5330 Remensi
614 5279 715 5334 saeculo
726 5291 764 5344 rx,
778 5283 807 5332 ct
820 5277 946 5333 Brunoni
1023 5273 1075 5342 137)
1092 5275 1166 5330 illud
1179 5273 1330 5329 concilium
1337 5269 1541 5329 Windlesborse
1552 5269 1681 5326 habitum
1692 5269 1782 5328 fuisse

138 5341 319 5411 Coloniensi,
337 5345 438 5402 saeculo
463 5362 481 5401 x
499 5362 661 5402 concessum
680 5351 740 5421 jam
763 5349 864 5406 fuerat.
888 5351 947 5404 Nec
987 5346 1073 5402 refert
1092 5346 1289 5419 Spelrnannus,
1313 5349 1383 5400 torn.
1405 5343 1432 5398 ll
1451 5341 1640 5398 conciliorum
1657 5341 1780 5414 Angliae.

137 5415 205 5486 ejus
218 5415 264 5472 rei
277 5416 332 5472 alia
348 5421 499 5472 ocerurrunt
511 5419 648 5491 exempla.
989 5419 1120 5473 Acarnan
1143 5417 1302 5472 Willelmus
1324 5412 1589 5482 malmesburiensis,
1606 5429 1639 5468 ex
1659 5429 1714 5484 quo
1726 5415 1785 5473 hacc

175 5483 241 5556 (86)
255 5485 289 5542 Id
304 5487 341 5544 dc
359 5489 556 5546 cantuariensi
569 5491 664 5545 archia
684 5491 778 5564 iscopo
792 5507 857 5547 cum
871 5493 946 5547 Lon·
987 5489 1192 5546 omniadesum
1213 5485 1785 5558 ta'sunt,nullumlocumexprimit;unde

137 5555 277 5614 tloniensi
286 5563 427 5644 statuerat
439 5560 471 5644 Β..
487 5561 648 5644 Gregorius.
660 5508 753 5618 hahis
765 5562 826 5618 fuse
840 5563 948 5618 Willel·
987 5560 1116 5617 habbeus
1128 5561 1183 5616 ine
1205 5559 1290 5615 'tione
1301 5557 1488 5615 Consiliorum
1502 5555 1603 5614 maluit
1615 5557 1708 5632 ipsum
1717 5559 1785 5617 sim·

137 5645 207 5686 mus
219 5629 481 5690 htalmcsbunansrs
490 5631 558 5690 bbr
573 5633 703 5691 Historia
716 5633 880 5707 pontificum
892 5635 948 5690 An·
988 5632 1097 5706 pliciter
1109 5633 1297 5704 lectioonem
1311 5628 1462 5702 appellare.
