3882 6172
85 311 134 374 729
493 309 580 371 vira
600 302 755 369 Bosolvia
774 304 929 369 sanaris
947 302 1144 373 BEOOENSIS
1163 309 1308 380 Qlihll'l'i.
1668 305 1721 366 tao

84 461 142 517 mm
152 445 251 517 plures
260 443 450 510 decantentur,
460 459 531 516 quos
543 458 591 498 rex
603 441 728 513 suscepit
739 439 876 506 hilariter,
886 440 912 499 Α
921 443 1036 498 recessit
1049 441 1163 499 tristis?
1184 439 1293 498 Summi
1307 434 1372 508 viri,
1393 439 1452 494 mm
1472 433 1620 491 saeculares
1636 449 1722 508 quarn

86 541 110 590 et
122 533 248 589 libenter
256 532 394 589 eonces'ait
404 533 476 605 quod
494 531 637 604 petebant,
655 531 840 602 precepitque
852 535 883 584 ut
924 531 1057 604 religiosi,
1077 531 1195 604 proximi
1220 535 1248 585 et
1268 525 1445 591 'remotior-es,
1468 523 1551 580 multi
1574 522 1724 580 veniebant

85 623 255 678 adducerent
265 622 386 694 priorem
396 621 541 676 [lominica
550 625 612 692 post
622 619 803 690 Rogationem
816 633 881 674 nam
923 621 958 678 ad
973 637 1036 677 euru
1052 621 1254 676 consulendum
1274 619 1309 673 de
1329 613 1414 671 rebus
1428 613 1540 681 dubiis;
1556 619 1587 669 at
1600 613 1648 669 illc
1662 613 1722 668 sin·

85 707 883 783 heeanteRogatioaesagebantur.Gumquehaecnuntiata
921 713 1053 783 galerum
1077 706 1293 782 cogitationibus
1318 711 1346 761 et
1369 698 1599 777 inquisitionibus
1618 701 1657 757 ita
1676 716 1722 757 re·

85 801 198 856 fuissent
207 799 367 864 conventui,
379 799 459 854 valde
475 799 564 870 gavisi
580 797 761 864 sunt,etDeo
775 796 882 868 gratias
922 799 1078 872 spondebat
1086 805 1118 855 ut
1127 795 1428 869 unicuiquesufficeret
1438 792 1512 864 quod
1520 789 1661 847 audiebat.
1671 789 1723 846 Pa-

85 892 233 945 immensas
243 889 437 945 reddiderunt.
450 889 531 943 Prior
540 891 635 942 autern
649 887 719 942 dixit
731 885 879 944 omnibus:
922 889 1055 945 tientiaei
1065 885 1239 944 admirabilis
1250 889 1451 940 contraomnes
1461 878 1720 948 molestiasinerat;

88 977 882 1050 aSeitotequiaexquoviditamunanimemergameamo·
921 995 986 1034 nam
999 977 1163 1051 patientiam
1174 983 1202 1032 et
1221 971 1467 1030 mansuetudinem
1482 969 1629 1043 cordisque
1641 985 1721 1024 mun-

85 1085 136 1124 rem
146 1073 285 1134 vestrum,
298 1067 322 1122 si
337 1065 403 1121 inde
414 1065 483 1120 mihi
493 1065 649 1121 certissime
660 1065 774 1120 scissem
789 1063 881 1120 immi·
921 1069 1019 1124 ditiam
1044 1069 1155 1130 docens,
1180 1064 1312 1120 monebat
1339 1055 1499 1117 occasiones
1522 1058 1719 1113 scandalorum

86 1173 145 1211 nere
159 1164 295 1221 mortem,
312 1171 368 1210 non
381 1155 537 1209 omisissem
552 1153 618 1225 quin
629 1154 766 1209 voluntati
781 1151 880 1210 vestre
920 1157 1018 1228 ingere
1050 1156 1093 1211 vel
1115 1171 1170 1211 non
1194 1169 1293 1208 curare
1316 1169 1377 1223 quae
1401 1165 1457 1204 non
1481 1151 1598 1220 possunt
1622 1146 1650 1200 in
1668 1146 1722 1201 hoc

85 1245 290 1318 promptissime
304 1243 471 1315 paruissem,
487 1243 541 1298 nisi
564 1243 614 1298 illa
630 1257 715 1298 causa
732 1243 881 1298 obsisteret
922 1246 1027 1302 mundo
1038 1245 1144 1300 deesse.
1157 1243 1271 1298 Dicebat
1284 1257 1342 1296 sea
1358 1239 1448 1311 primo
1459 1234 1647 1292 conversionis
1662 1249 1721 1289 sure

86 1335 144 1408 quia
153 1335 247 1389 Deum
257 1333 398 1389 odendere
414 1331 585 1387 timebam.»
605 1332 731 1388 Perrexit
739 1349 806 1404 ergo
816 1348 880 1388 cum
922 1340 1048 1408 tempore
1058 1331 1216 1390 occasiones
1226 1332 1421 1387 scandalorum
1433 1328 1473 1384 ita
1487 1327 1635 1381 damnasse
1646 1321 1721 1394 quod

84 1422 214 1479 iratribus
237 1421 455 1492 Rothomagum,
472 1421 605 1494 deditque
621 1422 646 1476 ei
660 1438 708 1477 rex
724 1421 783 1476 solo
799 1420 880 1476 verbo
922 1426 1000 1480 nulla
1021 1423 1177 1486 tribulatio,
1199 1417 1380 1494 prosperitas,
1396 1419 1439 1472 vel
1461 1415 1626 1481 adversitas,
1643 1411 1722 1470 nulla

84 1511 198 1567 abbatiae
219 1511 336 1576 donum,
352 1509 479 1582 dixitque
502 1510 543 1565 illi
565 1516 598 1565 ut
619 1509 696 1564 intus
715 1509 879 1582 religionem
922 1514 1046 1574 tristitia,
1060 1513 1117 1568 sive
1136 1512 1242 1574 laetitia,
1254 1526 1303 1565 seu
1317 1503 1411 1579 aliqua
1426 1503 1579 1578 corporalis
1593 1501 1723 1560 molestia

85 1604 213 1667 smmis
232 1605 263 1655 ei
276 1600 336 1671 59⁵0
356 1615 406 1671 pro
424 1599 473 1653 5¹¹⁰
489 1598 627 1653 0¹i0li⁰rss
641 1604 768 1664 curarem
785 1599 881 1670 sicque
922 1603 1031 1659 aditum
1041 1602 1134 1657 cordis
1146 1601 1205 1672 ejus
1218 1597 1375 1670 irrumpere
1383 1596 1505 1652 valebat:
1523 1591 1718 1658 eoderuvultu,

85 1691 180 1746 iactum
203 1695 248 1744 est
263 1695 294 1744 ut
306 1705 388 1760 quem
404 1688 481 1759 prius
495 1688 703 1743 contradixerat
716 1704 792 1742 nunc
805 1681 1020 1747 mul-Beonan
1044 1691 1139 1746 animo
1163 1688 1367 1761 perseverabat.
1391 1683 1550 1756 Aliquando
1571 1697 1635 1736 cum
1658 1681 1720 1750 ejus

84 1779 327 1848 mffldffigerebssi
340 1777 623 1849 multaquepetebes
635 1775 878 1842 libenteriaceret,
918 1784 999 1854 jussa
1022 1797 1077 1836 non
1102 1779 1212 1852 impleri
1234 1775 1428 1838 nuntiabatur,
1452 1771 1564 1828 dicebat
1582 1783 1619 1821 :v
1641 1769 1720 1839 Saepe

84 1868 258 1938 plurimaque
272 1864 394 1922 ecclesie
408 1864 544 1920 beneficia
552 1865 701 1930 conferret,
716 1870 801 1936 atque
815 1881 879 1920 con·
921 1869 1054 1925 mandata
1060 1859 1624 1939 Debetpraeterimus,etsustinet.Quante
1631 1855 1721 1928 magis

84 1957 145 2012 siliis
159 1957 223 2027 eJus
236 1972 311 2028 saepe
326 1954 524 2026 acquiesceret.
539 1954 658 2026 Rogavit
672 1970 739 2010 sane
757 1971 808 2026 pro
823 1953 879 2009 iilis
920 1975 972 2014 nos
984 1957 1043 2030 pati
1056 1956 1199 2020 debemus,
1212 1955 1236 2009 si
1251 1959 1345 2009 nostra
1356 1955 1575 2008 contemnuntur
1586 1945 1688 2016 jussa?
1705 1965 1717 1998 a

83 2045 185 2100 duobus
209 2043 366 2110 monachis,
388 2060 458 2115 quos
482 2042 611 2098 electioni
635 2045 696 2114 ejus
723 2044 878 2099 contrarios
920 2047 952 2104 ln
968 2046 1098 2102 omnibus
1110 2049 1215 2110 autem,
1225 2043 1260 2098 ad
1271 2060 1331 2115 quae
1340 2041 1465 2096 animum
1481 2035 1649 2112 applicabat,
1658 2039 1721 2089 tan·

83 2133 160 2189 baisse
176 2133 312 2200 diximus,
329 2148 365 2187 ne
385 2131 440 2187 illis
463 2131 583 2199 obesset,
604 2133 677 2203 quod
697 2139 795 2188 contra
813 2149 879 2187 eura
920 2141 981 2191 turn
993 2134 1103 2190 valebat
1112 2139 1144 2189 ut
1154 2135 1211 2189 sive
1220 2132 1374 2188 secundum
1385 2129 1485 2194 Deum,
1498 2125 1555 2182 siue
1565 2123 1719 2182 secundum

84 2222 246 2288 sensissent;
264 2237 321 2276 non
335 2225 397 2274 erat
412 2219 485 2292 apud
500 2219 579 2275 illum
592 2220 686 2291 graiis
700 2219 780 2275 labor
788 2220 879 2276 indul·
921 2226 1053 2280 seculum
1073 2229 1146 2279 esset
1165 2223 1240 2278 unde
1261 2226 1402 2293 ageretur,
1418 2217 1551 2273 velociter
1565 2221 1594 2271 et
1608 2214 1719 2288 sapien·

83 2327 141 2380 gere
162 2311 193 2365 in
226 2327 259 2365 se
290 2308 478 2380 delinquenti.
511 2309 753 2381 acchiepiscopus,
781 2309 879 2365 videns
920 2313 1029 2368 tissime
1041 2312 1210 2368 dissolvebat
1225 2311 1320 2366 omnia
1330 2313 1357 2365 et
1372 2299 1566 2379 componebat.
1581 2303 1719 2359 Commis-

82 2415 169 2470 regem
198 2405 260 2454 tam
286 2397 375 2452 libere
406 2397 480 2468 quod
509 2397 659 2469 petebatur
676 2397 784 2463 fecisse,
806 2397 879 2453 sieut
921 2419 1016 2457 sarum
1031 2402 1083 2457 sibi
1099 2401 1259 2457 animarum
1270 2416 1365 2455 curam
1378 2395 1494 2470 gerebat
1510 2393 1721 2461 maximam‚ne

83 2489 256 2559 promiserat,
286 2485 489 2542 honorabiliter
508 2487 600 2540 ¹uoluit
627 2487 719 2541 facere
746 2486 821 2559 quod
843 2487 879 2542 de
921 2507 977 2562 qua
996 2494 1058 2562 ejus
1077 2489 1249 2562 negligentia
1271 2505 1304 2543 ex
1325 2487 1380 2542 iilis
1405 2485 1556 2558 deperiret.
1576 2481 1642 2539 Vita
1660 2483 1721 2553 ejus

83 2577 130 2630 hac
142 2577 221 2631 read
242 2592 273 2631 se
292 2574 461 2648 pertinebat.
476 2574 560 2630 Venit
570 2591 636 2646 ergo
646 2575 681 2630 ad
698 2575 878 2631 festivitatem
921 2587 1027 2646 saneta,
1049 2579 1152 2640 sobria,
1169 2580 1287 2634 honesta
1309 2582 1337 2632 ot
1358 2575 1516 2630 castissima
1530 2579 1601 2628 erat.
1622 2572 1721 2628 Sermo

82 2665 258 2720 Pentecostes
267 2681 330 2736 quae
341 2663 519 2732 imminebat;
531 2664 615 2718 etdie
626 2664 696 2719 resto
707 2665 741 2718 ad
752 2665 876 2732 tertiam,
921 2671 983 2740 eJ'us
996 2685 1061 2724 raro
1075 2668 1199 2738 utilitate
1210 2665 1342 2733 carebat3
1358 2671 1387 2719 et
1400 2665 1429 2720 in
1445 2663 1512 2736 ipsis
1523 2661 1604 2734 jocis,
1620 2659 1643 2716 si
1657 2659 1720 2734 quis

82 2755 188 2826 quando
202 2757 304 2808 cantor
318 2753 442 2825 iaeoepit,
466 2754 537 2818 Veni,
555 2759 664 2808 creator
683 2753 817 2822 Spiritus,
833 2757 878 2808 in·
921 2758 992 2814 bene
1002 2762 1142 2830 pensaret,
1151 2771 1354 2826 nonnunquam
1365 2753 1576 2810 aedificationem
1587 2765 1721 2822 magnam

81 2860 189 2914 gressus
203 2843 323 2899 chorum
338 2841 574 2914 archiepiscopus,
591 2858 656 2897 cum
679 2843 785 2897 honore
802 2842 880 2899 misit
921 2846 1090 2902 inveniebat.
1103 2845 1283 2900 Conversatio
1298 2845 1360 2916 ejus
1375 2842 1500 2898 modeste
1515 2836 1647 2910 religiosa
1659 2854 1720 2894 om-

83 2932 155 2988 ilium
169 2933 200 2988 in
215 2933 313 2988 sedem
328 2930 454 2994 abbatiss
469 2929 570 2986 deinde
584 2932 614 2986 in
629 2931 733 2987 octavis
747 2931 880 2988 Penteco·
921 2934 1004 2992 nibus
1015 2935 1097 2990 bonis
1107 2933 1372 3008 placebat,insrrmis
1381 2931 1470 3004 patris
1480 2933 1655 2996 weuram,
1666 2926 1721 3000 pia

81 3027 132 3076 stes
138 3023 239 3092 jussus
250 3021 375 3093 perrexit
384 3021 419 3075 ad
431 3018 664 3076 benedictionem.
676 3019 880 3078 Verumtamen
921 3023 1020 3078 matris
1033 3024 1162 3078 allectam
1174 3020 1332 3077 exhibebat.
1344 3021 1411 3085 Quae
1421 3019 1455 3074 de
1468 3019 1516 3073 illo
1529 3017 1648 3072 dicimus
1657 3032 1722 3072 con·

81 3117 139 3166 sate
154 3111 274 3166 missam
290 3111 401 3164 loeutus
415 3125 478 3164 cum
498 3109 707 3181 archiepiscopo
721 3111 830 3182 rogavit
843 3114 910 3174 nec
921 3113 1053 3179 viventes,
1062 3111 1179 3168 etvicini
1189 3107 1629 3180 attestantur,compr0vineiales,
1637 3109 1666 3161 et
1673 3105 1720 3177 qui

78 3217 106 3255 se
114 3206 228 3272 cogeret
237 3200 273 3254 ad
282 3198 495 3272 professionem,
508 3215 592 3270 quam
603 3199 681 3254 nullo
692 3199 774 3254 modo
787 3200 879 3256 facere
922 3218 986 3258 eum
996 3195 1722 3274 noveruntlongepositiveraessecontestantur.1n·

79 3289 164 3357 uellet,
182 3290 250 3360 quia
264 3289 288 3344 si
305 3288 417 3355 iaceret,
435 3303 569 3360 magnum
588 3287 752 3343 scandalum
768 3289 797 3343 in
815 3305 879 3345 mo·
921 3284 1722 3361 terhaecessiduetantispedum,capitis,etviscerumd0·

80 3379 201 3434 mater-io
213 3382 374 3450 generaret.
386 3376 429 3431 Ad
443 3376 503 3431 haec
513 3375 755 3449 archiepiscopus:
770 3397 782 3429 e
800 3377 877 3445 Sine,
921 3371 1722 3451 loribustorquebaturutvixsesustineret.Aliquandoita

81 3469 124 3532 ait,
139 3468 214 3522 bene
228 3469 293 3522 erit.
312 3487 322 3518 v
337 3467 464 3537 Cumque
478 3471 589 3538 tempus
604 3466 695 3521 missar
709 3465 876 3533 advenisset,
921 3469 1057 3525 acerrime
1071 3468 1251 3524 cruciabatur
1270 3466 1355 3539 quod,
1381 3465 1454 3522 sicut
1477 3463 1633 3528 videbatur,
1649 3477 1721 3535 pene

82 3557 187 3612 oblatus
198 3563 241 3611 est
256 3557 292 3611 ad
307 3554 545 3623 benedicendum;
563 3560 631 3610 tunc
642 3554 877 3628 archiepiscopus,
921 3557 1044 3614 animam
1061 3557 1216 3612 exhalaret,
1228 3557 1301 3610 Nam
1316 3571 1380 3610 cum
1391 3555 1426 3609 de
1439 3553 1556 3608 concilio
1567 3550 1723 3607 clarimon-

81 3651 171 3702 astsns
182 3645 271 3701 saer-is
282 3643 428 3708 altaribus,
439 3643 633 3714 interrogabat
642 3644 812 3716 illumjuxta
821 3661 880 3700 rao-
920 3647 957 3702 tis
977 3648 1093 3713 rediret,
1109 3645 1182 3702 sieut
1195 3661 1282 3717 supra
1303 3645 1433 3708 diximus,
1452 3641 1545 3714 gravis
1561 3657 1625 3696 eum
1641 3640 1722 3694 intir-

81 3749 145 3799 rem,
165 3739 197 3788 et
214 3734 264 3788 ille
283 3732 319 3786 ad
338 3731 513 3803 interrogata
532 3731 728 3804 respondebat,
745 3737 778 3786 nt
795 3733 876 3800 solet,
921 3737 1005 3791 mites
1019 3735 1164 3808 corripuit,
1187 3751 1248 3809 quae
1263 3734 1302 3790 sic
1317 3749 1380 3790 eura
1396 3731 1552 3788 debilitavit
1565 3735 1598 3786 ut
1617 3729 1646 3785 in
1661 3733 1723 3784 tota

78 3821 162 3877 donec
173 3823 210 3878 ad
220 3821 294 3878 illud
305 3827 418 3876 ventum
430 3826 473 3876 est
482 3827 514 3876 ut
526 3821 649 3876 diceret:
662 3843 675 3870 ι
687 3820 735 3876 vis
745 3821 877 3879 obediens
920 3823 977 3879 vita
990 3840 1041 3879 sua
1057 3840 1113 3878 non
1127 3823 1249 3896 perlecta
1260 3827 1358 3894 postea
1372 3820 1555 3886 cainvaluerit,
1567 3824 1605 3888 et,
1617 3825 1649 3874 at
1660 3835 1722 3875 ma·

78 3911 340 3968 essehuicllcclesite
348 3909 492 3968 etmihi.et
498 3909 633 3981 legitimis
641 3911 876 3970 successoribus.»
918 3914 963 3984 gis
977 3914 1039 3983 ejus
1051 3911 1188 3984 patientia
1202 3911 1369 3983 probaretur
1378 3917 1406 3965 ct
1417 3909 1719 3982 justusjustiorileret,

77 4001 200 4056 Atille:‹
210 4001 294 4055 Volo.
306 3999 879 4072 oTuneeeperuataliquidecircumstan·
920 4001 1012 4056 adhuc
1027 4001 1139 4073 plagam
1155 4001 1289 4055 cecitatis
1307 3999 1403 4054 intulit
1426 3999 1452 4054 ei
1472 3997 1617 4054 Dominus.
1633 3997 1671 4052 at
1684 3996 1721 4051 ile

78 4089 150 4145 tibus
164 4090 275 4145 clericis
295 4103 397 4159 urgere
416 4094 448 4143 ut
470 4088 597 4143 diceret:
618 4108 629 4140 ι
647 4089 794 4145 Protiteor.
814 4091 879 4145 »At
918 4090 1069 4162 gaudebat,
1085 4089 1193 4160 gratias
1214 4089 1271 4145 Deo
1286 4087 1396 4159 agebat,
1411 4104 1522 4162 semper
1536 4086 1628 4154 letus,
1646 4102 1721 4140 sem·

78 4177 123 4232 ille
136 4178 239 4233 iterum
257 4177 348 4231 dixit:
362 4197 375 4227 ι
389 4177 493 4231 Volo.»
509 4178 602 4249 Atque
615 4193 679 4232 cum
694 4177 833 4234 instarent
847 4183 880 4234 ut
920 4195 970 4251 per
978 4185 1141 4233 mansuetus
1149 4183 1219 4241 erat,
1227 4177 1334 4231 sciebat
1340 4177 1408 4248 quia
1416 4180 1506 4231 uirtus
1514 4179 1546 4229 ia
1554 4177 1721 4243 infirmitate

82 4284 93 4316 ι
108 4267 263 4336 profiteor»
281 4265 472 4337 responderet,
490 4266 560 4320 dixit
574 4266 676 4321 tertio:
691 4285 703 4318 a
718 4267 788 4321 Volo
803 4273 878 4322 etex
916 4267 1115 4338 perficiturlll
1124 4267 1184 4322 Cor.
1201 4280 1250 4332 xa,
1262 4264 1303 4333 tii:
1318 4271 1347 4319 et
1361 4271 1466 4337 quanto
1481 4263 1603 4319 exterius
1613 4261 1721 4335 ailiige·

78 4355 238 4411 cordevolo.
252 4355 595 4410 »Tuncloannessanctae
604 4353 878 4412 Romonaellcclesiae
919 4357 1013 4422 batur,
1040 4361 1119 4411 tamo
1146 4354 1264 4410 interius
1290 4355 1384 4426 gratia
1414 4355 1440 4410 ei
1467 4353 1716 4425 augmentabatur.

77 4443 193 4514 legatus,
205 4444 256 4516 qui
269 4443 310 4498 ibi
320 4444 391 4498 sorte
401 4442 515 4499 aderat:
526 4463 540 4496 e
551 4444 613 4499 Non
625 4443 740 4509 auditis,
751 4444 801 4506 ait,
812 4445 877 4517 quid
892 4431 1025 4501 DVerum
1034 4444 1187 4516 posteaDei
1197 4444 1377 4499 miseratione
1387 4444 1507 4516 quodam
1516 4442 1720 4498 medicamento

76 4533 162 4589 diciti
176 4535 247 4607 quid
259 4534 382 4604 amplius
396 4532 502 4587 vultis?
516 4552 526 4583 ι
540 4533 640 4604 Sicque
653 4533 879 4606 archiepiscopus
920 4534 1027 4606 recepit
1050 4535 1150 4588 visum.
1166 4534 1291 4589 Tandem
1316 4531 1438 4606 paralysi
1461 4532 1624 4597 dissolutus,
1648 4532 1720 4588 lecte

76 4620 551 4680 heuminteumauemaieabbas
558 4622 877 4691 reversusestlieccum3
919 4623 1118 4695 prosternitur,
1134 4627 1270 4694 tuamque
1284 4621 1514 4677 incommoditate
1529 4620 1721 4677 membrorum

76 4721 230 4768 conventus
241 4709 879 4783 vero,seerisveatibusindutus,ordinatapro·
920 4711 1122 4768 molestabatur
1136 4727 1187 4782 per
1201 4711 1316 4783 longum
1331 4716 1442 4783 tempus
1457 4717 1489 4766 ut
1502 4727 1554 4766 nee
1568 4709 1602 4766 de
1619 4711 1720 4768 lectulo

75 4803 212 4869 cessione,
222 4800 310 4856 exivit
321 4799 431 4855 obviam
441 4799 574 4854 venienti.
585 4800 623 4853 at
636 4799 683 4854 ille
693 4801 815 4856 occurrit
824 4801 879 4856 hu·
920 4817 1045 4871 surgere,
1070 4817 1121 4855 nec
1147 4806 1230 4864 stare,
1255 4799 1298 4856 rei
1320 4800 1460 4866 incedere,
1486 4801 1535 4856 sed
1558 4815 1609 4855 nec
1625 4802 1721 4871 lacere

78 4890 185 4945 militer
195 4888 380 4962 processioni,
397 4887 617 4959 nudispedibus,
629 4887 694 4942 licet
707 4887 835 4955 iniirmis,
851 4894 881 4944 et
921 4891 1036 4946 valeret.
1054 4889 1176 4945 Sedebat
1192 4896 1287 4944 autem
1301 4889 1330 4944 ia
1344 4889 1425 4955 lecto,
1442 4893 1470 4944 et
1483 4890 1582 4944 dextra
1598 4891 1721 4963 levaque

74 4984 224 5050 susceptus
234 4983 278 5032 est
289 4993 353 5030 eum
367 4977 593 5048 magnoguudio,
605 4976 749 5031 sicuterat
759 4993 878 5032 consue-
920 4979 1027 5052 paratis
1039 4980 1074 5044 ad
1095 4980 1147 5033 hoc
1160 4979 1283 5051 pulvillis
1303 4985 1389 5051 caput
1408 4978 1573 5044 reclinabat,
1589 4985 1618 5035 et
1633 4980 1719 5036 talem

74 5069 143 5122 tudo
158 5067 250 5139 ipsius
259 5065 400 5121 Ecclesiae.
413 5065 566 5120 Ordinatus
577 5065 673 5136 itaque
683 5065 879 5136 perseverabat
919 5069 1005 5124 vitam
1031 5083 1172 5123 carcerem
1200 5067 1335 5135 sonabam
1358 5074 1387 5123 et
1410 5085 1475 5123 vere
1494 5069 1535 5124 ita
1557 5073 1628 5134 erat,
1652 5083 1718 5123 nam

74 5156 307 5212 wastantissime
315 5153 389 5226 quod
398 5154 499 5209 suerat.
511 5153 658 5226 Superbia,
670 5159 698 5208 et
706 5155 877 5226 arrogantia,
919 5158 994 5213 sicut
1004 5157 1033 5211 in
1044 5173 1155 5212 carcere
1165 5157 1268 5228 ligatus
1279 5157 1410 5229 progredi
1425 5159 1535 5230 uspiam
1548 5173 1603 5212 noa
1615 5160 1717 5228 potest,

75 5246 186 5300 nullum
210 5245 242 5299 in
266 5260 301 5298 eo
323 5243 414 5300 locum
441 5241 579 5310 habebat;
603 5243 717 5298 humilis
739 5243 768 5298 in
783 5244 877 5310 cordo,
920 5246 960 5301 ita
971 5246 1054 5300 homo
1067 5247 1117 5301 Dei
1132 5246 1251 5301 vinculis
1263 5246 1349 5316 hujus
1362 5243 1718 5317 egritudinisconrpeditus

70 5334 217 5404 iucundus
232 5333 262 5388 in
277 5347 416 5398 sermone,
430 5332 528 5387 hilaris
542 5333 570 5387 in
588 5333 666 5387 vultu
680 5349 794 5404 semper
807 5338 877 5400 erat,
920 5336 956 5390 do
982 5336 1053 5388 lecto
1080 5334 1154 5389 exire
1179 5349 1236 5389 non
1263 5341 1373 5406 poterat
1403 5336 1458 5388 Cor
1483 5339 1579 5388 tamen
1607 5349 1720 5405 semper

1 5425 2 5458 l
75 5424 224 5478 modestus
243 5421 273 5476 in
295 5419 402 5488 habitu,
426 5436 527 5493 parcus
551 5421 578 5475 in
601 5421 686 5487 victu,
704 5421 879 5492 prudens'in
920 5423 1073 5478 habensad
1088 5423 1187 5490 Deum,
1204 5440 1317 5479 sensum
1340 5425 1480 5493 integrum
1497 5437 1562 5476 cum
1577 5435 1718 5492 sermone,

74 5511 193 5577 namin
202 5509 389 5581 suscipiendis
399 5508 675 5581 hospitibushilaris,
686 5509 714 5564 in
723 5509 880 5566 exhibendo
921 5511 1089 5583 sapientiam
1104 5517 1134 5566 et
1154 5511 1327 5567 intellectum
1352 5508 1500 5575 retinebat,
1517 5511 1683 5582 patientiam
1702 5527 1719 5565 a

74 5601 249 5673 obsequium
269 5597 401 5654 liberalia.
416 5597 485 5663 Quis
500 5597 581 5658 illum
595 5598 738 5656 desolatus
751 5600 830 5670 adiit,
851 5604 881 5656 et
920 5601 979 5657 Deo
990 5600 1042 5655 sibi
1053 5598 1183 5673 poscebat
1191 5601 1360 5670 conservari,
1374 5615 1409 5656 ae
1423 5609 1614 5657 murmuraret
1622 5605 1721 5657 contra
