3900 6168
99 257 143 332 itt
637 263 745 336 LIBER
763 264 813 354 AD
830 264 1025 340 ΑΜιΟιιΜ.-
1027 263 1126 338 -ΜΙΜ
1148 265 1197 338 ιιι.
1674 261 1733 326 ddi)

100 381 528 456 nmaliuuttesehaberepppam
539 385 1033 459 nisietparadisoltaline,Atentus,
1059 392 1143 458 unios
1166 392 1289 462 jumenti
1315 391 1481 461 adjumento,
1507 387 1582 460 inter
1604 391 1731 504 crateras

98 477 239 545 talenrque,
258 473 306 544 qui
325 473 533 546 sciatcompati
553 475 885 534 infirmitatibuseorum.
933 480 1078 539 [temetum
1094 499 1168 552 aegre
1183 481 1318 554 pervenit.

99 563 887 638 Dehincultramontesperguntanimumqueimper-atri
965 571 1036 628 Dum
1061 570 1120 626 haec
1139 570 1178 627 ita
1201 588 1231 625 se
1243 569 1389 634 haberent,
1405 568 1575 631 Mediolanio
1589 569 1644 636 (ito
1661 569 1728 634 cod)

99 656 139 714 cis
151 659 248 723 utpote
275 651 429 708 femineum
452 653 591 718 alliciunt,
607 656 742 724 figmenta
758 656 887 740 quaedam
929 675 1063 724 canonica
1077 659 1246 713 cohabitatio
1269 659 1391 730 primum
1418 663 1514 722 exorta
1539 661 1592 723 est,
1607 671 1670 728 qute
1686 673 1731 716 raa

99 745 286 812 componentes
297 756 378 811 quast
392 757 448 798 vau
469 741 586 800 similia
611 744 682 798 Nam
698 743 828 800 dicebant
843 760 887 798 eo
929 765 1060 818 magnam
1076 748 1294 806 nrovrtrmmicis
1308 747 1452 808 madiam
1469 747 1535 805 Post
1548 753 1651 816 paucos
1666 761 1730 800 vero

98 845 151 884 mrn
162 828 320 900 dominum,
329 836 362 884 ut
370 829 509 884 heredem
524 831 601 902 regni
616 830 656 886 ita
670 832 809 902 haeredem
827 832 885 887 fore
928 837 988 893 dies
1003 844 1152 908 postquam
1172 837 1230 892 haec
1248 841 1330 905 gesta
1348 841 1424 898 sunt,
1440 835 1562 914 moritur
1576 833 1730 896 tandulfus

98 919 290 991 patritiatus,et
305 918 418 972 beatum
435 919 580 986 Nicolaum
590 921 702 974 decreto
712 921 887 982 firmassent
929 923 1145 984 llediolancnsis
1166 925 1294 988 clericus,
1309 925 1344 978 de
1359 940 1414 994 quo
1428 909 1558 994 superius
1572 922 1729 988 retulimus,

98 1009 180 1064 nullus
193 1008 223 1062 in
245 1007 409 1078 pontificum
432 1024 550 1063 numero
570 1009 702 1081 deinceps
723 1009 886 1076 haberetur,
929 1021 956 1068 et
971 1014 999 1067 in
1016 1014 1231 1085 pacc¹sepultus
1246 1017 1298 1066 est.

99 1099 138 1168 qui
152 1113 246 1150 nones
260 1113 399 1152 consensu
414 1097 488 1167 regis
500 1098 660 1168 eligeretur.
676 1098 726 1154 His
742 1106 771 1154 et
785 1098 887 1154 talibus
964 1105 1074 1158 Interea
1098 1102 1314 1168 Teutonicorum
1335 1099 1537 1172 archiepiscopi
1555 1106 1584 1156 et
1598 1100 1729 1176 episcopi,

100 1185 886 1257 machinationibusdeceptuimper-atria.feminealicentia
928 1191 1043 1248 abbates
1054 1192 1138 1246 duces
1154 1196 1182 1244 et
1195 1190 1312 1244 comites
1325 1188 1431 1245 «ruriam
1443 1188 1495 1242 sibi
1509 1187 1729 1253 constituuntur

100 1291 232 1344 emensum
248 1274 327 1342 dedit
339 1276 417 1346 operi
432 1275 551 1344 rectario,
574 1277 656 1346 quale
672 1293 727 1330 non
742 1276 885 1346 tuitadic
928 1297 984 1351 qua
1008 1280 1234 1337 deliberaverunt
1255 1278 1461 1349 imperatricem
1492 1277 1593 1333 dehinc
1622 1277 1729 1348 privato

101 1371 251 1434 quagentes
267 1379 328 1418 esse
342 1370 497 1434 ceperunt:
515 1369 547 1418 ut
565 1363 602 1418 ibi
617 1364 885 1432 nullusclericorurq
929 1375 1051 1426 scemate
1061 1369 1151 1424 vivere
1166 1369 1312 1437 indignum
1325 1367 1486 1436 iudicantes
1500 1381 1618 1438 regnum
1632 1364 1731 1422 mulie-

101 1453 275 1522 Romanormn
292 1453 334 1506 vel
349 1453 484 1508 laicorum
503 1452 631 1524 interfuit
650 1455 813 1524 pontificum
834 1452 889 1508 ele·
928 1458 987 1512 brir
1002 1458 1046 1528 ogi
1061 1457 1187 1516 arbitrio.
1206 1464 1263 1510 ton:
1288 1457 1355 1525 quia
1373 1457 1511 1510 monacha
1526 1460 1597 1520 erat,
1613 1461 1641 1510 et
1655 1454 1729 1524 curis

100 1541 182 1602 ctiam,
201 1540 239 1594 ibi
253 1541 376 1612 pontifex
391 1541 543 1612 eligeretur
557 1559 575 1596 a
589 1543 780 1598 consimilibus
804 1542 889 1612 sorni·
930 1565 990 1602 earn
1008 1563 1062 1602 oon
1078 1548 1194 1602 decebat
1204 1546 1308 1600 seruire
1321 1544 1512 1602 saecularibus.
1527 1551 1592 1600 tum
1605 1544 1673 1615 quia
1685 1560 1730 1614 eq·

101 1630 228 1684 auratus
243 1635 272 1686 et
286 1629 552 1701 Simoniacis,quire
567 1631 706 1702 accipiens
723 1648 772 1702 per
788 1647 888 1684 munus
929 1653 992 1692 rum
1009 1636 1140 1700 dominus
1170 1635 1294 1696 adultam
1316 1635 1374 1702 J‘am
1399 1633 1546 1694 videbatur
1568 1631 1729 1688 ascendisse

22 1733 26 1743 ·
101 1719 162 1788 regis
176 1728 205 1774 et
217 1719 321 1789 reginae
333 1735 444 1788 crpcem
460 1726 488 1774 et
498 1720 609 1790 papalia
622 1720 745 1792 insignia
761 1719 796 1774 ab
806 1707 1050 1791 aqui-‚Baetatem
1076 1724 1277 1794 communique
1291 1721 1407 1776 consilio
1423 1721 1570 1780 decrevere
1589 1718 1730 1776 uenerabi-

101 1807 153 1862 lone
160 1809 265 1862 reniret
273 1808 483 1874 RomamUnde
494 1809 648 1864 secundum
659 1809 808 1864 Jercrniam
822 1825 887 1879 pan·
930 1815 983 1876 lem
1000 1815 1149 1871 Arrncnem
1161 1812 1356 1868 Colonienscm
1367 1810 1608 1881 archiepiscopum
1622 1809 1730 1878 regitat

101 1895 168 1950 detur
179 1887 285 1950 malum
298 1897 710 1968 superuniversosbubitatorcs
720 1897 887 1963 terrae.Quid
929 1904 1032 1974 regina
1044 1909 1140 1957 tenere
1153 1890 1355 1972 gobernatula,
1366 1899 1594 1970 deponentesque
1612 1895 1730 1952 (lutber-

101 1983 190 2054 plura?
205 1985 314 2054 eligunt
328 1985 381 2040 sibi
397 1987 575 2056 parmensem
588 1986 733 2054 cadolum.
747 1987 835 2056 virum
848 1986 888 2058 dl·
929 1999 991 2048 tunt
1012 1990 1103 2046 Italici
1125 1989 1204 2060 regni
1222 1987 1389 2058 Gregorium
1403 1987 1608 2044 vercellensem
1622 1983 1729 2054 consti·

101 2073 162 2127 ritiis
176 2075 355 2146 locupletem,
371 2074 521 2130 virtutibus
535 2092 671 2146 egenum;
695 2075 742 2146 qui
767 2075 888 2146 stipatus
931 2089 1010 2141 tuere
1021 2079 1229 2140 cancellarium.

101 2162 183 2216 multis
199 2162 337 2218 militibus
351 2163 468 2217 intrarit
482 2162 704 2234 Langobardiam
721 2162 826 2218 liabens
841 2179 887 2216 se·
965 2169 1101 2226 Praefatus
1118 2184 1182 2222 sero
1205 2183 1279 2220 antro
1296 2165 1335 2220 nil
1347 2164 1448 2220 melius
1458 2164 1584 2233 cogitans
1597 2177 1682 2233 quatu
1698 2165 1730 2236 ut

101 2267 153 2304 cum
165 2252 193 2306 in
208 2245 343 2320 comitatu
359 2251 519 2306 Cerricosos
529 2253 674 2324 episcopos
686 2251 888 2324 [longobardiae
930 2275 1046 2328 regnum
1058 2255 1215 2324 sacerdotio
1226 2255 1354 2310 uniretur·
1362 2253 1471 2318 ltaliam
1482 2253 1596 2316 veniens
1611 2251 1729 2317 domato

102 2341 244 2410 nescientes
259 2356 344 2394 suave
360 2341 460 2410 jugum
482 2341 594 2410 Domini
609 2341 682 2396 ferre
705 2342 783 2397 Tunc
799 2341 888 2396 Simo·
930 2347 1030 2402 tendit.
1046 2361 1204 2417 papamque
1218 2343 1357 2404 convenit.
1379 2359 1429 2398 cur
1443 2341 1549 2411 absque
1559 2341 1642 2410 J'ussu
1655 2337 1730 2408 regia

102 2429 163 2486 niati
183 2429 354 2484 labebantur
385 2430 570 2496 concubinati
591 2447 655 2484 vero
669 2431 828 2486 sacerdotes
843 2430 887 2484 in·
931 2436 1087 2490 Romanum
1099 2434 1225 2502 accipere
1235 2448 1322 2485 ausus
1338 2431 1376 2486 sit
1386 2431 1591 2516 pontificatum,
1607 2427 1730 2482 cuicum

100 2517 166 2586 genti
175 2518 369 2572 exsultabant
363 2518 493 2618 tripudio
499 2518 607 2590 Sedqui
611 2519 724 2636 ιιοιιιιιι.
728 2518 886 2572 Secundum
930 2525 986 2579 Deo
1000 2522 1130 2642 amabilis
1142 2521 1347 2642 llildebrandus
1362 2519 1498 2574 ditisset'
1490 2535 1520 2574 ιιι
1531 2517 1610 2578 elect
1590 2525 1667 2580 tione
1677 2516 1731 2573 Ro-

103 2695 217 2750 mulieris
228 2696 449 2750 contradictione
464 2703 545 2752 terite
560 2703 699 2766 prostrata
710 2703 761 2764 est
780 2702 886 2750 tantus·
930 2703 1045 2758 patrum
1058 2701 1096 2756 ml
1118 2629 1231 2770 regibus
1248 2716 1309 2752 esse
1324 2714 1496 2754 concessum
1513 2703 1540 2761 et
1555 2696 1602 2750 ille
1617 2710 1731 2764 respou-

102 2800 147 2855 que
166 2784 351 2857 superborum
375 2791 537 2857 potentatus
555 2786 615 2839 sola
631 2784 755 2854 Beatrice
770 2784 888 2839 interdi-
929 2791 1017 2854 dissat
1039 2807 1073 2843 ox
1088 2789 1251 2860 patritiatus
1270 2789 1321 2854 inoc
1335 2787 1420 2840 licere
1436 2785 1488 2840 sibi
1504 2784 1651 2854 dignitate.
1665 2798 1731 2836 mox

101 2881 168 2928 ante
183 2874 497 2942 reluctamusevanuitr
514 2875 562 2928 scd
578 2891 633 2928 ιιοιι
648 2875 731 2944 longo
743 2877 805 2943 post
819 2879 888 2944 tem·
929 2878 1096 2940 venerabilis
1110 2876 1325 2942 archidiaconus
1340 2875 1390 2928 has
1405 2873 1553 2944 synodales
1566 2870 1669 2942 objecit
1679 2885 1730 2942 po,-
1779 2879 1782 2885 ⁴

100 2978 157 3032 P⁰fe
176 2963 308 3034 Plaeffllus
332 2950 454 3017 cad⁰¹⁰⁵
475 2962 571 3016 furtim
589 2962 742 3016 Bononiam
757 2961 843 3027 Venit,
859 2961 888 3014 i1¹
930 2969 1056 3026 sitiones,
1074 2984 1105 3022 ex
1122 2965 1252 3036 Symachi
1276 2964 1393 3034 synodo,
1407 2963 1437 3030 in
1452 2979 1507 3032 qua
1528 2960 1682 3027 interfuere
1696 2972 1730 3014 on

101 3066 147 3118 ιιι
159 3067 224 3106 suos
238 3051 395 3122 expectavit
405 3051 516 3120 milltes·
528 3050 752 3122 quibusrcceptis
768 3049 918 3117 samaiae
930 3057 1052 3128 episcopi
1068 3073 1073 3106 ι
1085 3055 1254 3110 Laurentius
1266 3052 1482 3108 liediolanensis
1490 3049 1729 3122 episcopusdixit:

101 3141 188 3204 tendit,
201 3149 318 3212 portam
332 3156 426 3196 secum
440 3140 566 3209 ingentia
581 3139 643 3194 auri
652 3147 680 3193 et
691 3138 800 3208 argenti
820 3155 889 3210 pon·
932 3161 988 3199 non
1008 3145 1114 3216 placuit
1137 3144 1207 3196 laico
1232 3142 1412 3197 statuendum
1435 3141 1464 3194 in
1489 3140 1614 3205 Ecclesia
1626 3138 1729 3196 hebere

101 3228 166 3282 deca.
182 3230 238 3285 Sed
257 3235 324 3284 tunc
342 3245 399 3286 ιιιιιι
413 3229 527 3284 defuere
544 3228 638 3298 Rome
652 3228 702 3282 viri
717 3227 889 3300 pestilentes,
932 3235 1055 3306 aliquam
1072 3231 1303 3304 potestatemmai
1317 3229 1505 3300 subsequendi
1515 3234 1733 3292 maneatneces·

100 3325 216 3374 amantes
230 3319 409 3390 semetipsos
424 3319 503 3382 arari
518 3323 546 3372 et
560 3317 665 3388 cupidi,
680 3316 729 3388 qui
744 3315 770 3370 ci
786 3333 816 3370 se
828 3332 892 3384 con·
933 3325 1002 3380 sitas
1012 3339 1068 3378 non
1081 3323 1233 3384 aucmritas
1248 3320 1414 3392 imperandi.

98 3407 214 3476 iunxere,
240 3408 317 3462 inter
338 3422 409 3478 quos
433 3413 462 3462 et
481 3405 599 3461 Romani
617 3405 892 3478 capitaneivoleates
971 3413 1095 3470 Eulaliae
1119 3412 1265 3483 episcopus
1291 3412 1473 3482 Syracusanae
1495 3406 1622 3474 Ecclesiae
1639 3404 1730 3472 dixitt

101 3495 246 3550 itomanam
260 3495 356 3550 urbem
368 3495 526 3566 opprimere
533 3498 561 3550 et
572 3492 623 3548 sub
634 3500 800 3565 potestatem
810 3510 890 3566 suarp
933 3503 1007 3568 laici,
1018 3502 1144 3573 quautvis
1157 3501 1280 3570 religiosi
1291 3501 1367 3554 nulla
1378 3499 1413 3552 de
1423 3495 1616 3563 ecclesiasticis
1625 3493 1733 3564 aliqqitl

102 3585 291 3656 mantiliumls
307 3584 443 3655 redigem-
933 3591 1101 3662 disponendi
1115 3589 1348 3660 legiturunquam
1364 3586 1500 3648 attributa
1514 3583 1733 3650 facultascum·

132 3675 239 3728 Interest
258 3673 319 3728 D00
334 3672 446 3727 Odibll'ts
460 3672 506 3736 ille
528 3672 556 3726 in
571 3678 652 3744 Ριθιθ
667 3672 785 3742 Nemnis
799 3676 892 3726 castra
933 3695 987 3752 que
998 3682 1044 3736 ille
1060 3681 1174 3736 decreta
1188 3695 1265 3749 papae
1276 3677 1383 3742 Nicolai
1398 3674 1547 3746 objecisset
1561 3672 1643 3742 eique
1655 3671 1733 3740 citis-

102 3767 214 3832 meatus
230 3771 284 3832 est,
299 3761 524 3832 occultoquellei
535 3761 641 3832 judicio
655 3760 727 3816 bello
741 3761 891 3832 commissp
932 3770 1002 3828 sime
1026 3786 1076 3840 per
1098 3769 1239 3822 decretum
1264 3767 1431 3836 eJ'usdern
1405 3781 1483 3836 papa
1497 3761 1615 3821 Nicolai.
1632 3761 1661 3814 in
1677 3773 1732 3829 ουρ

101 3849 178 3903 victor
191 3850 334 3922 apparuit
358 3850 421 3913 Sed
438 3849 616 3920 oinedabilis
636 3849 685 3904 Dii
704 3849 886 3935 providentia,
931 3852 1124 3932 corepiscopi
1142 3852 1340 3924 subscripsere,
1357 3849 1498 3921 obviatqm
1524 3846 1632 3919 scisset,
1650 3858 1731 3920 roga·

100 3938 193 4008 omira
208 3939 585 4010 lieiclementia,quivictor
600 3937 718 4009 exstitit
736 3926 888 4009 antequam
931 3943 971 3998 vit
997 3941 1131 4012 praesatus
1151 3939 1406 4012 archiepiscopus
1400 3935 1548 4010 dominum
1573 3927 1709 4006 papam,
1704 3935 1735 3989 ut

102 4027 198 4080 mensis
224 4037 301 4098 esset
325 4033 484 4098 transactus
502 4026 631 4098 veniente
650 4026 720 4081 duce
745 4026 889 4094 Gotefrido
932 4027 1097 4101 dignaretur
1116 4029 1254 4100 synodum
1269 4041 1440 4100 congregare
1456 4029 1484 4078 et
1501 4022 1638 4096 rationem
1654 4021 1688 4074 de
1703 4016 1734 4072 s'e

101 4113 220 4180 Romam,
235 4115 332 4186 inultis
352 4115 480 4187 precibus
495 4121 524 4169 et
537 4095 693 4184 magnificis
707 4115 789 4169 donis
801 4115 891 4170 eidem
934 4119 1061 4174 reddero.
1082 4118 1162 4188 Quod
1184 4121 1214 4170 ut
1237 4115 1286 4170 ille
1301 4113 1417 4188 audivit,
1434 4113 1500 4167 licet
1513 4128 1529 4166 a
1542 4087 1734 4174 Romanorum

101 4203 158 4272 duci
171 4205 281 4272 collatis
293 4205 337 4258 uix
346 4213 378 4274 ut
388 4205 476 4272 victus
486 4203 825 4276 discederetirnpetravtt.
839 4205 892 4268 Qui
934 4208 1098 4280 pontificum
1111 4207 1162 4261 hoc
1173 4211 1246 4260 esset
1261 4205 1383 4274 alienum
1399 4198 1545 4274 dignitate,
1557 4205 1652 4252 tamen
1668 4196 1735 4276 quia

101 4293 205 4348 terricus
216 4295 349 4366 Parmam
365 4294 399 4348 ad
409 4292 550 4346 officinam
561 4291 653 4347 saeculi
669 4291 826 4364 iniquitatis
836 4294 893 4360 coi
938 4296 1089 4364 necessitas
1106 4292 1233 4364 urgebat
1258 4291 1350 4346 ficere
1370 4287 1507 4362 prornisit
1524 4303 1645 4357 moxque
1660 4283 1735 4362 apud

100 4355 165 4436 lecta
181 4383 300 4456 pecunia
315 4389 344 4447 et
359 4389 501 4454 transacto
516 4397 590 4435 anno
613 4381 722 4450 occulte
739 4381 863 4452 quasia
835 4373 1079 4448 erttantuam
1102 4382 1268 4452 synodum
1264 4383 1458 4442 concacarunt,
1479 4378 1510 4451 in
1538 4392 1595 4452 qua
1614 4374 1735 4452 cadolus

99 4466 260 4544 Romanianr
276 4471 351 4524 venit
352 4471 458 4541 ibique
467 4469 533 4524 data
543 4485 769 4542 magnapecunta
781 4469 894 4542 collegit
934 4490 998 4530 cum
1023 4471 1271 4543 Langobardorum
1293 4468 1431 4542 episcopis
1455 4472 1551 4538 posset
1564 4454 1733 4541 contenire;

99 4533 303 4614 multitudinem
322 4559 450 4632 eqpitum
475 4557 673 4628 adJ‘urantibus
696 4557 849 4628 capitaneis
865 4562 893 4612 et
935 4561 983 4617 sed
1000 4556 1614 4633 Langobardorumepiscopiunacumeorum
1631 4560 1735 4634 metro-

98 4646 262 4714 quibusdam
277 4647 415 4716 pestiferis
432 4647 565 4700 Reatinis
574 4654 656 4699 noctu
672 4645 813 4700 civitatem
827 4647 894 4702 Leo·
934 4651 1059 4722 politam)
1074 4665 1156 4702 onim
1158 4665 1171 4702 s
1182 4648 1230 4702 illo
1247 4663 1400 4702 convenere
1415 4651 1516 4717 praeter
1530 4623 1675 4722 Cndolurn,
1687 4643 1735 4722 qni

97 4735 207 4790 uianam
222 4736 346 4790 intrarit.
362 4744 391 4808 et
403 4735 550 4808 ecclesiam
568 4735 599 4790 S.
622 4735 697 4809 l'etri
712 4734 827 4797 invadit,
839 4749 895 4788 rna·
936 4737 1105 4804 conscientia
1117 4741 1266 4788 accusante
1279 4735 1373 4808 venire
1383 4734 1484 4810 timuit
1492 4731 1736 4810 Venerabilisvero

97 4838 183 4893 neque
200 4824 274 4900 facto
290 4801 606 4898 tantustermrcoelitus
623 4798 735 4878 milites
740 4823 787 4894 qui
798 4839 893 4876 secum
936 4845 1009 4899 papa
1029 4825 1143 4900 veniens
1159 4803 1302 4898 Mantuam
1319 4828 1347 4896 et
1363 4823 1500 4876 rationem
1523 4797 1557 4876 de
1571 4837 1600 4896 se
1616 4801 1736 4899 reddens

98 4893 238 4976 venerant,
252 4913 367 4988 invadit,
379 4921 411 4966 ut
425 4928 521 4966 omnes
533 4928 645 4966 uemme
660 4919 778 4986 cogente
792 4912 894 4966 solaco
935 4914 1069 4986 citissime
1089 4927 1187 4966 omnes
1213 4910 1341 4966 inimicos
1369 4909 1434 4962 fecit
1454 4909 1573 4986 amicos
1589 4884 1662 4965 Nam
1674 4925 1737 4986 nnox

97 5001 219 5054 relicto
213 5017 242 5055 ιιι
263 4975 389 5076 ecclesia.
404 5001 500 5076 fugem
516 5001 684 5073 arriperent
705 5001 761 5076 qui
778 4999 894 5053 consilio
936 5020 1034 5078 amnes
1061 4999 1237 5076 Langobardi
1261 4998 1382 5097 episcopi
1402 4997 1593 5076 pedibussuis
1612 4977 1737 5076 advoluti

97 5091 189 5146 (leucii
205 5091 312 5166 cujusda
314 5109 350 5145 im
377 5091 536 5164 pestiferi
518 5091 646 5152 Romani,
658 5097 781 5146 castrum
801 5090 895 5145 Sancti
936 5108 999 5146 reos
1013 5107 1043 5144 se
1055 5087 1238 5143 essecontessi
1255 5087 1365 5164 veniant
1379 5087 1524 5184 petiere
1500 5093 1529 5142 et
1539 5086 1734 5156 impetravere

96 5179 210 5250 Angeli'
203 5179 328 5242 intrarit,
339 5179 435 5254 ibique
449 5197 479 5234 se
492 5185 600 5234 tutatus
616 5188 666 5232 est
685 5183 694 5230 ι
708 5196 735 5232 ιιι
753 5179 781 5231 in
796 5179 894 5234 eodem
937 5177 1037 5248 Sicque
1049 5189 1136 5250 regno
1151 5179 1180 5248 et
1198 5171 1354 5252 sacerdotio
1369 5172 1448 5226 unito
1463 5186 1535 5268 papa
1552 5185 1615 5220 curn
1632 5169 1737 5246 bonore

97 5277 186 5322 cestro
203 5286 252 5346 per
263 5270 333 5324 duas
343 5285 433 5323 annos
444 5268 556 5323 obsesso
569 5273 631 5343 post
647 5267 749 5342 mnltas
761 5275 789 5328 et
804 5268 895 5321 varias
939 5264 1058 5340 Romam
1075 5244 1220 5322 remcavit
1236 5261 1340 5336 quique
1356 5275 1420 5313 vero
1431 5257 1552 5343 episcopi
1566 5272 1628 5309 cum
1640 5255 1738 5334 alacrt-

96 5357 282 5422 calamitates,
297 5373 368 5428 qnae
382 5355 452 5411 inibi
464 5372 587 5432 passus
575 5361 628 5414 cst
648 5371 704 5434 non
720 5363 786 5410 ante
798 5355 895 5412 datum
936 5360 995 5408 tate
1009 5351 1162 5406 tenderunt
1172 5349 1207 5404 ad
1222 5349 1343 5432 propria
1350 5346 1420 5401 Huic
1430 5351 1509 5399 tanto
1520 5335 1656 5397 consilio
1649 5351 1737 5398 mter-

98 5455 137 5500 cst
159 5447 186 5502 ei
204 5446 268 5500 rade
282 5463 368 5510 exiri
384 5461 469 5519 quem
483 5446 519 5500 ab
535 5445 632 5502 eodem
645 5444 747 5500 Cancro
763 5445 896 5501 trecentis
937 5437 1462 5507 suereduxGotefrrdusetOttoSaxo
1472 5409 1734 5532 dunilanoariorurn.

97 5535 175 5592 libris
168 5536 295 5612 argenti
310 5535 534 5610 secompararit
555 5509 836 5612 unaquaelientulo'
832 5550 899 5610 con·
974 5531 1023 5608 ilis
1040 5529 1080 5586 its
1095 5507 1244 5622 transactis
1259 5542 1402 5612 rexaccep
1405 5525 1427 5578 it
1442 5521 1618 5612 conjugem
1602 5513 1738 5610 Deodile·
