3970 6172
133 337 200 394 itas
669 335 838 390 HISTORIA
859 335 1017 392 MONhST.
1039 337 1221 392 anastase.
1698 336 1765 394 ltst

128 459 302 530 inexpertem
320 459 420 514 divinae
444 456 560 528 anans
582 475 645 512 nlox
670 458 790 512 sanitate
813 461 1011 530 receptantes
1035 459 1147 514 Domini
1170 476 1228 530 per,
1241 464 1382 514 terrarum
1397 461 1545 532 totapatie
1566 461 1698 520 tremene
1711 480 1766 534 per

128 548 219 602 virtus
241 548 402 618 archarageli
426 546 587 618 permiserit
599 547 727 602 existere
744 547 842 602 Tantis
862 550 926 617 pius
966 547 1096 618 capillum
1112 547 1221 602 Danieli
1242 548 1271 602 ia
1293 549 1359 602 lacu
1375 547 1543 620 babylonico
1557 551 1665 606 sedenti
1679 557 1708 608 et
1721 552 1764 607 ta·

128 638 247 692 dandas
261 637 404 692 miraculis
424 641 526 696 motus,
547 636 723 690 anachoretae
738 636 876 706 precibus,
898 644 926 691 et
967 637 1066 690 melico
1080 636 1275 706 asportaverit,
1289 637 1314 690 si
1329 637 1438 692 rmione
1451 655 1525 694 cnunc
1538 640 1764 710 comprehendis,

127 726 162 781 ab
176 727 301 782 hermis
313 726 447 782 nobilium
463 724 589 796 personis
601 724 649 795 qui
663 725 813 780 adsuerant
827 741 925 779 exora·
966 725 1159 780 indubitanter
1178 731 1271 781 actum
1294 726 1385 780 crede.
1402 730 1446 782 Aa
1469 728 1595 798 negabis,
1610 728 1763 797 incredule,

127 821 186 881 tos,
202 833 268 870 cum
301 814 530 870 interminatione
554 814 718 886 sempiterni
738 813 926 868 anathematis
966 815 1039 885 quod
1055 821 1122 869 tunc
1145 814 1249 870 facturn
1273 821 1316 868 est
1340 831 1391 885 per
1411 817 1553 886 angeium,
1570 817 1766 888 nonpossint

128 904 343 959 constituituta
354 919 406 958 suo
414 919 663 973 successorumque
673 901 926 956 suortrmsaeculari
966 920 1041 958 nunc
1060 903 1122 960 lieri
1142 920 1194 974 per
1211 919 1354 958 manum
1370 904 1595 975 archangelum?
1615 907 1665 960 Vir
1678 907 1765 978 igitur

128 993 275 1048 dominatu
296 992 338 1046 rel
360 992 562 1062 impedimento
579 991 652 1046 liber
672 997 747 1046 esset
760 1007 811 1061 per
825 990 927 1044 saecula
967 992 1013 1046 ille
1029 1009 1092 1048 curn
1107 1009 1164 1048 suae
1174 992 1318 1063 sospitatis
1332 992 1444 1046 ¹auctori
1459 1002 1579 1064 quemme
1594 995 1766 1066 meningen»

128 1081 207 1136 loeas
228 1100 235 1136 :
252 1099 285 1136 en
299 1081 406 1136 ratione
429 1087 461 1135 at
483 1081 507 1134 si
521 1080 585 1152 quis
599 1080 659 1150 ejus
674 1079 883 1134 constitutionis
896 1079 926 1134 in
966 1081 1071 1140 tiaram
1087 1082 1266 1152 persolvisset
1280 1079 1413 1156 othones,
1426 1081 1506 1138 letas
1517 1089 1546 1138 et
1559 1084 1766 1142 exsitienainoe

128 1177 273 1240 posterum
288 1177 466 1241 contemptor
487 1170 576 1232 fieret,
590 1167 748 1239 apostolice
762 1168 837 1224 sedis
853 1174 927 1224 esset
968 1169 1130 1241 repedabat.
1146 1171 1265 1240 Jamque
1283 1169 1400 1224 Romam
1421 1171 1582 1238 maneae,
1603 1189 1667 1228 oum
1685 1173 1766 1230 inlidi

126 1259 225 1329 iudicii
240 1276 313 1314 reus.
969 1259 1085 1314 comites
1099 1260 1159 1329 ejus
1171 1257 1295 1314 nondum
1307 1259 1342 1314 ad
1351 1258 1456 1316 Urbem
1470 1267 1665 1330 pervenerant.
1674 1262 1766 1327 Quem

164 1348 209 1404 ab
226 1348 274 1403 illo
293 1355 420 1420 tempore
433 1347 529 1418 itaque
542 1354 657 1400 sanctus
669 1345 790 1400 eremita
807 1347 928 1401 loannes
968 1347 1766 1421 cannabiobviameatinusredeuntemcoatemplareetar,

127 1455 198 1492 usus
221 1438 321 1492 cellule
341 1439 422 1507 juxta
444 1437 545 1508 posita,
563 1441 688 1491 montem
708 1436 785 1490 solus
804 1436 928 1491 incolere
969 1437 1141 1492 admirantes
1150 1443 1248 1490 mutuo
1256 1436 1764 1504 alteraiebatad-alterumscolicus,

127 1526 223 1597 coepit,
239 1533 267 1580 et
287 1533 400 1583 sanctus
420 1525 532 1580 Domini
546 1524 740 1595 archangelus,
756 1524 810 1580 loci
826 1524 870 1578 sui
884 1524 928 1578 di·
970 1543 1052 1598 quem
1066 1526 1160 1580 video!
1176 1542 1243 1580 num
1255 1525 1310 1580 iste
1325 1534 1421 1580 noster
1432 1527 1533 1594 sacius,
1550 1529 1598 1599 qui
1610 1529 1683 1600 apud
1699 1529 1766 1586 cla·

126 1616 263 1670 lectorem
278 1621 306 1670 et
320 1615 491 1687 provisorem
505 1630 535 1668 se
550 1630 611 1668 esse
625 1614 687 1668 lucc
711 1615 815 1668 clarius
836 1613 928 1668 mani·
968 1633 1029 1670 sam
1043 1631 1061 1670 a
1074 1614 1154 1670 nubis
1166 1621 1209 1670 est
1223 1614 1357 1670 relictus?
1373 1632 1385 1667 s
1404 1615 1439 1670 Et
1453 1617 1542 1672 alter:
1557 1635 1568 1668 a
1584 1618 1648 1673 Nou
1662 1619 1769 1683 est,·ait

127 1705 234 1760 testare.
247 1713 303 1760 nen
313 1703 432 1759 distulit.
445 1705 507 1758 Non
522 1704 644 1756 multura
658 1717 780 1773 namque
791 1703 928 1774 temporis
969 1706 1026 1770 illo,
1037 1705 1085 1759 sed
1100 1703 1200 1758 similis
1215 1705 1285 1773 sias.
1298 1705 1369 1758 Nam
1384 1704 1431 1758 ille
1445 1705 1578 1776 podager,
1595 1706 1648 1762 iste
1662 1707 1769 1764 incedit

127 1793 285 1858 effluxerat,
298 1799 326 1846 et
336 1792 461 1848 ecoeviri
475 1798 636 1848 sanctores·
650 1792 840 1862 apostolorum
849 1775 1066 1848 PetriBlirmus
1084 1801 1113 1848 ot
1136 1793 1294 1850 incretamis.
1311 1793 1366 1848 Sed
1381 1792 1471 1863 quid?
1488 1795 1570 1850 Certe
1593 1795 1617 1852 is
1638 1795 1698 1865 ipss
1709 1803 1765 1852 est.

127 1889 158 1937 et
174 1881 255 1936 Pauli
268 1882 377 1946 limina,
393 1897 501 1936 necnon
516 1888 546 1934 et
565 1881 690 1950 masclam
704 1881 794 1934 sancti
808 1881 927 1936 archan-
969 1884 1059 1949 Salm,
1085 1881 1157 1936 bone
1177 1881 1227 1935 vir.
1247 1903 1257 1930 n
1275 1883 1313 1936 llt
1329 1881 1377 1938 ille
1396 1901 1403 1936 ε
1426 1900 1439 1934 a
1458 1883 1570 1940 salvete
1588 1901 1646 1952 vce,
1666 1901 1683 1940 o
1700 1884 1768 1940 beai

126 1972 185 2041 geli
201 1971 357 2042 patrocinia
371 1971 399 2025 in
412 1977 506 2026 monte
520 1969 643 2040 Gargani
654 1969 732 2023 adire
746 1969 926 2024 festinabant.
968 1973 1087 2026 sodales.
1102 1971 1215 2035 -Quid
1229 1974 1272 2024 est
1286 1971 1348 2032 hoc,
1360 1969 1511 2042 inquiunt?
1526 1972 1594 2036 Quis
1607 1978 1636 2027 te
1648 1973 1703 2029 hue
1718 1978 1769 2028 aut

128 2061 258 2130 Cumque
272 2059 301 2114 in
317 2059 472 2130 Segusiana
486 2059 558 2112 valle
573 2058 656 2129 positi
678 2058 867 2128 praescriptam
882 2075 928 2112 ec·
970 2061 1110 2132 quomodo
1120 2076 1206 2114 sanus
1218 2059 1332 2116 effectus
1342 2060 1390 2114 esi
1403 2079 1413 2112 ι
1425 2060 1602 2124 Quibuscum
1614 2060 1769 2132 prescripti

127 2149 245 2204 wien}
261 2149 289 2203 in
307 2147 471 2204 summitate
486 2147 600 2208 monas,
622 2153 757 2217 tanquam
771 2147 800 2202 ia
816 2147 930 2218 specula
969 2150 1097 2204 miraculi
1118 2149 1219 2204 scriem
1233 2149 1384 2212 retulisset,
1399 2154 1485 2204 unte
1501 2151 1543 2204 rei
1556 2150 1681 2206 norme
1695 2129 1769 2206 atti·

127 2239 224 2298 sitam.
240 2238 443 2310 conspicerent,
458 2237 549 2307 ignari
571 2251 676 2300 reruni,
694 2252 711 2290 a
729 2253 784 2307 quo
800 2242 929 2292 constru-
971 2239 1022 2293 niti
1029 2238 1167 2292 dixerunt
1179 2237 1216 2291 ad
1229 2253 1313 2293 eum:
1327 2257 1338 2288 ι
1351 2237 1427 2292 Num
1441 2237 1496 2294 ista
1507 2243 1603 2293 sancto
1618 2237 1770 2310 apostolico

128 2333 184 2390 cte,
202 2328 245 2381 vel
260 2329 341 2396 cujus
355 2325 462 2380 nemini
484 2325 577 2380 dicata
595 2330 678 2390 esset,
695 2325 819 2380 studiose
834 2325 929 2396 requi·
970 2344 1020 2398 per
1043 2326 1168 2381 ordinem
1190 2341 1246 2380 non
1266 2325 1427 2397 aperuisti?
1450 2332 1591 2382 revertere
1612 2327 1771 2398 maiacum,

128 2421 206 2470 rant.
231 2414 338 2479 Quibus
360 2432 423 2470 cum
447 2425 531 2470 senex
557 2429 646 2485 nuper
668 2421 746 2485 gesta
774 2415 927 2477 retulisset,
970 2415 1088 2486 ingrate,
1106 2421 1255 2480 revertere,
1271 2421 1301 2468 et
1313 2431 1400 2470 namra
1420 2421 1526 2486 quanta
1538 2415 1593 2472 tibi
1606 2416 1683 2472 Decus
1697 2411 1771 2474 iece-

128 2521 205 2558 unus
217 2503 344 2568 illorum,
358 2503 405 2575 qai
420 2504 551 2574 podagrae
565 2503 663 2558 morbo
676 2503 800 2574 graviter
813 2503 930 2558 vexaba-
970 2505 1016 2559 rit.
1040 2523 1053 2557 a
1072 2505 1104 2558 Et
1117 2504 1167 2558 ille
1183 2521 1189 2558 ε
1209 2521 1221 2554 a
1239 2503 1350 2558 Faciam
1366 2503 1417 2568 ita,
1433 2505 1546 2560 tametm
1560 2522 1610 2560 vos
1624 2522 1681 2562 non
1703 2523 1771 2579 prod

129 2601 187 2658 tur,
207 2593 288 2646 laetus
303 2593 382 2646 valde
397 2593 520 2656 ellectas,
536 2592 625 2647 socios
640 2593 693 2648 boc
706 2592 790 2646 modo
805 2593 926 2648 ellatur:
972 2593 1125 2649 meruistis.
1140 2613 1151 2642 a
1169 2592 1272 2661 Rediit,
1286 2593 1413 2648 narravit
1421 2599 1453 2647 et
1465 2593 1502 2648 ed
1518 2610 1644 2652 amorem
1658 2613 1773 2654 venere-

132 2682 270 2745 aNcntis,
287 2698 304 2736 o
322 2681 443 2745 sodales,
467 2688 573 2752 quanto
597 2681 699 2753 pedum
723 2695 849 2736 meorum
870 2687 930 2735 tor·
972 2682 1131 2752 bilishujus
1147 2681 1199 2737 loci
1212 2677 1331 2736 Rotnani
1344 2688 1462 2736 matrem
1477 2682 1621 2741 civitatum
1632 2686 1770 2754 accendit,

132 2788 222 2843 quear
235 2771 342 2834 dolore,
362 2775 389 2826 et
411 2785 495 2840 quam
515 2787 588 2841 saepe
603 2786 650 2824 vos
662 2770 827 2824 ollanderim
838 2769 867 2824 in
881 2769 932 2824 hoo
973 2776 1087 2840 totaque
1100 2769 1191 2836 ltalia,
1208 2786 1265 2840 qua
1279 2768 1438 2834 veniebant,
1453 2751 1538 2841 hnjud
1550 2771 1680 2828 ,mimoni
1693 2774 1772 2830 fama

132 2861 235 2916 itinere
249 2877 312 2916 mea
324 2859 466 2914 tarditate.
486 2859 565 2915 Unde
579 2859 711 2930 quoniam
725 2859 759 2914 ad
775 2859 854 2914 illam
865 2871 932 2914 san·
973 2858 1124 2928 pertonuit.

132 2955 211 3004 mum
224 2948 349 3019 Gargani
366 2954 499 3012 ruentem,
512 2947 584 3002 sicut
597 2960 808 3018 proposueram,
824 2963 932 3018 nequeo
1009 2947 1062 3002 Per
1077 2945 1151 3000 idern
1164 2949 1275 3016 tempus
1295 2945 1452 3017 imperante
1470 2947 1698 3020 Ottoneiuoiora
1712 2953 1771 3008 hu*

133 3039 308 3110 pertingere,
319 3037 443 3092 obtestor
457 3053 507 3108 per
520 3053 584 3091 earn
597 3051 680 3107 quem
694 3037 851 3091 sasimorum
867 3036 933 3090 iide-
971 3041 1064 3108 gusto,
1082 3035 1196 3107 quidam
1214 3034 1360 3102 nobilium,
1375 3037 1458 3107 Hugo
1472 3037 1595 3106 nornine,
1607 3039 1647 3095 de
1666 3042 1771 3096 ansr-

129 3129 200 3182 lium
218 3127 316 3181 dacem
333 3133 396 3196 post
415 3131 533 3180 mortem
548 3125 667 3180 mamare
680 3124 831 3188 credimus,
852 3131 884 3180 ut
896 3125 962 3190 pac
973 3125 1053 3180 neoni
1068 3124 1213 3190 comitatu,
1233 3140 1297 3178 cum
1318 3123 1431 3196 proprie
1449 3141 1548 3184 uxorei
1560 3171 1566 3184 .
1578 3171 1584 3184 .
1594 3155 1620 3186 a.
1639 3128 1772 3186 turbatur

129 3223 194 3272 caet
207 3216 277 3270 mihl
293 3216 393 3270 saltem
409 3215 483 3270 istud
496 3220 624 3270 sanctum
639 3213 792 3268 oratoriam
807 3213 847 3268 illi
858 3213 932 3268 dica·
973 3214 1122 3269 anxietate.
1139 3212 1289 3268 Nitebatnr
1304 3213 1431 3270 Petrum.
1442 3258 1449 3271 .
1461 3255 1481 3270 ..
1497 3231 1576 3286 spem
1602 3217 1771 3276 miserorum

130 3313 192 3360 tucn
214 3305 344 3367 invisere,
361 3319 481 3374 eumque
504 3309 535 3357 ut
548 3303 578 3358 in
590 3303 660 3357 hora
674 3303 765 3358 esitus
779 3303 816 3366 sit
830 3303 931 3358 animae
972 3303 1137 3373 lacrymosis
1149 3301 1278 3373 suspiriis
1302 3319 1354 3358 nec
1375 3319 1406 3358 se
1429 3304 1522 3374 palam
1541 3305 1725 3376 prodentibus
1738 3314 1771 3366 ut

130 3405 201 3449 meae
216 3392 355 3464 propitius
370 3403 484 3448 exorare
500 3409 506 3444 ε
520 3404 623 3463 vosque
634 3391 688 3463 ipsi
698 3397 748 3446 aut
758 3407 866 3446 mecum
880 3409 930 3462 pro
972 3393 1016 3448 sui
1040 3392 1223 3446 misereretur
1245 3391 1398 3456 inllectere,
1416 3393 1481 3463 quia
1499 3395 1659 3466 palpitabat
1674 3397 1772 3469 bagua

129 3489 226 3537 restra
252 3482 380 3536 mercede
405 3481 572 3544 ascendetis,
598 3489 647 3535 aut
672 3481 700 3534 in
724 3480 827 3534 montis
855 3481 931 3535 calce
972 3482 1047 3536 male
1058 3481 1229 3542 contusione,
1243 3497 1304 3551 qun
1318 3487 1465 3552 peccatum
1476 3484 1592 3540 celando
1602 3485 1673 3540 solet
1686 3501 1770 3544 areu-

130 3571 255 3626 reditum
269 3587 361 3624 cneum
374 3576 515 3624 maturum
526 3571 701 3640 exspectetis.
715 3572 765 3623 »At
775 3568 815 3623 illi
826 3569 854 3622 in
865 3585 928 3624 eum
973 3570 1091 3632 mulera,
1103 3575 1132 3624 et
1141 3569 1323 3624 erubescebat
1333 3569 1415 3625 fateri
1426 3572 1501 3642 quod
1515 3589 1570 3628 non
1582 3573 1771 3646 embaitpera
1849 3577 1853 3592 '

130 3661 256 3730 maligne
279 3661 485 3714 tumultuantes
500 3659 540 3712 ite
560 3659 601 3713 illi
617 3659 787 3728 exprobrant
803 3677 835 3711 ·.‹·
857 3657 930 3722 Quid
971 3667 1092 3728 patrare.
1102 3658 1226 3712 Tandem
1240 3665 1352 3714 coactus
1365 3660 1444 3714 uxori
1457 3661 1571 3732 suisque
1580 3662 1770 3720 circumsten-

129 3757 181 3814 est,
195 3749 385 3813 miserhomo,
402 3749 475 3820 qaod
492 3749 631 3820 loqueris?
641 3748 702 3812 Quo
714 3747 778 3802 nisu
791 3747 865 3800 vales
881 3764 931 3817 per
970 3748 1045 3802 tibus
1060 3765 1115 3818 quo
1130 3747 1302 3802 cruciaretur
1312 3748 1381 3819 igne
1397 3789 1521 3806 .....
1539 3788 1551 3806 ..
1572 3757 1601 3808 et
1614 3753 1770 3810 mnndum

128 3856 232 3910 aspera
254 3844 284 3894 et
305 3839 395 3894 ardua
413 3838 557 3903 scandere,
572 3838 620 3908 qui
643 3838 727 3908 plana
746 3837 796 3891 viae
820 3836 929 3890 laederis
971 3844 1032 3907 post
1046 3835 1230 3906 baptismum.
1243 3881 1249 3892 .
1261 3880 1284 3894 ..
1305 3836 1418 3907 quidem
1437 3839 1529 3909 prima
1547 3842 1770 3913 mecomprobat

128 3927 264 3998 planitie?
276 3926 394 3997 atiquo
406 3925 456 3988 vis,
470 3925 577 3988 insane,
587 3925 728 3995 dispereat
738 3925 785 3996 qui
796 3931 824 3978 te
835 3940 930 3994 exspe-
969 3931 1136 3996 apostatem,
1152 3925 1241 3979 hostis
1254 3924 1537 3982 abrenuntiationem.
1546 3929 1687 3992 Assentic,
1703 3947 1769 3986 oon·

127 4015 258 4072 ctaverit.
273 4016 372 4070 »inno
386 4015 444 4076 ille,
457 4015 568 4070 deserto
584 4014 718 4069 comitum
733 4012 926 4076 contubernio,
970 4016 1061 4080 fateor,
1082 4012 1259 4078 abrenuntio,
1280 4020 1309 4068 et
1327 4029 1343 4066 a
1361 4013 1439 4068 fonte
1456 4015 1555 4080 David,
1571 4017 1618 4086 qui
1638 4017 1666 4072 in
1686 4018 1768 4074 ablu·

127 4113 300 4177 sumptaque
318 4104 420 4160 fiducia
440 4121 473 4158 ex
487 4120 583 4158 amore
598 4103 769 4172 archangeli,
786 4102 859 4173 quod
875 4103 929 4156 im·
969 4105 1074 4160 nonem
1085 4109 1270 4157 menstruatae
1281 4108 1371 4172 patet,
1389 4115 1439 4174 per
1456 4103 1644 4160 ministerium
1659 4106 1766 4163 domin-i

127 4195 262 4265 possibile
281 4194 418 4266 putabant
431 4193 604 4264 aggreditur,
619 4199 647 4247 et
662 4191 751 4262 magis
762 4191 882 4262 genibus
902 4197 931 4246 et
970 4194 1026 4248 mei
1042 4192 1118 4248 Patri
1131 4191 1279 4246 consilium
1295 4192 1414 4262 requiro·
1432 4192 1498 4246 Hmc
1512 4194 1688 4263 querimonia
1702 4195 1766 4252 dul·

125 4283 262 4340 menibus
278 4283 425 4354 reptando,
440 4284 485 4336 vix
499 4283 612 4336 tandem
624 4281 813 4352 victoruptato
823 4281 930 4350 potitur
970 4283 1013 4338 cia
1025 4283 1158 4336 Romanae
1171 4280 1285 4351 pietatis
1302 4279 1408 4335 viscera
1419 4281 1567 4349 concussit,
1579 4287 1609 4338 et
1621 4288 1766 4340 tentemus

125 4372 280 4436 desiderio,
296 4373 461 4443 intransque
471 4371 615 4426 ecclesiam
628 4369 777 4426 uberrimis
788 4370 930 4424 humecta·
970 4371 1118 4428 eriminum
1135 4385 1199 4424 reus
1213 4369 1249 4424 de
1262 4369 1469 4426 constructione
1483 4370 1567 4425 unius
1579 4371 1704 4428 cenobii
1718 4373 1767 4430 ubi

126 4461 167 4516 vit
178 4461 272 4517 solum
286 4461 428 4532 lacrymis,
440 4466 469 4514 et
482 4463 557 4516 inter
567 4465 630 4514 vote
644 4466 673 4516 et
686 4475 792 4530 preces,
806 4475 876 4529 quas
895 4475 928 4512 ex
937 4451 962 4512 D
971 4460 1172 4531 perpetualiter
1181 4475 1198 4512 a
1208 4458 1352 4513 monachia
1361 4459 1418 4514 Deo
1427 4458 1575 4527 serviatur,
1586 4462 1767 4533 sponsionem

124 4552 232 4606 allecta
242 4550 343 4606 intimo
353 4549 496 4616 fundebat,
506 4549 625 4604 Domina
635 4550 752 4618 ejusque
761 4548 929 4618 scoliungelo
970 4548 1051 4616 fecit3
1068 4546 1242 4617 erigentibus
1254 4551 1315 4603 tam
1330 4552 1485 4603 memorato
1498 4562 1571 4620 pape
1585 4566 1669 4620 quam
1684 4551 1767 4607 mini-

123 4639 203 4710 quod
219 4639 257 4694 sit
271 4638 448 4694 derelictusa
459 4637 535 4700 viris,
548 4653 661 4708 suaque
675 4637 742 4691 lacit
757 4637 928 4692 mentionem
969 4639 1035 4695 stris
1050 4635 1219 4707 apostolicis.
1233 4635 1373 4707 Purgatus
1387 4635 1482 4708 itaque
1491 4637 1546 4692 tali
1559 4638 1725 4709 paenitentia
1739 4647 1768 4697 et

122 4726 314 4785 infirmitatis.
331 4729 451 4790 lateres,
469 4733 501 4782 at
514 4727 618 4782 assolet
632 4727 702 4793 lieri,
719 4743 777 4797 prm
791 4726 886 4781 labore
900 4730 930 4780 et
970 4726 1152 4784 confessione,
1167 4723 1209 4778 sic
1229 4723 1343 4778 demum
1366 4723 1466 4779 limina
1488 4735 1586 4782 sancta
1610 4723 1720 4800 ingredi
1739 4737 1768 4787 et

121 4817 267 4872 maestitia
279 4831 395 4872 somnus
409 4815 552 4871 hominem
567 4815 691 4886 corripit,
703 4821 732 4870 et
745 4823 809 4886 post
822 4815 931 4886 aliquot
970 4817 1062 4870 locum
1078 4813 1260 4884 vestigiorum
1276 4812 1385 4867 Domini
1405 4815 1559 4885 promissus
1574 4823 1616 4872 est
1635 4820 1765 4874 osculari.

120 4908 215 4961 horas
230 4921 330 4977 sopore
345 4906 463 4972 solutus,
475 4921 569 4960 coram
585 4905 667 4960 altari
685 4905 775 4959 sancti
785 4903 928 4960 Michaelis
970 4905 1004 4960 Et
1017 4905 1108 4958 facere
1121 4901 1245 4973 gestiens
1257 4899 1331 4973 quod
1344 4903 1522 4974 promiserat,
1534 4907 1569 4960 ad
1584 4908 1698 4978 propria
1710 4925 1767 4963 coe·

117 4999 157 5052 in
173 5001 272 5050 monte
281 4995 419 5051 nimirum
435 4995 556 5066 Gargani
573 5011 635 5050 sese
650 4997 783 5065 sospitem
802 5001 831 5048 et
851 4994 928 5048 inco·
970 4993 1086 5066 pitcum
1101 4991 1205 5062 gaudio
1220 4991 1340 5061 regredi.

116 5089 237 5142 lumem
252 5084 367 5140 incenit.
380 5087 491 5149 Quanta
501 5091 568 5140 tunc
582 5086 653 5140 flens
667 5083 845 5154 largituribi,
857 5099 930 5153 qam·
1007 5081 1134 5138 Emensis
1152 5080 1239 5150 igitur
1264 5080 1398 5151 longioris
1422 5083 1472 5138 viae
1490 5082 1596 5153 spatiis,
1617 5101 1681 5138 cunr
1701 5083 1766 5138 boici

115 5191 184 5248 que
199 5176 389 5245 lacrymarum
404 5192 459 5245 prm
468 5174 572 5245 gaudio
585 5174 689 5228 fuderit
703 5173 829 5236 hilarina,
841 5172 864 5226 si
875 5171 929 5224 vel·
971 5169 1101 5225 desiderii
1117 5169 1215 5240 plenus
1230 5185 1362 5223 unacum
1385 5187 1470 5226 uxore
1488 5171 1601 5240 suisque
1615 5169 1766 5241 Segusiam

114 5267 168 5320 let
193 5263 352 5334 exprimere
374 5263 514 5329 Tulliana,
540 5263 595 5318 nisi
620 5263 712 5326 fallor,
736 5261 930 5316 succumberet
971 5258 1099 5319 venisset,
1125 5263 1154 5312 et
1177 5258 1205 5312 in
1232 5257 1364 5311 familiari
1387 5256 1496 5328 sibique
1515 5265 1582 5314 nota
1599 5259 1684 5316 domo
1702 5277 1767 5316 oum

113 5351 272 5410 facundia.
285 5352 507 5423 Fortassisquod
524 5352 675 5424 loquimar,
689 5369 739 5422 pro
752 5351 796 5405 sui
809 5350 932 5404 novitate
972 5353 1066 5402 vetere
1088 5347 1178 5401 amico
1199 5347 1357 5417 hospitatus
1381 5351 1463 5410 sisset,
1488 5345 1524 5400 ab
1544 5347 1642 5402 eodem
1658 5350 1768 5420 hospite

114 5449 154 5498 et
172 5441 304 5496 miraculi
325 5441 521 5513 magnitudine
541 5441 656 5496 cuilibet
670 5441 797 5494 rideatur
810 5436 933 5494 irroredi-
973 5453 1058 5492 causa
1071 5425 1520 5506 familiaritatisdiligentercaepit
1531 5436 1635 5508 inquiri
1649 5439 1770 5510 qualiter

114 5532 206 5588 bile:
225 5529 287 5597 sed,
300 5545 322 5585 a
333 5535 369 5586 ta
384 5530 432 5602 qui
441 5530 512 5586 inde
526 5529 655 5600 ambigis,
671 5535 793 5584 veterem
810 5527 933 5582 Dennaba
975 5543 1087 5582 cursum
1103 5525 1241 5595 explesset
1249 5523 1361 5579 itinmis
1375 5523 1428 5578 sai.
1441 5523 1573 5582 Serintim
1579 5534 1772 5588 cunctaretu-

115 5619 286 5679 historiam
298 5635 356 5675 non
365 5623 394 5676 te
402 5619 498 5694 pigeat
507 5625 644 5689 retexere,
657 5623 686 5674 et
695 5634 750 5692 quo
760 5623 841 5690 pacto
851 5632 935 5688 ange·
975 5615 1019 5683 lit,
1034 5618 1063 5670 et
1076 5612 1214 5669 universe
1230 5612 1271 5668 rei
1287 5626 1372 5683 quam
1385 5611 1489 5686 prefati
1502 5631 1600 5672 sumus
1613 5616 1774 5680 mirabilem
1799 5675 1803 5682 .
