3872 6162
99 283 167 353 rus
615 285 824 356 censrnur.
846 283 1015 355 hlasana
1038 319 1070 342 a
1090 285 1158 355 ula.
1178 299 1215 356 11.
1666 289 1737 368 tolo

7 443 8 446 π
98 410 133 475 sit
149 420 300 491 opulens,
317 421 537 476 mantuanensis
553 425 680 479 sasima
690 421 816 481 carebis:
834 427 891 492 (on.
904 429 1019 496 aquam
1030 429 1083 478 aa
1097 428 1197 494 sponte
1209 417 1293 477 aemi
1306 413 1569 493 flagellansecrelu
1579 427 1735 500 asseruere

98 509 171 577 oar.)
183 509 324 565 etidcirco
335 509 432 574 laicus,
448 511 502 564 nisi
520 517 578 565 tam
595 520 732 584 provecte
745 514 837 569 aetatis
858 513 894 567 sit
935 515 967 568 in
978 515 1102 585 qualibet
1122 513 1309 586 processione,
1331 521 1392 585 qne
1405 515 1479 569 circa
1502 517 1545 571 iel
1560 519 1639 573 extra
1656 521 1735 576 tialr·

97 603 127 652 ut
140 599 202 653 sine
223 598 350 654 custodia
364 615 426 654 esse
446 599 543 671 possit,
560 617 651 673 neque
665 603 801 658 scholaris
824 619 895 675 puer
934 609 1024 657 strum
1038 604 1143 674 agitur,
1158 607 1176 656 a
1189 603 1305 658 custode
1319 617 1370 657 suo
1384 603 1408 657 si
1418 609 1462 658 est
1473 613 1633 674 conversus,
1649 609 1734 664 alicui

97 686 124 740 in
139 686 295 742 claustrum
308 688 475 759 suscipitur3
491 690 540 744 sed
563 691 587 744 si
611 708 657 746 res
681 691 723 746 ita
743 691 840 763 exigit,
863 698 895 746 ut
934 690 1059 747 litterato
1070 692 1190 746 maxime
1203 697 1437 763 proptercantum
1446 695 1651 763 commodatur,
1662 697 1736 752 sicut

98 776 173 830 nilo
185 777 269 830 moda
294 777 348 832 sibi
371 777 516 848 ingressus
529 779 663 851 denegari
678 783 778 846 valeat,
795 781 831 836 ad
846 781 896 835 ali·
936 786 965 834 et
978 782 1035 848 ille,
1056 781 1104 852 qui
1119 781 1262 834 custodem
1279 781 1365 835 habet
1378 781 1412 835 de
1427 782 1618 854 superioribus
1632 795 1731 854 unum,

98 866 181 935 qnam
196 855 296 920 celiam
311 866 444 933 mittitur,
461 875 606 939 quousque
632 870 667 923 ad
690 869 894 940 intelligibilem
937 870 984 941 qui
999 871 1036 924 sit
1047 869 1186 924 inferioris
1200 870 1317 936 ordinis,
1326 873 1621 929 estcommendandus.
1638 867 1734 931 Posito

97 957 206 1007 etatem
222 955 374 1025 perveniat.
392 956 447 1010 Sed
462 961 491 1010 et
504 957 544 1010 ilii
560 959 690 1024 maxime,
717 960 765 1030 qui
795 960 895 1014 nutriti
936 959 965 1012 in
981 960 1109 1014 custodia
1130 960 1247 1014 diacono
1275 960 1317 1013 vel
1340 960 1522 1029 subdiacone,
1546 963 1570 1016 si
1597 963 1652 1018 tale
1666 963 1734 1036 quid

97 1033 199 1096 contin
215 1034 394 1108 manando,
416 1045 440 1098 sl
465 1045 494 1099 in
513 1046 640 1102 moribus
654 1048 706 1102 viri
720 1063 782 1103 esse
796 1049 896 1103 nolue-
935 1048 1094 1119 contigerit,
1109 1051 1141 1102 ut
1156 1048 1191 1102 ad
1208 1047 1322 1102 missam
1338 1049 1431 1118 legere
1443 1051 1604 1120 nonpossit,
1620 1057 1735 1124 propter

98 1129 161 1194 riht,
178 1129 268 1186 virilis
288 1134 355 1188 aetas
369 1132 440 1187 nihil
464 1134 506 1188 eis
527 1126 673 1206 profuerit,
690 1139 721 1192 ut
736 1147 754 1191 a
768 1137 895 1192 custodia
935 1140 988 1194 hoe
999 1153 1050 1192 nec
1063 1135 1158 1202 verbo,
1174 1145 1225 1191 nae
1248 1137 1328 1206 signo
1343 1141 1515 1208 quemquam
1537 1140 1583 1193 sui
1612 1141 1734 1198 similem

97 1218 240 1276 solantur
256 1212 304 1276 :in
317 1231 381 1293 qua,
398 1224 445 1294 qui
470 1223 577 1294 positam
605 1225 701 1292 fuerit,
726 1227 850 1297 primum
865 1227 894 1281 in
935 1226 1067 1299 appellat,
1080 1230 1114 1280 ut
1126 1233 1177 1297 pro
1193 1239 1223 1280 se
1237 1225 1331 1295 legat3
1348 1226 1396 1280 sed
1417 1228 1478 1297 ejus
1491 1229 1600 1283 custodi
1616 1241 1679 1285 cum
1694 1233 1735 1288 tle-

97 1307 261 1364 dormitmio
274 1310 363 1365 iectus
382 1312 446 1382 ejus
464 1317 508 1367 est
532 1321 618 1385 prope
642 1315 746 1370 lectum
770 1315 893 1370 custodis
935 1314 1066 1369 stimonio
1076 1315 1120 1370 sui
1131 1314 1255 1369 custodis
1269 1329 1329 1368 rem
1343 1315 1501 1380 innotescit,
1518 1319 1551 1370 ut
1564 1317 1645 1373 tratri
1659 1321 1735 1390 ejus·

98 1397 193 1460 sai,ad
205 1407 290 1468 quern
300 1399 406 1471 absque
417 1400 466 1455 ille
481 1415 532 1455 nec
557 1403 666 1457 accedit
690 1411 825 1474 unquam,
842 1415 895 1459 neu
935 1406 1000 1460 dem
1014 1404 1121 1458 ordinis
1143 1405 1275 1474 loquatur
1293 1419 1344 1474 pro
1354 1404 1546 1460 vicissitudine
1561 1407 1683 1477 legendi.
1698 1409 1736 1462 ht

96 1485 208 1540 rendit.
233 1485 268 1542 in
281 1493 362 1544 noem
390 1500 454 1544 veru
479 1503 647 1563 quocunque
669 1493 824 1559 incesserit,
851 1495 894 1548 vel
936 1495 959 1549 si
971 1495 1024 1548 hoc
1038 1497 1166 1564 tempore
1181 1503 1237 1547 non
1255 1493 1383 1560 voluerit,
1399 1495 1537 1549 maturius
1549 1496 1683 1551 admonet
1692 1503 1736 1550 ar·

98 1575 259 1630 manante
271 1579 496 1649 completorium,
528 1581 552 1634 si
576 1581 658 1635 sclito
683 1582 774 1636 serius
797 1583 891 1648 fuerit,
935 1583 1068 1646 marium,
1083 1582 1366 1653 utipsetempestive
1383 1583 1527 1652 provideat
1555 1583 1601 1638 eui
1624 1584 1736 1655 legendi

98 1665 211 1737 vapra
223 1665 359 1733 muitum,
374 1667 399 1722 si
409 1668 479 1723 adeo
494 1681 577 1724 mune
596 1671 659 1736 erit,
676 1671 711 1724 ad
728 1670 893 1726 mandatnm
935 1681 1038 1725 munus
1054 1670 1193 1740 injungat.
1211 1670 1347 1724 Lecturus
1362 1673 1457 1724 autem
1472 1679 1552 1726 aeuo
1566 1673 1682 1727 custode
1699 1674 1736 1728 ad

98 1755 287 1824 qauquasieo
297 1756 412 1828 indiget,
425 1757 498 1813 sicut
507 1773 580 1829 saepe
593 1759 623 1812 in
632 1760 733 1830 hyeme
744 1761 924 1843 contingit,B
934 1758 1097 1812 vestiarium
1109 1763 1153 1811 est
1167 1757 1321 1822 ducendus,
1336 1763 1365 1811 et
1374 1765 1425 1828 per
1434 1758 1600 1828 adjuvamen
1621 1760 1736 1816 scruta

98 1847 187 1912 portat
199 1849 266 1898 ante
277 1854 308 1898 se
321 1844 593 1910 laternam,custade
604 1848 894 1918 praevidenteutcan-
934 1853 998 1900 ram
1011 1846 1181 1901 vestiendus.
1194 1846 1285 1910 Quem
1305 1849 1334 1901 et
1350 1845 1434 1900 alicui
1456 1846 1495 1901 ibi
1513 1845 1734 1905 ministrahtl'uiii

98 1929 185 1985 delata
198 1932 303 1988 nubea
316 1941 445 2005 semper:
459 1932 489 1988 in
504 1934 650 1990 refectorio
662 1948 725 1990 eam
740 1937 894 2007 exstinguit
934 1935 1096 2002 committit,
1112 1935 1280 2006 usquedum
1296 1939 1410 2006 peracto
1422 1941 1473 1990 suo
1486 1936 1578 1992 cilicio
1591 1932 1695 1994 italam
1704 1941 1735 1995 sa

98 2025 125 2074 u
138 2029 223 2091 super
241 2011 396 2077 scabellum
409 2023 512 2093 pedum
523 2031 638 2078 suorum
654 2025 743 2097 ponit.
757 2023 798 2079 lbi
817 2041 893 2080 sem·
934 2023 1090 2078 disvestiat.

99 2117 145 2178 per
159 2108 197 2164 ita
209 2110 364 2165 intermixti
378 2121 440 2166 esse
448 2111 552 2166 debent
559 2113 685 2182 juvenes,
702 2119 735 2168 ut
743 2114 894 2169 interduos
972 2113 1082 2183 Singuli
1097 2118 1192 2167 autem
1206 2113 1287 2176 talea,
1300 2113 1324 2166 si
1335 2114 1378 2180 (ut
1387 2113 1498 2182 dieitur)
1512 2113 1735 2185 teigoiibastuie

96 2198 218 2266 meante,
229 2197 281 2254 alii
294 2199 350 2254 duo
364 2200 466 2256 iratres
476 2198 601 2266 sedeant,
620 2209 653 2256 aa
678 2191 785 2257 scilicet
797 2209 892 2270 eausa,
935 2193 1074 2256 voluerint
1088 2217 1149 2256 esse
1163 2202 1331 2266 consultum,
1355 2205 1423 2256 tunt
1438 2207 1617 2274 summopere
1626 2205 1734 2271 camni,

99 2292 128 2340 ut
141 2287 166 2340 si
176 2287 247 2342 torte
261 2305 335 2343 unus
345 2289 480 2356 discedat,
496 2291 569 2345 aiter
584 2297 737 2346 remaneat.
934 2290 963 2344 in
979 2290 1056 2344 omni
1068 2290 1139 2357 loco,
1158 2307 1193 2345 ne
1205 2289 1310 2361 absque
1322 2290 1476 2346 mediatore
1490 2291 1668 2360 stehtsimul,
1686 2293 1737 2348 aut

130 2376 230 2430 Custos
250 2378 275 2432 si
293 2387 358 2432 eum
368 2379 481 2433 duxciit
495 2379 530 2434 ad
541 2382 723 2446 necessarias,
744 2385 893 2452 postquam
934 2379 1060 2446 sedeam,
1073 2380 1155 2435 uelse
1165 2381 1326 2436 adinvicem
1336 2380 1463 2452 pingant,
1474 2385 1524 2436 aut
1534 2383 1736 2437 vestimentum

98 2463 588 2539 ipsennerent,1ugtnrqnidem‚
608 2470 658 2524 sed
683 2470 808 2524 modeste
829 2475 894 2524 eam
935 2469 1029 2540 aliquo
1054 2469 1138 2524 modo
1152 2473 1282 2540 tangant,
1298 2473 1328 2524 et
1341 2475 1374 2524 ut
1387 2475 1532 2541 nunquam
1557 2471 1630 2526 alt'er
1652 2471 1736 2527 allati

98 2552 229 2620 manua,
241 2563 491 2628 quantumcunque
505 2563 533 2612 et
547 2559 657 2612 laterna
666 2563 720 2614 stet
735 2565 801 2613 ante
816 2571 893 2614 eum.
932 2557 1030 2628 juveni
1043 2557 1102 2612 sive
1117 2559 1145 2612 in
1158 2559 1286 2613 custodia
1301 2557 1391 2629 posito
1405 2559 1462 2614 sire
1477 2573 1542 2625 non,
1556 2557 1669 2632 aliquod
1680 2561 1736 2632 sig-

99 2641 237 2698 Slreioia
256 2650 338 2701 tracte
350 2653 421 2716 opus
435 2645 566 2702 habuerit
583 2663 711 2718 surgere.
733 2648 835 2702 excitat
844 2663 894 2702 cu·
935 2661 1004 2700 num
1018 2647 1061 2700 vel
1088 2647 1174 2701 etiam
1193 2646 1308 2701 nutibus
1333 2649 1479 2702 oculorum
1503 2647 1602 2712 iacere,
1628 2650 1672 2704 vel
1698 2646 1736 2705 ad

98 2731 213 2797 tndem,
230 2733 378 2803 capitalem
392 2734 434 2787 vel
448 2734 555 2805 aliquid
569 2735 604 2790 de
628 2736 808 2808 operimentis
833 2737 894 2806 ejus
936 2742 1000 2790 aum
1012 2734 1168 2802 subridere,
1184 2736 1227 2790 vel
1236 2735 1359 2806 aliquam.
1370 2736 1590 2791 familiaritatem
1600 2738 1735 2794 simulare

98 2821 253 2890 emutio,
270 2823 396 2878 accendit
421 2824 481 2896 ipsc.
495 2827 633 2880 laternam
648 2825 893 2896 supergressae
933 2829 1095 2896 praesumat,
1107 2813 1251 2878 autetiam
1275 2824 1314 2878 sic
1333 2824 1438 2890 sedeat,
1465 2826 1498 2878 ut
1519 2823 1591 2880 aiter
1613 2825 1735 2882 alteiuih'

99 2911 240 2976 oessarias,
253 2917 306 2965 nee
319 2918 385 2967 ante
399 2925 416 2967 a
430 2915 544 2970 custode
552 2914 836 2985 exstinguitur,quam
844 2915 893 2969 ille
935 2913 1021 2967 versis
1036 2913 1201 2967 adinvicem
1216 2910 1339 2967 vultibus
1354 2913 1458 2968 intueri
1472 2914 1571 2968 valeat.
1584 2915 1658 2970 Nam
1673 2913 1735 2970 hcet

99 3000 255 3056 collocetur.
271 3002 334 3056 alio
356 3003 443 3058 etiam
467 3009 594 3075 tempore
617 3004 677 3075 ipse
694 3005 807 3075 juvenis
829 3021 912 3059 eam.
934 3004 963 3055 ct
976 3001 1031 3055 alia
1045 3001 1207 3071 hujusmodi
1220 3002 1413 3072 unusquisque
1437 3002 1467 3056 in
1486 3003 1651 3058 alterumeri
1666 3011 1736 3061 con*

99 3095 205 3160 semper
213 3091 342 3145 mandit
351 3097 380 3146 et
391 3093 553 3164 exstinguit,
573 3093 627 3147 nisi
651 3097 714 3165 post
737 3061 1238 3166 completo-Gsuetudinereclamat.
1254 3091 1400 3144 Reclamat
1428 3097 1539 3163 qtl'uque
1561 3093 1591 3147 in
1612 3093 1734 3180 quandia

99 3178 166 3233 Μ
182 3183 211 3234 sq
226 3183 290 3251 poss
304 3182 475 3238 matutinum
491 3200 495 3238 ς
511 3184 892 3238 tuncaeustodeestaoeen.
932 3177 980 3232 bet
994 3178 1217 3234 familiaritatem
1239 3179 1363 3250 aliquam
1381 3180 1417 3234 ad
1440 3195 1470 3234 se
1495 3180 1657 3246 habentem,
1687 3183 1731 3239 vei

99 3266 195 3328 danda,
211 3263 362 3339 aequande
387 3285 417 3326 se
440 3272 590 3326 recollocat
613 3263 649 3326 ad
681 3271 891 3337 dormiendum,
933 3263 1086 3337 quidquam
1101 3281 1165 3321 cum
1178 3275 1210 3321 eb
1225 3267 1387 3338 loquentem
1399 3269 1514 3324 eudoxie
1527 3273 1580 3325 sub
1599 3273 1655 3326 noir
1673 3281 1731 3328 aua

98 3355 195 3411 aarum
209 3359 425 3429 exstinguenda,
440 3361 470 3416 sq
483 3371 548 3416 eum
571 3362 601 3416 in
624 3359 769 3415 ecclesiam
796 3356 839 3415 vel
863 3361 892 3415 ln
933 3355 1036 3410 diente.
1049 3355 1199 3411 custodem
1211 3359 1275 3410 vero
1290 3355 1325 3410 de
1344 3357 1398 3410 hoc
1416 3359 1528 3412 tantum
1548 3349 1735 3428 inclamatsi

99 3445 404 3514 miectorinmduxeiit,
428 3457 485 3504 non
503 3467 568 3506 eum
585 3446 699 3520 deserit,
720 3450 891 3521 usquedum
933 3457 996 3498 euni
1012 3443 1074 3498 sine
1087 3443 1214 3498 custodia
1228 3444 1355 3510 dimittit,
1372 3445 1413 3498 vel
1423 3446 1448 3499 si
1461 3457 1547 3517 quam
1561 3447 1591 3502 in
1605 3457 1671 3504 euni
1682 3461 1730 3505 au⁴

99 3535 167 3589 sitin
181 3537 332 3607 prasentia
344 3545 508 3594 conventus.
524 3539 554 3595 Si
568 3544 682 3594 notatus
697 3538 826 3594 tueritad
844 3555 890 3594 eo·
932 3533 1089 3588 stbdtaiem
1105 3539 1223 3599 &lemeis
1250 3533 1299 3588 Ubi
1324 3533 1530 3590 humanitatem
1549 3536 1576 3591 θὶ
1600 3537 1733 3595 tihibttt

99 3625 218 3693 quinam,
236 3631 302 3681 ante
315 3628 440 3683 sonitum
454 3645 511 3683 non
525 3627 642 3683 venitin
657 3643 730 3682 eam,
742 3627 813 3683 eum
826 3629 891 3683 nul·
931 3622 1056 3678 deberet.
1077 3623 1181 3677 Carere
1197 3621 1282 3676 habet
1292 3622 1485 3694 unusquisque
1495 3641 1603 3695 eorum,
1618 3629 1687 3699 quin
1702 3628 1733 3684 in

100 3713 187 3768 italio
197 3714 252 3768 nisi
266 3723 330 3770 edm
347 3715 463 3772 custode
477 3719 549 3772 hanc
573 3717 656 3772 debet
669 3717 771 3782 facere,
795 3717 842 3788 qui
863 3723 890 3771 nt
931 3712 1127 3766 claustroctlm
1141 3711 1255 3776 tabuiis,
1272 3711 1313 3765 ilii
1326 3711 1420 3782 gldiia
1433 3713 1729 3786 scribendieoncessis,

99 3811 157 3856 eum
169 3803 321 3874 diligenter
336 3804 374 3860 ibi
385 3811 414 3860 et
424 3806 527 3877 ubique
540 3804 625 3861 debet
639 3807 789 3871 custodire,
807 3819 839 3860 ac
855 3805 889 3860 dc
931 3818 948 3855 a
963 3802 1098 3856 circatore
1113 3800 1322 3866 obambulante,
1338 3802 1508 3874 easdemque
1520 3805 1631 3860 tabulas
1646 3805 1733 3880 inspi-

97 3893 272 3963 negligentiis
289 3895 347 3948 suis
363 3895 471 3966 jugiter
484 3897 676 3968 proclamare;
701 3895 776 3967 quia,
805 3895 889 3966 quid·
930 3891 1030 3950 ciente.
1043 3889 1149 3961 aliquid
1159 3889 1390 3962 taleinscriptum
1400 3891 1489 3962 possit
1502 3893 1661 3964 inuenirim
1675 3906 1731 3970 quo

97 3979 159 4050 quid
172 3995 207 4036 eo
217 3981 354 4053 presente
378 3980 538 4056 deliquerit,
554 3989 647 4040 totum
661 3985 702 4040 illi
720 3983 887 4055 imputatur,
929 3978 1032 4049 dignus
1046 3978 1084 4032 sit
1098 3977 1254 4032 inclamari.
1267 3977 1323 4032 Sed
1333 3981 1375 4032 est
1385 3979 1530 4068 sciendum
1546 3981 1621 4053 quod
1635 3983 1731 4041 nullus

96 4067 164 4123 siah
176 4077 211 4124 eo
221 4075 306 4142 asper
320 4072 373 4126 hoc
391 4079 448 4128 hon
462 4071 639 4128 inclamatur.
656 4073 699 4128 Ad
713 4075 772 4128 tres
783 4073 888 4127 oratio·
930 4075 1027 4122 eorum
1043 4075 1166 4132 carnem,
1185 4063 1241 4120 nisi
1258 4063 1328 4120 adeo
1349 4065 1488 4135 infirmus,
1512 4069 1595 4124 debet
1609 4068 1731 4128 manuue

97 4163 150 4220 des
171 4159 380 4230 quentellus
393 4166 459 4217 ante
472 4167 633 4230 nocturnos,
650 4167 678 4216 et
692 4163 727 4218 ad
742 4162 815 4228 illas,
827 4173 888 4233 qun
929 4173 1002 4221 care,
1029 4170 1120 4226 neque
1144 4151 1283 4220 balneare,
1315 4153 1373 4208 sive
1395 4156 1563 4226 sanguinem
1590 4160 1729 4218 minuere.

97 4251 157 4301 m
175 4248 298 4318 pfimqffi
324 4249 365 4305 seq
387 4255 453 4307 ange
466 4253 590 4319 gestiam,
607 4255 636 4306 θα
659 4256 723 4324 post
735 4251 889 4323 oempletoa
930 4243 1010 4308 Quod
1020 4243 1044 4298 si
1054 4243 1137 4298 alicui
1148 4251 1198 4314 pro
1209 4243 1374 4297 infirmitate
1385 4244 1548 4300 conceditur
1561 4249 1728 4322 sanguninem

95 4321 164 4390 dum
178 4337 308 4406 hamati
323 4337 451 4396 litaniam
462 4351 573 4413 quoque
590 4345 654 4413 post
668 4341 799 4412 primam,
813 4355 889 4394 nun·
930 4331 1114 4400 minueraad
1130 4332 1284 4403 proximam
1306 4331 1404 4386 horam
1423 4336 1535 4406 accepta
1557 4343 1621 4392 cum
1646 4339 1728 4410 sign'o

96 4436 175 4493 quam
191 4427 228 4480 ab
249 4425 368 4483 mnam
394 4436 577 4501 separantem
594 4431 643 4485 sed
657 4429 710 4484 sub
725 4429 823 4484 litania
838 4405 1077 4483 cu-liminuenui
1088 4421 1203 4476 licentia
1213 4420 1242 4475 in
1257 4419 1393 4475 minorem
1413 4422 1529 4477 chorum
1547 4425 1661 4495 secedit,
1678 4425 1730 4485 ibi-

95 4514 212 4570 stoditas
225 4515 345 4586 imetad
359 4517 502 4573 sinistram
512 4516 645 4574 custodis.
664 4517 693 4574 Si
705 4518 815 4589 juvenis
832 4523 889 4572 stat
929 4519 983 4584 que
997 4525 1085 4584 usque
1099 4511 1128 4564 in
1143 4509 1218 4565 diem
1238 4510 1355 4564 tertium
1379 4511 1512 4581 persistit.
1535 4514 1669 4572 attamen
1691 4513 1727 4574 ad

94 4600 121 4654 in
133 4609 191 4658 uno
201 4604 297 4672 chale,
312 4611 341 4661 et
355 4609 448 4662 castos
462 4609 492 4662 in
506 4607 605 4675 altero,
626 4608 738 4680 juvenis
762 4606 845 4662 debet
858 4607 888 4660 in
927 4608 986 4657 tres
996 4601 1137 4656 orationes
1157 4599 1443 4672 postcompleborium
1456 4607 1485 4655 et
1498 4602 1533 4657 ad
1548 4603 1727 4665 intervalium

93 4691 443 4766 maausngulavigilara,
455 4693 887 4768 quandodeiunctumhabemu's.
930 4690 1095 4746 nocturnale
1109 4689 1138 4743 in
1153 4687 1254 4760 majori
1281 4689 1367 4743 choro
1391 4705 1424 4743 ex
1442 4693 1645 4752 consuetudine
1669 4707 1727 4754 non

126 4781 244 4844 Quando
270 4782 432 4854 precentur
457 4786 493 4841 ad
518 4793 621 4858 aquam
647 4781 835 4852 benedictam,
852 4783 888 4840 ad
929 4777 1110 4846 dealitatis.
1124 4777 1243 4832 Mariam
1259 4785 1370 4848 quoque
1386 4779 1487 4834 sedens
1510 4780 1539 4836 in
1561 4797 1612 4839 suo
1629 4785 1726 4845 ordine
1833 4787 1839 4799 “

93 4871 317 4926 communionem
332 4879 361 4928 et
372 4873 407 4928 ad
422 4875 638 4947 processionem,
664 4875 688 4930 si
706 4873 808 4930 diuersi
822 4877 889 4929 sunt
929 4885 986 4924 non
999 4869 1115 4923 indutus
1129 4865 1245 4937 capello,
1261 4865 1310 4920 sed
1321 4869 1557 4940 quantumpotest
1566 4867 1727 4932 oculostam

92 4955 119 5012 ih
133 4959 242 5027 ordine,
258 4959 459 5019 &audiendus
472 4963 599 5020 ascendit
619 4963 662 5019 vel
678 4961 831 5032 descendit,
844 4975 891 5019 cu*
929 4965 991 5014 tum
1004 4964 1101 5014 tuetur
1113 4971 1131 5010 ἃ
1144 4947 1259 5010 lumine·
1276 4954 1306 5009 Si
1315 4960 1411 5010 autem
1425 4956 1481 5012 alio
1491 4965 1618 5032 tempore
1630 4963 1670 5020 ita
1680 4967 1725 5021 in-

93 5049 292 5105 aosnemnon
308 5056 400 5106 mutat
425 5051 554 5108 ordinem
582 5061 675 5120 suum,
695 5051 750 5109 nisi
775 5049 890 5125 propter
930 5051 1069 5111 firmatur,
1087 5052 1120 5102 ut
1146 5044 1181 5099 ad
1205 5045 1376 5098 matutinum
1405 5047 1558 5116 perdurare
1590 5061 1721 5123 nequeat,

92 5134 169 5192 iiiam
183 5137 233 5209 qai
246 5135 319 5195 torre
329 5147 380 5213 pro
395 5133 491 5216 aliquo
505 5151 619 5200 elicessu
635 5143 664 5198 in
680 5144 780 5199 ultimo
791 5149 890 5215 estpo·
930 5139 996 5193 item
1008 5131 1248 5208 persemetipsum
1267 5131 1408 5188 licentiam
1422 5135 1531 5206 qnaerit,
1544 5137 1611 5212 etin
1622 5137 1723 5211 pradi-

93 5226 172 5280 sltus,
190 5223 270 5292 eam
284 5229 307 5284 si
321 5229 384 5302 quis
401 5235 588 5304 promeretur,
611 5231 738 5305 quamvis
759 5233 889 5287 cumdem
930 5231 1006 5282 ctum
1021 5227 1136 5280 chorum
1146 5223 1267 5289 vadit,et
1277 5221 1440 5294 insequenti
1450 5229 1545 5279 tamen
1556 5223 1601 5281 die
1611 5233 1726 5302 propter

93 5315 507 5388 ordintmperomhiahabcat,
524 5323 572 5394 qui
587 5318 621 5376 de
636 5317 736 5376 ultimo
752 5311 890 5392 supradi·
931 5315 1101 5371 hocveniam
1116 5324 1172 5367 non
1184 5313 1262 5384 petit.
1284 5312 1313 5366 Si
1333 5327 1397 5366 uero
1422 5314 1451 5366 in
1473 5330 1506 5367 ea
1527 5323 1606 5390 nocte
1621 5319 1655 5372 ad
1676 5318 1726 5376 aii·

93 5400 153 5458 aas
179 5408 231 5472 est,
248 5407 385 5477 maioris
400 5411 487 5481 eulpae
503 5411 721 5466 tamenvirrculo
744 5417 889 5480 nunquam
933 5405 1007 5478 quod
1022 5401 1289 5475 responsoriumest
1303 5406 1425 5465 roudus,
1442 5401 1471 5455 in
1485 5403 1679 5472 maiorichoro
1693 5411 1727 5464 il-

10 5497 11 5500 ’
93 5491 317 5565 musti-higitnr3
337 5497 386 5552 sed
395 5501 493 5554 statim
506 5507 540 5555 ut
552 5497 608 5556 tale
620 5499 688 5572 quid
707 5497 887 5565 eammlserit,
931 5491 1067 5550 ludeanit
1081 5485 1110 5546 et
1125 5489 1272 5544 confestim
1295 5488 1376 5547 redit.
1403 5487 1450 5542 sed
1466 5497 1612 5564 numnam
1631 5503 1726 5556 tamen

92 5579 203 5664 *ribbi
213 5577 246 5643 tt
258 5576 357 5644 sums
365 5577 529 5647 urbalibus
540 5579 701 5663 torridam.
722 5581 793 5646 ideo
815 5591 890 5644 datr·
932 5587 1066 5657 quartum
1075 5577 1128 5635 aut
1138 5579 1269 5634 caurum
1279 5577 1490 5649 responsorium
1497 5583 1604 5652 canat,
1611 5581 1665 5642 nisi
1671 5587 1729 5648 sint
