4046 6186
159 347 230 407 rtet

160 473 227 530 lstis
242 472 448 546 quadrupedes,
465 473 550 530 simul
560 478 725 532 emissarius
740 479 837 547 addes,

157 562 209 618 Est
223 580 324 618 manus
341 580 460 634 magnus
472 566 575 621 dextrae
589 566 745 622 dextrarius
759 576 851 639 aptus.

157 653 254 708 Redde
269 658 403 718 vectores,
418 671 469 709 nos
484 657 603 711 dicimus
620 675 680 711 esse
695 659 818 712 veredes.

156 741 283 796 Dicimus
298 743 450 809 eunuchos,
467 749 613 811 castratos,
631 745 688 798 sivo
702 746 851 815 spadones,

158 830 187 885 Si
204 831 278 902 quod
294 837 414 885 metrum
434 831 508 886 sinet
522 834 565 886 his
580 834 774 888 cuintitulatus
784 835 813 890 in
829 837 908 894 istro.

158 921 303 974 Castratos
317 925 420 974 natura
433 921 508 980 lacit.
525 923 646 977 violenta
655 925 794 994 spadones

157 1007 249 1064 Efficit
262 1009 437 1081 improbitas,
445 1011 589 1065 eunuchos
605 1013 664 1066 sola
674 1013 813 1069 voluntas.

157 1097 279 1153 Vocibus
292 1098 336 1154 his
353 1114 452 1153 sensus
468 1099 625 1154 verbalibus
639 1101 697 1154 acci
719 1102 741 1156 it
750 1118 841 1157 unus:

157 1186 337 1258 Gonjecturo,
350 1204 422 1254 reor,
438 1189 482 1242 vel
492 1189 621 1259 conjicio,
637 1191 679 1244 vel
695 1193 804 1260 opinor,

158 1275 299 1344 Autumo,
312 1278 448 1347 conjecto,
459 1277 502 1330 vel
516 1279 652 1349 suspicor,
667 1280 786 1344 aestimo,
802 1282 894 1336 credo.

157 1364 252 1432 Fossa,
273 1381 388 1435 specus,
410 1365 498 1432 fovea,
523 1367 672 1438 spelunca,
693 1384 819 1435 caverna,
845 1371 887 1425 vel
908 1389 957 1426 an-

784 1458 882 1529 [uum.

158 1540 259 1597 Scrobs
273 1542 378 1598 scrobis
402 1549 445 1599 est
469 1545 559 1612 fovea,
585 1545 634 1600 sed
660 1545 740 1600 scobs
764 1547 854 1603 scobis
868 1551 958 1605 utitur

886 1640 953 1710 [ille.

156 1721 256 1786 Traco,
266 1725 418 1788 anfractus,
435 1739 518 1778 cavus
532 1723 577 1778 his
589 1723 710 1779 addatur
721 1724 847 1797 abyssus,

155 1811 238 1867 Unde
252 1814 342 1867 lluunt
353 1813 466 1876 imbres,
478 1813 540 1867 coeli
555 1821 707 1874 cataracta,
723 1821 841 1872 oreatus

156 1902 340 1973 Maneipium,
354 1904 486 1966 seruulus,
499 1909 527 1958 et
545 1905 642 1967 cliens,
657 1913 684 1958 et
704 1921 789 1958 verna
815 1906 952 1976 minister,

157 1991 254 2061 Atque
270 1992 453 2058 ministrator,
466 2011 544 2063 puer.
556 1993 670 2054 assecla,
687 1995 811 2057 vernula,
828 2013 933 2052 servus.

157 2080 277 2151 Satrapa
291 2082 430 2152 praexlxotis
446 2083 635 2152 conjungitur.
649 2088 734 2152 atque
754 2085 875 2138 satelles.

156 2169 316 2232 Cancellus,
333 2186 426 2241 porus,
444 2172 530 2230 forus,
544 2179 628 2241 atque
641 2171 773 2230 fenestra,
790 2173 925 2228 toramen.

155 2257 317 2313 cancellum
329 2259 402 2312 muri
417 2260 584 2330 quadratum
596 2260 657 2313 dico
668 2262 804 2327 toramen,

157 2345 193 2400 In
207 2365 262 2418 quo
276 2353 343 2402 sunt
354 2349 442 2402 solitas
458 2348 510 2402 sibi
523 2348 664 2403 nidificare
678 2350 822 2404 columbae.

157 2436 306 2491 cancellus
318 2437 414 2508 templi
426 2454 491 2508 pars
502 2439 602 2492 intima
612 2438 716 2492 dicitur
729 2457 800 2493 esse.

159 2525 210 2580 Est
223 2526 376 2580 cancellare
392 2527 466 2597 quod
479 2544 590 2598 semper
602 2527 762 2586 damnanda
777 2535 892 2584 notare:

159 2615 281 2669 Nomina
294 2631 344 2686 per
359 2617 479 2670 medium
496 2617 570 2687 quod
584 2617 679 2687 signat
691 2618 765 2672 linea
780 2619 874 2686 ducta,

156 2703 239 2768 Quod
252 2705 325 2758 male
344 2705 447 2776 scripta
456 2705 531 2766 linit,
546 2706 613 2760 hinc
627 2707 810 2761 cancellarius
823 2708 890 2762 exit.

154 2791 189 2847 In
204 2809 286 2847 cruce
301 2794 438 2848 cancellat
450 2811 501 2865 pro
516 2793 596 2849 nohis
611 2795 726 2848 brachia
739 2797 879 2851 Christus

154 2881 272 2953 Raptor,
286 2883 329 2936 vel
346 2884 450 2954 praedo,
465 2884 547 2939 latro.
564 2885 750 2951 latrunculus,
768 2885 865 2956 etfur,

154 2971 227 3025 Sunt
241 2977 270 3025 et
284 2972 441 3036 stratilites,
455 2973 557 3044 abigei,
573 2974 749 3044 vespiliones.

153 3059 291 3136 Tempore
307 3066 445 3116 nocturno
458 3061 503 3115 lux·
518 3062 619 3122 aufert,
637 3062 708 3116 latro
720 3061 840 3130 diurn03

157 3147 275 3219 Vispillo
290 3150 369 3219 quasi
386 3148 409 3202 vi
425 3149 547 3221 spolians
561 3151 594 3204 de
605 3152 670 3221 jure
684 3157 818 3220 voratur;

151 3237 227 3301 Qnos
241 3238 312 3291 clam
327 3238 472 3292 stratilites
488 3240 567 3310 quasi
580 3247 669 3294 strata
684 3239 745 3294 dico
760 3242 896 3306 latentes3

154 3325 209 3392 Qui
224 3342 310 3396 pecus
324 3333 353 3380 et
362 3328 482 3398 pecudes
502 3328 619 3397 abigunt
633 3334 698 3383 suut
713 3329 822 3399 abigei,

153 3412 348 3484 Raptoresque
363 3414 449 3468 maris
461 3415 565 3485 pirates
581 3433 692 3486 quoque
708 3417 827 3470 dicimus
841 3433 913 3470 esse.

151 3501 294 3559 Gratulor.
312 3504 415 3566 exulto,
432 3505 575 3575 laetorque,
589 3505 756 3575 plaudoque,
774 3505 889 3567 resulto,

151 3589 267 3644 Gaudeo
279 3591 411 3662 tripudio.
427 3592 471 3645 vel
485 3608 544 3645 ovo,
562 3609 624 3646 cum
637 3593 735 3661 jubilo,
751 3594 849 3665 psallo.

150 3679 302 3738 iucundor.
319 3680 404 3734 simul
420 3681 553 3746 exhilaro,
571 3683 609 3735 sit
621 3683 650 3736 in
666 3683 709 3736 his
721 3685 866 3737 hilaresco.

150 3766 268 3825 Gladius
283 3769 429 3840 rumphea,
443 3771 485 3823 vel
501 3770 615 3832 tramea,
631 3771 671 3824 vel
687 3789 792 3834 mucro,
805 3772 847 3826 vel
861 3771 944 3835 ensis,

148 3855 276 3910 Additur
290 3857 333 3912 his
348 3859 414 3916 sica.
431 3859 548 3914 sicarius
560 3859 615 3913 exit
629 3860 665 3913 ab
675 3861 732 3914 illa.

149 3944 199 3998 Est
209 3946 300 4009 stilus,
318 3953 346 4000 et
355 3947 514 4018 graphium.
526 3949 650 4003 calamus
661 3949 843 4021 scriptoribus
853 3956 945 4022 aptus.

148 4032 246 4104 Atque
262 4035 407 4106 pugillaris
420 4037 511 4090 dictus
525 4038 652 4108 capiente
668 4039 783 4108 pugillo.

149 4120 257 4176 Gibbus
272 4123 317 4177 vel
330 4129 440 4177 struma
454 4126 566 4195 proprie
582 4141 647 4196 pars
661 4127 774 4196 turgida
783 4126 868 4180 dorsi.

148 4207 230 4264 Illinc
243 4210 386 4280 gibbosus.
402 4218 558 4267 strumosus
571 4213 690 4268 dicimus
705 4215 790 4269 illino.

149 4297 269 4365 Horreo,
284 4299 415 4360 formido,
433 4308 540 4366 metuo,
554 4301 707 4373 timeoque.
723 4309 870 4366 tremesco,

148 4386 184 4440 Et
194 4393 296 4443 tremo.
313 4404 377 4441 cum
393 4405 487 4458 paveo.
500 4390 619 4461 trepido,
636 4407 787 4462 paveoque,
805 4407 919 4462 pavesco

148 4473 236 4545 Ignis,
254 4482 282 4531 et
296 4477 437 4548 igniculus
453 4479 557 4533 format
571 4481 657 4546 locus,
673 4488 757 4550 atque
771 4481 909 4535 cantinus.

146 4563 200 4618 Est
215 4581 310 4635 rogus,
325 4572 410 4637 atque
430 4568 499 4638 pira,
516 4569 660 4624 tomacula
672 4570 819 4639 jungimus
833 4570 896 4623 illis.

147 4651 278 4716 Insanus,
296 4655 454 4715 vehemens,
471 4673 575 4720 vecors,
599 4675 727 4718 vesanus,
745 4665 773 4712 et
786 4675 891 4724 excors,

146 4741 248 4796 Secors
262 4750 291 4797 et
304 4743 420 4798 demens
446 4744 578 4799 bachans.
596 4753 624 4800 et
638 4748 740 4801 stultus
755 4751 784 4801 et
796 4764 893 4802 amens

144 4831 291 4896 Tartarus,
306 4833 441 4895 infernus,
459 4835 581 4890 acheron
603 4836 665 4894 stix,
683 4853 773 4898 orcus,
789 4853 918 4893 avernus.

144 4919 197 4974 His
211 4921 336 4990 erebum,
352 4923 496 4978 baratrum
520 4925 704 4995 conjungunt,
735 4933 819 4996 atque
842 4927 945 4996 gehen·

854 5017 942 5087 [nam.

147 5095 198 5150 Eat
206 5097 318 5167 juncus,
337 5099 455 5171 scirpus,
471 5099 585 5158 bibilus.
601 5102 726 5174 papirus,
742 5104 863 5172 arundo,

145 5185 218 5240 Cum
234 5202 331 5251 canna,
349 5188 474 5243 calamus
489 5190 629 5261 praedictis
648 5193 814 5247 associatur.

145 5273 245 5339 Suffio,
261 5276 381 5338 turifico,
397 5278 548 5348 suffimigo.
564 5295 626 5334 cum
643 5281 743 5352 quibus
758 5281 831 5336 addo

144 5361 278 5430 Incensa,
291 5381 406 5419 sensum
419 5366 497 5421 dedit
508 5367 568 5422 istis
584 5385 652 5423 usus
666 5371 797 5424 eundem.

144 5451 234 5506 Sutlio
245 5453 375 5509 dematur
388 5457 462 5525 quod
478 5457 517 5510 sic
532 5466 630 5512 autore
643 5460 787 5529 probatur,

145 5541 180 5595 Et
195 5541 290 5596 sullire
306 5545 397 5598 locum
413 5551 527 5612 sumpta
541 5549 697 5616 propriavit
710 5565 816 5603 vicerrn.

148 5631 303 5698 interimit,
322 5633 446 5704 perimit,
460 5634 605 5702 interficit,
617 5644 647 5691 et
660 5645 751 5704 necat,
768 5643 854 5693 occat.

746 347 856 405 GPUS
876 350 1166 407 SYNONYMORUM.

1726 343 1797 404 laet

970 479 1119 540 AOccidit,
1135 483 1250 541 mactat,
1265 477 1414 548 extinguit,
1431 477 1488 532 slve
1502 479 1633 546 trucidat,

1000 570 1132 632 Suliocut,
1145 571 1266 638 jtrgulat.
1285 569 1417 630 ltrncstat,
1439 568 1497 622 sive
1511 569 1635 638 sugillet,

1000 658 1161 722 lllortilioat,
1180 663 1301 719 truncat,
1319 658 1497 723 determinat,
1514 660 1698 715 exanimatve.

999 747 1099 812 lanua,
1115 755 1206 818 porta,
1225 747 1324 800 bifores.
1339 753 1405 800 sunt
1419 747 1501 810 ostia,
1518 748 1615 808 valvae.
1647 760 1653 777 ⁸

999 836 1154 898 veneficas
1172 837 1294 907 magicas
1309 835 1394 899 dicas,
1411 835 1510 890 lamias
1525 853 1645 909 quoque,
1662 853 1752 909 sagas.

998 925 1063 979 Istis
1080 925 1209 995 signatur
1223 926 1331 988 eadem,
1350 924 1451 995 quibus
1467 926 1631 981 associatur.

997 1014 1069 1069 ilinc
1082 1015 1259 1074 incantatrix,
1278 1030 1393 1084 sagana,
1409 1014 1627 1085 praestitigatrix.

997 1103 1113 1169 Histrio,
1127 1105 1168 1159 vel
1184 1104 1275 1176 palpo,
1293 1103 1404 1166 mimus,
1422 1103 1465 1157 vel
1476 1103 1669 1174 gesticulator,

998 1191 1047 1246 Est
1061 1193 1153 1264 epulo,
1170 1191 1272 1246 nebulo
1284 1192 1434 1262 parasitus,
1455 1209 1562 1256 scurra,
1576 1191 1694 1263 legator,

997 1279 1043 1334 Sic
1055 1279 1253 1351 pantomimus,
1271 1280 1424 1344 comoedus,
1437 1280 1481 1333 vel
1494 1281 1643 1349 joculator,

996 1369 1037 1424 De
1052 1376 1183 1440 serpente
1199 1387 1272 1441 nepa
1286 1369 1368 1423 dictis
1382 1369 1426 1423 his
1440 1369 1511 1423 adde
1526 1376 1652 1441 nepotes,

997 1459 1073 1526 Calx,
1092 1475 1219 1530 scrupus,
1236 1465 1265 1513 et
1280 1458 1438 1529 scrupulus,
1455 1459 1542 1529 mola,
1557 1459 1692 1527 calculus,
1711 1465 1796 1532 atque

1654 1549 1792 1619 [molaria

996 1636 1125 1690 Addatur
1133 1636 1223 1690 cautis
1239 1653 1300 1707 quae
1314 1652 1387 1707 saepe
1402 1637 1435 1691 sit
1447 1636 1527 1690 obvia
1541 1637 1645 1704 nautis,

997 1726 1090 1788 Petra,
1106 1725 1203 1795 lapsis,
1218 1741 1327 1790 saxum,
1340 1725 1470 1796 populus,
1484 1725 1631 1796 silicesque
1656 1726 1779 1797 lapillus.

964 1813 1045 1897 BEst
1059 1813 1172 1872 chorus,
1187 1819 1216 1866 et
1233 1818 1363 1878 stratum,
1389 1813 1487 1874 lectus,
1511 1813 1672 1870 choreuma.
1692 1813 1795 1885 graba·

1673 1905 1756 1975 [tum,

994 1991 1154 2054 AccrxhituS,
1168 1991 1212 2045 his
1224 1991 1390 2045 dormitoria
1397 1993 1495 2062 junge,
1513 1991 1612 2047 cubile.

995 2081 1108 2137 rnoebe,
1124 2079 1164 2132 rel
1176 2081 1252 2137 luna.
1270 2082 1412 2150 cyntania,
1430 2098 1521 2144 larena,

994 2171 1034 2223 Ac
1050 2171 1157 2222 novitas
1169 2170 1241 2223 lume
1258 2171 1408 2223 neumenia
1422 2170 1525 2224 dicitur
1538 2169 1611 2224 inde.

995 2257 1119 2320 Cartala,
1138 2260 1178 2312 vel
1195 2265 1283 2317 carta.
1300 2259 1394 2321 codex,
1412 2258 1491 2317 liber.
1507 2265 1592 2329 atque
1610 2258 1731 2314 libellus.

996 2346 1026 2402 Si
1039 2347 1121 2400 breve
1137 2347 1244 2416 longari
1262 2347 1327 2401 licet
1340 2354 1367 2400 et
1383 2348 1497 2416 longum
1514 2346 1647 2404 breviari.

995 2436 1045 2490 llis
1059 2437 1204 2490 codicillus
1219 2436 1410 2506 conjungitur.
1427 2444 1512 2506 atque
1525 2436 1656 2492 volumen
1668 2454 1675 2490 :

996 2525 1086 2579 Gustu
1101 2524 1237 2590 libellum,
1253 2525 1313 2578 visu
1330 2541 1463 2595 cognosce
1478 2525 1617 2583 libellum.

996 2613 1127 2682 Subligar
1141 2619 1184 2666 est
1197 2613 1293 2682 ligula,
1310 2613 1414 2682 caligas
1425 2629 1486 2683 quae
1499 2613 1623 2682 subligat
1636 2613 1704 2680 alte,

995 2703 1009 2756 J
1013 2719 1085 2772 unge
1098 2703 1167 2764 luto,
1184 2717 1305 2759 coenum,
1321 2702 1422 2770 quibus
1435 2701 1506 2756 adde
1515 2702 1669 2768 volutabra,
1680 2702 1791 2772 limum,

995 2790 1067 2844 Hinc
1078 2790 1260 2852 coenoleutus,
1280 2789 1384 2843 illimus
1399 2790 1502 2844 dicitur
1516 2790 1591 2844 inde.

993 2879 1044 2933 Dic
1058 2895 1147 2944 mare,
1167 2877 1212 2932 dic
1236 2879 1337 2946 salum,
1354 2878 1398 2932 dic
1420 2895 1541 2950 equora,
1563 2879 1663 2951 dicque
1675 2878 1792 2950 prolun-

1682 2968 1772 3038 [dum,
1846 2951 1858 2966 ’

995 3055 1046 3111 llic
1061 3056 1188 3126 pelagus,
1203 3061 1331 3127 pontum.
1345 3055 1426 3118 treta,
1440 3057 1545 3127 jungas
1558 3056 1771 3126 bicaterassum,

994 3145 1045 3199 Dic
1056 3145 1259 3216 amphitritem,
1273 3145 1339 3215 quia
1349 3143 1446 3199 circuit
1461 3151 1489 3199 et
1504 3145 1571 3199 terit
1584 3146 1691 3201 orbem.

992 3235 1041 3288 Est
1069 3234 1212 3298 meretrix,
1237 3239 1371 3300 scortum,
1398 3233 1480 3296 thais,
1508 3235 1582 3306 lupa,
1614 3251 1708 3307 capra,
1735 3233 1792 3291 chi·

1651 3325 1752 3396 [mera',

991 3415 1058 3468 Post
1067 3428 1176 3474 novam,
1194 3419 1331 3482 prostans,
1349 3413 1465 3467 novaria
1475 3413 1606 3484 jungitur
1620 3413 1684 3468 illis.

992 3503 1130 3573 Gausapa.
1150 3504 1282 3562 mensale,
1301 3519 1428 3572 mappas,
1445 3502 1621 3573 manutergia
1635 3503 1721 3566 dicas,

990 3591 1085 3644 Adxlas
1102 3592 1219 3644 nrancile
1233 3590 1363 3644 manibus
1379 3591 1451 3660 quod
1468 3592 1524 3644 tale
1539 3600 1663 3646 vocatur.

989 3680 1069 3734 Miles
1081 3697 1176 3750 eques,
1192 3687 1265 3751 tyro,
1282 3680 1458 3750 tyrunculus.
1477 3689 1561 3751 atque
1576 3681 1705 3751 quirites,

989 3771 1081 3839 Atque
1098 3769 1301 3839 neoptolomus,
1319 3785 1407 3822 novus
1423 3774 1465 3823 est
1479 3776 1610 3840 regnator
1624 3771 1653 3824 in
1668 3771 1734 3826 illis.

989 3857 1147 3918 Materiam,
1161 3857 1203 3910 vel
1219 3857 1375 3920 materiem,
1392 3856 1437 3910 dic
1451 3873 1512 3912 esse
1526 3857 1693 3926 domorum,¹

987 3947 1010 3999 Α
1027 3947 1147 4017 paritate
1159 3945 1234 4000 venit
1248 3946 1348 4016 paries,
1366 3963 1427 4016 quse
1436 3947 1567 4016 jungitur
1580 3947 1653 4001 istis.

989 4035 1043 4089 Sed
1059 4051 1154 4088 muros
1173 4033 1294 4104 proprie,
1311 4034 1354 4087 vel
1369 4037 1481 4097 moenla,
1496 4034 1615 4088 dicimus
1628 4034 1715 4089 urhis.

988 4121 1096 4175 Dicitur
1110 4138 1142 4175 ac
1157 4123 1271 4176 vallum.
1287 4121 1377 4192 palus,
1395 4137 1427 4174 ac
1442 4121 1544 4175 vimine
1558 4122 1663 4176 factum
1680 4139 1685 4174 :
1736 4161 1738 4166 .

953 4211 1060 4292 DHinc
1074 4211 1208 4264 invallare
1223 4227 1267 4264 res
1282 4215 1324 4264 est
1338 4209 1480 4264 includere
1490 4210 1571 4264 vallo.

989 4301 1116 4370 Sepibus,
1135 4307 1163 4353 et
1173 4299 1270 4370 septis,
1286 4298 1439 4352 includitur
1453 4299 1561 4363 hortus,
1574 4303 1603 4353 et
1621 4315 1729 4354 arvum.

989 4391 1093 4459 indago
1105 4389 1198 4450 silvas,
1215 4388 1291 4441 silis
1303 4393 1332 4441 et
1345 4387 1463 4442 latentia
1477 4387 1584 4442 claudit
1598 4405 1604 4442 :

987 4477 1127 4549 Indagare
1141 4478 1206 4532 hinc
1221 4494 1265 4532 res
1279 4478 1425 4548 explorare
1438 4477 1567 4531 latentes.

988 4568 1113 4632 lntimat,
1129 4568 1264 4632 insinuat,
1280 4568 1418 4632 enucleat,
1432 4566 1640 4638 atquerevelat,

987 4659 1114 4728 lusignat
1140 4657 1260 4726 retegit,
1277 4655 1414 4718 edisserit,
1432 4662 1516 4726 atque
1529 4655 1640 4722 retexit,

986 4747 1115 4818 Duplioat
1130 4751 1159 4800 et
1172 4745 1279 4817 pandit,
1295 4762 1352 4798 aevo
1365 4745 1422 4808 dat,
1436 4744 1548 4815 promit,
1566 4751 1595 4798 et
1609 4743 1676 4812 edit,

987 4836 1118 4896 Nunolat,
1137 4835 1259 4906 exponit,
1271 4834 1404 4900 elucidat,
1421 4839 1507 4906 atque
1521 4839 1643 4902 serenat,

986 4924 1123 4996 Explicat,
1140 4930 1259 4982 exercet,
1276 4923 1410 4988 declarat,
1426 4923 1469 4977 vel
1485 4923 1656 4990 manifestat,

987 5013 1136 5085 Exprimit,
1153 5018 1182 5067 et
1195 5019 1312 5078 reserat,
1324 5012 1462 5083 propalat,
1480 5011 1586 5066 indicat
1604 5016 1689 5082 atque

986 5103 1118 5159 Notilicat
1134 5123 1140 5159 :
1160 5103 1250 5156 verbis
1267 5102 1308 5156 his
1323 5115 1423 5156 seusus
1437 5101 1567 5156 convenit
1580 5099 1664 5153 idem.

987 5193 1114 5264 Expedit,
1132 5191 1242 5254 evolvit,
1257 5192 1358 5263 aperit,
1372 5191 1526 5261 nudatque,
1543 5187 1673 5242 recludit.

990 5283 1099 5344 Interit,
1116 5281 1265 5347 occumbit,
1281 5287 1399 5334 mortem
1412 5278 1506 5348 signat
1516 5276 1676 5344 violentam,

988 5373 1089 5427 Interit
1100 5391 1106 5439 ;
1119 5371 1249 5442 exspirat,
1268 5369 1396 5424 moritur.
1413 5365 1584 5436 defungitur,
1600 5371 1696 5436 atque,

989 5460 1144 5516 Occumhit.
1162 5459 1203 5512 vel
1219 5459 1286 5522 obit,
1301 5455 1470 5518 dissolvitur,
1487 5454 1695 5525 exanimatque,

988 5551 1030 5603 Ad
1041 5550 1199 5603 naturalem
1215 5545 1384 5599 concordant
1396 5548 1497 5596 caetera
1514 5547 1642 5598 mortem.

990 5637 1107 5698 Excidit,
1126 5635 1247 5700 exhalat,
1264 5632 1373 5686 decedit
1383 5631 1422 5686 eis
1436 5633 1569 5688 sociatur.
