3896 6170
690 208 898 268 DISCIPLINA
916 205 1126 264 FARI'ENSIS.

96 363 1729 399 mmm

512 470 518 482 '
624 502 814 602 nisus
855 498 1190 599 sueonum.

99 847 125 892 rr
143 845 341 900 ororrrrrprs
362 843 469 890 rrrrus
485 843 708 890 procurrpprrg
732 816 1042 889 srcuppunhabent
1056 814 1085 870 in
1100 814 1248 871 altitudine
1263 819 1400 874 staturam
1415 817 1537 876 hominis
1551 827 1686 894 quantum
1702 841 1733 882 se

310 924 450 970 nudum
465 927 490 970 a.
509 923 682 970 annualem.
935 911 1028 977 potest
1039 906 1188 960 extendere
1202 923 1291 978 usque
1301 909 1337 962 ad
1345 909 1537 966 summitatem
1552 913 1632 984 dIgiti
1640 935 1649 986 3
1664 916 1731 971 lati-

302 1010 336 1062 ιη
347 1010 450 1076 primis
462 1009 573 1060 ‚narrare
587 1006 688 1060 dirior,
936 995 1042 1050 tudinis
1056 1012 1122 1050 vero
1138 996 1222 1067 pedes
1236 997 1344 1053 duoset
1358 999 1502 1055 semissem
1514 1018 1614 1060 unum.
1630 1005 1732 1060 Altitu-

101 1095 233 1166 Quisquis
246 1094 283 1150 ad
298 1099 434 1150 eternum
449 1095 556 1150 mavult
577 1092 764 1148 conscendere
777 1103 896 1160 regnum
937 1085 1011 1139 dinis
1021 1101 1166 1140 murorum
1180 1085 1278 1156 elginti
1293 1093 1321 1141 et
1336 1093 1393 1142 tres
1403 1090 1615 1160 pedesLatrina
1624 1100 1736 1166 septua-

132 1183 266 1239 Debetad
281 1183 449 1254 astrigerum
465 1189 560 1239 mente
574 1182 669 1238 subire
681 1181 807 1255 paulum,
937 1175 1019 1246 ginta
1033 1175 1118 1246 pedes
1129 1174 1325 1246 longitudInis‚
1339 1177 1498 1234 latitudinis
1512 1181 1610 1251 viginti
1625 1189 1654 1238 et
1664 1189 1732 1253 tres;
1764 1203 1769 1216 ·

107 1273 262 1344 Relljgiorr
271 1273 317 1346 pia
330 1273 391 1328 ritae
406 1272 568 1344 perquirere
582 1273 693 1338 callem,
939 1265 1014 1319 sellae
1023 1279 1058 1320 xo
1073 1271 1102 1319 et
1115 1265 1239 1337 quinque
1254 1265 1283 1320 in
1297 1267 1359 1338 ipsa
1372 1268 1455 1324 domo
1470 1269 1604 1327 ordinatae
1616 1279 1691 1340 suat,
1708 1279 1736 1328 et

133 1362 276 1417 Scandere
291 1379 345 1434 quo
359 1363 452 1417 valeat
466 1378 553 1417 aurea
562 1377 650 1432 regna
663 1360 747 1416 celer.
941 1371 993 1426 per
1007 1370 1236 1426 unamquamque
1249 1357 1347 1411 sellam
1367 1363 1463 1429 aptata
1478 1365 1521 1414 est
1534 1360 1689 1417 fenestrula
1707 1363 1737 1418 in

103 1453 149 1507 Est
165 1453 312 1506 monachis
323 1469 392 1508 usus
408 1451 552 1506 Benedicti
563 1451 621 1506 vita
634 1449 782 1522 Patrisque
941 1460 1023 1499 muro
1036 1442 1194 1499 altitudime
1211 1446 1296 1516 pedes
1318 1447 1397 1512 duos,
1415 1447 1572 1504 latitudinis
1591 1451 1739 1507 semissem

102 1541 234 1596 Persectis
248 1542 331 1613 plano
346 1546 375 1596 et
389 1541 468 1596 suavi
482 1539 596 1595 tramite
610 1539 685 1603 vita;
942 1549 1048 1600 unum;
1065 1539 1094 1588 et
1107 1549 1193 1605 super
1211 1534 1286 1606 Ipsae
1307 1537 1421 1592 sellulas
1446 1538 1617 1610 compositas
1631 1549 1739 1596 struem

103 1631 207 1700 Aspera
221 1631 270 1684 sed
286 1630 379 1701 pueris
394 1645 504 1684 necnon
517 1627 657 1683 tironibus
671 1631 735 1682 arta
943 1622 1095 1692 lignorum,
1112 1628 1141 1677 et
1157 1639 1242 1695 super
1264 1624 1354 1694 ipsam
1381 1629 1620 1686 constructionem
1646 1632 1739 1704 liguo-

135 1719 212 1783 Ques
226 1719 299 1774 aluit
310 1719 420 1789 gremio
435 1719 527 1773 lactea
541 1717 598 1772 vita
611 1717 669 1772 diu.
943 1727 1006 1766 rum
1021 1711 1102 1767 iaotae
1122 1718 1189 1769 sunt
1202 1713 1332 1770 fenestrae
1347 1715 1444 1772 decem
1461 1723 1490 1772 et
1503 1723 1621 1790 septem,
1640 1721 1738 1778 altitu·

104 1808 233 1863 Patribus
251 1808 386 1863 anostris
404 1807 435 1862 in
449 1823 528 1862 sacro
543 1805 667 1862 carmine
677 1803 748 1875 legis
943 1800 1018 1856 dinis
1031 1809 1090 1856 tres
1105 1803 1200 1874 pedes.
1226 1803 1384 1860 latitudinis
1404 1807 1503 1877 pedem
1526 1814 1555 1863 et
1580 1810 1736 1866 semissem.

104 1897 166 1951 llaec
181 1902 226 1951 est
241 1897 295 1952 vita
309 1897 400 1961 bonis,
412 1912 520 1951 necnon
533 1900 562 1950 et
575 1911 675 1950 norma
685 1892 801 1948 salutis:
945 1890 1160 1946 calefactorium
1172 1907 1224 1946 xxv
1232 1894 1316 1964 pedes
1325 1895 1492 1963 latitudinis,
1501 1898 1655 1970 eademque
1666 1915 1742 1955 men-

105 1985 168 2040 Haec
181 1985 254 2041 bene
269 1991 397 2040 materno
409 1991 491 2040 natos
506 1984 626 2055 castigat
639 1998 745 2048 amore,
944 1995 1012 2034 sura
1021 1980 1214 2052 longitudinis.
1235 1987 1255 2036 Λ
1267 1983 1586 2058 januacoolesiaeusque
1595 1989 1740 2044 adostium

138 2075 243 2146 Arguit
256 2075 397 2141 erudiens,
413 2078 442 2129 et
454 2073 515 2129 sine
527 2073 591 2128 ielle
602 2088 719 2128 maneus
734 2086 741 2124 ε
909 2048 933 2108 Β
946 2069 1117 2124 calefactorii
1130 2070 1216 2142 pedes
1243 2083 1326 2128 Lxxv.
1350 2073 1540 2130 Refectmmm
1558 2077 1743 2148 longitudinis

138 2162 238 2218 librat
250 2169 279 2219 ct
293 2163 449 2236 aequiparat
462 2168 492 2218 et
505 2162 676 2218 moderando
691 2160 801 2215 minat:
946 2157 1032 2230 pedes
1050 2173 1094 2226 xo,
1121 2160 1281 2216 latitudiuis
1311 2177 1375 2224 xxv.
1395 2163 1574 2220 altitudInem
1596 2182 1744 2224 murorum

105 2252 217 2322 Arguit,
235 2252 372 2320 obsecrat,
385 2252 512 2324 increpat
531 2257 615 2323 atque
631 2251 751 2306 libenter
764 2247 903 2304 emendat.
947 2261 1026 2302 xxm.
1044 2249 1185 2305 Fenestrae
1200 2250 1303 2316 vitreae,
1320 2269 1381 2324 qua
1396 2252 1426 2307 in
1441 2269 1473 2309 eo
1496 2260 1563 2310 sunt
1577 2272 1610 2310 ex
1624 2262 1745 2330 utraque

140 2341 233 2397 Debet
243 2346 272 2396 et
285 2341 405 2396 ulterius
419 2342 498 2396 nulla
510 2340 630 2396 lavanda
644 2339 713 2412 pati,
947 2342 1028 2409 parte
1043 2343 1117 2402 octo,
1128 2344 1156 2394 et
1171 2355 1268 2395 omnes
1282 2341 1388 2396 habent
1402 2342 1561 2400 altitudinis
1574 2346 1696 2418 pedestr,
1705 2348 1744 2402 la·

142 2431 178 2484 Et
193 2431 239 2486 via
254 2446 303 2500 per
313 2431 437 2486 medium
453 2430 532 2501 regia
545 2430 631 2485 ducat
645 2445 720 2484 eum.
949 2425 1079 2482 titudInis
1093 2433 1161 2482 tres.
1179 2429 1307 2500 Ooquina
1330 2432 1469 2501 regularis
1487 2450 1538 2488 xxx
1552 2429 1638 2506 pedes
1652 2437 1745 2509 longi-

140 2520 396 2576 Hortantursarrae
411 2519 508 2574 munia
520 2517 591 2590 legis
607 2535 672 2574 eum
687 2536 694 2572 r
949 2516 1057 2582 tudiue,
1073 2521 1102 2571 et
1115 2517 1264 2572 latitudine
1274 2520 1472 2592 xxr.Coquina
1485 2520 1621 2579 laicorum
1636 2525 1747 2582 eadem-

144 2609 287 2664 Scandere
297 2615 364 2664 tune
373 2608 572 2680 poteritregna
581 2607 665 2662 beata
676 2606 733 2680 poli
951 2621 1005 2676 que
1018 2621 1160 2662 mensura.
1174 2607 1288 2675 Gellarii
1304 2625 1370 2663 vero
1382 2609 1528 2681 longitudo
1542 2626 1608 2679 uxx,
1626 2614 1747 2670 latitudo

110 2697 249 2769 Quisquis
262 2703 340 2752 amat
353 2697 453 2752 rutilos
464 2703 625 2752 sanctorum
640 2712 756 2768 carpere
773 2695 891 2761 fruetus,
951 2707 989 2750 tx
1001 2695 1097 2766 pedes.

144 2787 284 2842 Noctibus
295 2786 325 2842 in
338 2787 446 2841 cunctis
458 2785 634 2841 consocietur
646 2786 704 2849 eis,
736 2781 738 2784 ’
988 2783 1238 2855 Eleemosynarum
1248 2786 1350 2858 quippe
1363 2789 1434 2842 cella
1447 2790 1532 2861 pedes
1546 2790 1705 2848 latitudinis
1719 2811 1745 2861 x,

108 2877 266 2932 ltloribuso
280 2885 364 2930 natus
376 2881 404 2930 et
414 2880 491 2931 casto
504 2891 622 2947 corpore
632 2880 760 2946 comptus
952 2872 1137 2942 longitudinis
1146 2874 1230 2934 cxad
1237 2874 1452 2932 similitudinem
1463 2879 1620 2936 latitudinis
1631 2882 1748 2938 cellarii.

147 2965 248 3032 Vivat,
260 2971 289 3020 et
302 2981 319 3019 a
332 2965 451 3020 Domino
466 2981 578 3035 semper
591 2969 701 3018 amatus
716 2963 770 3018 erit
953 2961 1062 3018 Gallica
1075 2961 1136 3033 (il)
1147 2963 1332 3035 longitudinis
1353 2979 1405 3020 uxr
1420 2967 1504 3038 pedes
1528 2975 1556 3024 ct
1579 2970 1641 3026 duae
1657 2976 1749 3027 turres

108 3057 152 3112 Sit
167 3055 284 3122 tacitus,
296 3054 422 3115 humilis.
436 3053 601 3108 mitissimus
616 3059 701 3124 atque
715 3052 852 3124 benignus
869 3069 875 3105 :
954 3050 1042 3122 ipsIus
1062 3051 1175 3107 Galileae
1188 3053 1217 3106 in
1230 3051 1321 3108 fronte
1335 3055 1513 3125 constitutam
1530 3063 1558 3113 et
1570 3058 1750 3132 subteripsas

144 3146 191 3200 Sit
202 3144 323 3216 patiens,
340 3142 459 3210 sobrius,
476 3142 609 3215 providus
621 3147 706 3212 atque
717 3141 792 3213 pius.
955 3139 1059 3194 atrium
1070 3146 1113 3196 est
1127 3141 1175 3196 ubi
1189 3141 1254 3197 laici
1268 3148 1354 3210 stant,
1362 3149 1394 3198 ut
1403 3161 1459 3200 non
1472 3145 1626 3218 impediant
1637 3165 1750 3220 proces-

108 3234 220 3290 lndolis
233 3238 262 3288 et
275 3232 383 3298 docilis,
398 3232 510 3304 sapiens
520 3235 550 3286 et
566 3236 659 3286 mente
673 3230 803 3302 pusillus,
955 3229 1074 3286 sionem.
1090 3231 1114 3284 A
1131 3234 1213 3300 porta
1227 3231 1382 3286 meridiana
1394 3248 1484 3305 usque
1498 3236 1534 3290 ad
1549 3242 1659 3307 portam
1673 3237 1752 3309 aqui-

145 3325 354 3394 Compuuotus‚
365 3321 491 3393 placidus
507 3326 537 3376 et
545 3319 716 3376 benecautus
731 3324 786 3374 eat.
955 3315 1094 3372 lanariam
1106 3319 1191 3390 pedes
1200 3332 1317 3376 cclxxx.
1326 3321 1555 3392 Sacristiapedes
1566 3324 1752 3396 longitudinis

107 3413 225 3469 Excitat
237 3411 348 3466 interea
361 3410 452 3466 cordis
464 3409 641 3481 compunctio
655 3411 772 3476 iontem,
922 3418 1013 3499 Cuvn
1028 3423 1092 3461 cum
1117 3413 1196 3462 turre
1220 3425 1281 3481 quae
1295 3409 1325 3464 in
1340 3411 1432 3482 capite
1448 3412 1508 3483 ejus
1531 3414 1685 3469 constituta
1699 3422 1751 3470 est.

145 3501 206 3568 Qui
220 3501 319 3555 sordes
330 3499 430 3556 animae
442 3499 609 3570 illuviesque
619 3498 693 3552 lavet
958 3495 1120 3550 Oratorium
1140 3502 1243 3552 sanctae
1261 3499 1354 3556 llariae
1373 3501 1556 3571 longitudinis
1579 3517 1634 3557 xiv
1656 3503 1751 3575 pedes,

109 3591 277 3647 chrismate
292 3589 404 3660 perfuso
420 3588 627 3658 :laerymarum
643 3585 715 3642 lusio
730 3584 836 3650 sontis„
957 3583 1120 3640 latitudinis
1148 3601 1194 3653 xx,
1225 3604 1372 3644 murorum
1391 3590 1549 3646 altitudinis
1568 3605 1637 3649 xxm
1658 3593 1754 3665 pedes.

146 3679 322 3750 AEquiparat
335 3677 470 3744 maculas,
483 3675 570 3746 tergit
584 3681 616 3730 ut
627 3675 675 3730 ille
688 3674 783 3747 nigras
959 3674 1056 3728 Prima
1070 3674 1172 3730 cellula
1185 3675 1362 3732 infirmorum
1374 3678 1554 3735 latitudinem
1570 3695 1641 3736 xxm
1657 3681 1753 3753 pedes,

109 3768 226 3840 Tangit,
244 3773 273 3821 et
288 3765 398 3820 ablutos
412 3764 536 3836 paradisi
552 3763 604 3818 rite
616 3765 729 3820 colonos
958 3763 1164 3834 longitudinem
1175 3780 1299 3820 xxvcum
1309 3767 1389 3822 lectis
1404 3773 1467 3823 octo
1479 3774 1509 3824 et
1520 3770 1628 3825 cellulis
1638 3772 1757 3826 totidem

147 3855 257 3920 Efficit,
273 3859 305 3909 ut
316 3853 420 3908 babeat
428 3853 489 3924 jam
502 3852 562 3907 sine
574 3853 630 3908 siue
640 3852 713 3907 cives
959 3851 990 3906 in
1000 3852 1138 3923 porticum
1147 3855 1229 3924 juxta
1243 3871 1357 3910 murum
1366 3855 1455 3929 ipsius
1469 3858 1578 3913 cellulae
1592 3859 1628 3915 de
1639 3860 1717 3928 ioris,
1729 3865 1758 3915 ot

111 3945 171 4010 Qui
184 3945 298 4017 jugiter
311 3942 406 3997 laudis
418 3941 528 4014 possint
542 3941 703 4014 persolvere
713 3945 819 4012 grates,
962 3942 1087 3996 claustra
1101 3943 1241 4014 praedictae
1255 3945 1361 4001 cellulae
1375 3947 1461 4001 habet
1489 3947 1646 4002 latitudinis
1673 3948 1758 4020 pedes

146 4035 259 4090 Vivere
273 4047 337 4087 cum
348 4032 467 4086 Domino
482 4047 602 4102 semper,
618 4035 647 4084 et
659 4047 721 4086 esse
734 4047 799 4088 suo.
962 4030 1120 4086 duodecim.
1136 4032 1264 4087 Secunda
1276 4034 1378 4088 cellula
1390 4034 1521 4090 similiter
1534 4052 1585 4106 per
1600 4035 1695 4091 omnia
1715 4043 1759 4093 est

383 4119 500 4176 cnPUT
513 4120 666 4175 PRIMUM.
963 4120 1201 4191 coaptata,Tertia
1212 4121 1366 4193 eodemque
1381 4122 1474 4178 modo.
1491 4123 1629 4179 SImiliter
1639 4124 1760 4182 'etiamst

108 4216 149 4270 De
177 4215 320 4284 positione
346 4226 394 4265 aaa
421 4211 631 4264 mensuratione
653 4210 833 4278 officinarum
859 4204 921 4274 (43).
964 4214 1074 4277 quarta.
1092 4208 1196 4273 Quinta
1210 4209 1247 4264 sit
1258 4210 1351 4265 minor
1365 4210 1413 4266 ubi
1423 4211 1589 4267 conveniant
1603 4213 1709 4268 infirmi
1723 4214 1760 4269 ad

149 4301 286 4359 Ecclesia
294 4298 478 4370 longitudinis
489 4311 541 4353 oxu
555 4298 650 4369 pedes.
665 4297 831 4354 Altitudiuis
845 4311 882 4352 xl.
895 4301 925 4353 et
965 4295 1116 4353 lavandum
1135 4298 1221 4370 pedes
1234 4297 1280 4354 dio
1303 4297 1484 4355 sabbatorum
1499 4316 1506 4354 ε
1524 4302 1567 4356 vel
1582 4301 1623 4357 illi
1646 4302 1759 4371 tratres,

108 4399 188 4463 tres,
207 4393 339 4448 fenestrae
350 4390 446 4445 vitreae
458 4404 520 4445 oux,
531 4389 693 4461 Capitulum
703 4401 740 4444 xu
757 4395 786 4444 et
801 4389 924 4461 quinque
966 4384 1014 4456 qui
1038 4387 1114 4440 exuti
1145 4386 1198 4457 (45)
1219 4391 1287 4442 sunt
1313 4387 1349 4442 ad
1363 4388 1541 4444 mutandum.
1559 4390 1643 4445 Sexte
1660 4390 1761 4446 cellule

109 4485 212 4558 pedes
225 4479 419 4552 longitudinis,
440 4478 599 4534 latitudiuis
615 4493 671 4533 xxx
686 4483 715 4533 et
730 4484 852 4550 quatuor
867 4497 873 4532 :
891 4479 927 4534 ad
967 4480 1126 4546 preparata
1140 4474 1176 4530 sit
1187 4477 1235 4531 ubi
1247 4477 1343 4532 famuli
1359 4476 1511 4533 servientes
1525 4477 1581 4534 illis
1595 4479 1691 4535 lavent
1701 4497 1763 4536 scu·

108 4573 267 4630 orientem
281 4569 410 4623 fenestrae
425 4572 565 4638 quatuor;
582 4572 682 4622 contra
695 4567 927 4639 septemtrionem
968 4563 1061 4629 tellas,
1076 4568 1105 4618 et
1116 4564 1212 4619 omnia
1225 4565 1366 4620 utensilia,
1384 4567 1399 4622 J
1402 4572 1468 4622 uxta
1488 4567 1624 4624 Galileam
1635 4575 1763 4625 constru-

108 4671 180 4717 tres
195 4679 204 4729 3
224 4664 323 4714 contra
337 4657 511 4712 occidentem
525 4655 673 4711 duodecim
687 4655 827 4719 balcones,
842 4662 870 4711 et
878 4673 928 4728 per
970 4657 1046 4707 ctum
1061 4653 1145 4708 debet
1160 4670 1221 4710 esse
1236 4655 1374 4726 palatium
1390 4656 1575 4728 longitudinis
1595 4672 1645 4714 cuv
1667 4659 1762 4731 pedes,

111 4762 363 4819 unumquemque
374 4745 436 4801 duae
449 4745 585 4800 columnae
599 4745 688 4800 affixe
706 4745 736 4800 in
751 4745 801 4800 eis.
810 4745 929 4800 Audito·
973 4739 1130 4796 latitudiuis
1139 4757 1194 4797 xxx
1203 4743 1238 4799 ad
1252 4743 1444 4816 recipiendum
1457 4748 1765 4818 omnessupervenien·

107 4843 202 4897 rium
214 4853 268 4892 xxx
277 4834 553 4908 pedeslougitudinis
562 4853 569 4902 ;
577 4850 762 4889 cameravero
774 4834 929 4906 nonaginta
970 4828 1149 4885 teshomines
1160 4832 1208 4902 qui
1218 4848 1281 4887 cum
1290 4831 1430 4904 equitibus
1439 4833 1651 4890 adventaverint
1665 4853 1766 4892 mona-

107 4929 217 5004 pedes
232 4923 425 4996 longitudims
443 4921 646 4978 Dormitorium
671 4922 855 4992 longitudinis
875 4937 927 4980 eux
969 4919 1111 4974 steriollx
1120 4936 1178 4975 una
1193 4926 1273 4992 parte
1286 4920 1377 4992 ipsius
1385 4921 1486 4977 domus
1496 4929 1766 4997 suntpraeparatanx

106 5019 229 5093 pedes,
245 5012 405 5068 latitudinis
419 5028 476 5067 xxx
491 5017 520 5066 et
533 5017 672 5083 quatuor:
690 5027 787 5067 omnes
806 5028 872 5068 vero
887 5013 928 5069 le·
969 5009 1043 5064 lecta
1056 5013 1085 5063 el
1095 5009 1213 5065 totidem
1229 5010 1338 5082 pulvilli
1352 5027 1385 5066 0¹
1409 5012 1504 5083 palli&
1526 5012 1574 5068 ubi
1589 5013 1767 5084 requiescant

107 5101 339 5165 nestraevitrea
348 5117 410 5173 qua
420 5100 448 5155 in
463 5117 496 5155 eo
504 5106 572 5155 sunt
579 5093 615 5155 xo
627 5105 656 5156 et
665 5105 783 5171 septem,
793 5105 822 5156 et
832 5117 930 5158 omnes
970 5097 1024 5152 viri
1037 5103 1160 5166 tantum,
1171 5115 1235 5153 cum
1250 5099 1361 5154 latrinis
1374 5116 1418 5156 xe.
1432 5099 1471 5155 Ex
1484 5100 1540 5155 alia
1550 5116 1671 5172 namque
1684 5105 1766 5172 parte

152 5245 227 5320 (43)
240 5243 402 5317 Capitulum
417 5243 470 5296 hoc
489 5241 518 5297 iu
539 5239 648 5298 duobus
663 5260 730 5298 mss.
742 5242 929 5300 desideratur.
1007 5241 1064 5312 (ib)
1079 5242 1123 5298 lta
1134 5242 1293 5313 legendum,
1306 5259 1362 5299 non
1376 5247 1474 5305 causti,
1491 5247 1523 5298 ut
1537 5243 1609 5298 alins
1618 5241 1703 5296 codex
1714 5242 1766 5298 lra-

106 5325 159 5382 De
175 5316 360 5375 monasterIo
378 5313 515 5380 Fariensi,
536 5314 626 5369 iutelli
647 5315 656 5368 i
670 5314 753 5369 debet
768 5320 799 5370 ut
813 5316 933 5371 habetur
975 5313 1031 5369 bet.
1041 5312 1111 5368 Vide
1125 5315 1271 5370 annalium
1286 5315 1430 5370 Benedict.
1445 5319 1511 5369 tom.
1524 5314 1560 5378 ll,
1578 5329 1642 5385 pag.
1651 5313 1767 5377 bittubi

106 5387 280 5451 amatium
294 5386 436 5442 Benedici.
453 5391 522 5440 tom.
539 5386 587 5452 lv,
657 5401 703 5440 an.
722 5383 800 5443 1009.
974 5384 1060 5439 habes
1080 5385 1298 5442 delineationem
1324 5385 1446 5456 antiqua
1471 5383 1583 5440 fabrica
1604 5385 1767 5442 monasterii

154 5462 227 5534 (44)
242 5459 275 5515 ld
289 5463 343 5525 est,
355 5461 486 5526 porticos.
503 5456 567 5513 ltal.
581 5458 692 5516 detorta
703 5457 810 5513 liabitt.
825 5459 858 5514 da
868 5460 936 5515 noct
975 5456 1070 5514 Sancti
1085 5456 1168 5512 Galli.

107 5534 252 5596 coaucta
266 5532 476 5600 interpretatur.
