3934 6174
108 249 153 310 tlt
431 251 471 308 ΙΝ
489 249 522 306 Ι).
542 247 651 306 PAULI
670 246 781 305 EPlS'l'.
803 245 988 305 COMMENT.
1006 277 1042 290 -
1061 248 1172 308 EPIST.
1192 250 1241 306 AD
1259 249 1414 308 PHILIPP.
1684 251 1737 316 tlt

109 375 159 430 cito
174 373 290 430 mittere
304 373 340 430 ad
354 390 415 442 ros,
430 379 462 429 ut
485 389 536 442 ego
559 370 633 426 bono
659 370 754 426 animo
769 365 833 438 sim,
859 369 979 441 cognitis
994 389 1056 444 quae
1069 373 1143 428 circa
1158 391 1207 429 vos
1221 380 1287 429 sunt
1313 371 1462 430 Neminem
1478 375 1552 431 enirn
1569 374 1659 432 habeo
1678 383 1737 433 tam

106 465 263 519 unanimem
279 465 360 531 mihi,
375 462 425 535 qui
440 463 550 516 sincera
563 460 719 527 allectione,
735 477 792 515 non
800 475 852 530 pro
867 463 945 515 lucro
954 466 1072 528 terreno,
1086 479 1136 535 pro
1149 463 1226 518 vobis
1240 463 1375 519 sollicitus
1391 464 1437 519 slt.
1454 464 1559 521 Omnes
1573 465 1648 521 enim
1663 483 1730 536 ques

105 553 192 616 labeo.
209 570 273 624 quae
287 567 338 607 sua
352 555 421 606 sunt
434 551 574 604 commodo
588 555 869 620 quoruncumque
885 553 952 603 sunt
965 548 1032 605 lesu
1042 551 1156 608 Christi.
1167 553 1405 624 Experimentum‚
1417 555 1551 621 stadium,
1561 561 1655 611 autern
1665 557 1736 627 ejus,

107 642 245 706 Timothei,
256 641 426 712 cognoscite,
439 641 505 712 quia
514 641 617 694 scilicet
631 637 785 710 sicutpatri
803 637 887 703 illius,
901 653 1011 692 mecum
1026 639 1140 696 servivit
1153 641 1182 696 in
1207 641 1366 710 Evangelio.
1388 643 1468 697 llunc
1483 643 1580 714 igitur,
1592 648 1660 714 quio
1672 647 1737 699 totis

104 737 146 796 cst,
162 747 244 803 spero
259 749 305 786 me
319 731 432 787 mittere
442 731 478 785 acl
489 747 545 793 vos,
558 745 621 783 mon
636 734 669 783 ut
681 728 777 783 videro
791 743 853 799 qum
867 727 941 782 circa
957 745 1003 784 me
1017 733 1093 784 sunt.
1110 729 1225 784 Confido
1239 735 1335 784 autem
1360 730 1388 785 in
1404 731 1533 798 Domino,
1556 733 1689 804 quoniam
1709 736 1738 787 et

104 820 330 890 ipsereniamnd
349 819 478 874 rescito.
504 817 701 874 Necessarium
726 821 820 872 antem
842 816 1008 883 existimavi,
1030 817 1251 890 Epaphroditum
1277 817 1403 886 fratrem,
1421 825 1450 874 et
1470 827 1693 892 cooperatorem,
1709 825 1738 875 et

102 909 319 965 commilitonem
328 925 433 974 meum,
444 915 569 963 uestrum
581 913 677 962 eutem
690 906 858 978 apostolum,
871 911 898 961 et
911 905 1071 961 ministrum
1082 907 1257 963 necessitatis
1271 924 1350 970 meae.
1366 912 1416 977 qai
1427 912 1501 964 mihi
1513 915 1666 964 neccssaria
1679 911 1735 965 mi·

103 1001 214 1064 nistret,
234 999 349 1054 mittere
362 999 398 1053 ad
414 1015 473 1066 vos,
489 997 621 1070 quoniam
636 995 752 1068 quidem
764 1011 861 1050 omnes
876 1012 923 1050 vos
934 999 1024 1050 cidere
1034 997 1220 1063 desiderabat,
1237 1003 1267 1051 et
1280 1003 1397 1052 maestus
1411 1003 1481 1063 erat,
1496 1003 1646 1071 propterea
1661 999 1736 1070 quod

103 1086 255 1142 audieratis
270 1087 350 1142 illum
365 1089 551 1148 infirmatum,
566 1089 642 1142 etita
654 1087 719 1153 snit.
737 1085 808 1139 Nam
819 1091 848 1139 et
862 1084 1021 1141 infirmatus
1037 1096 1080 1143 est
1089 1089 1291 1157 Epaphroditus
1300 1104 1390 1158 usque
1399 1087 1433 1142 ad
1446 1093 1582 1156 mortem3
1599 1089 1648 1144 sed
1660 1089 1737 1145 Deus

103 1177 235 1231 misertus
247 1183 289 1232 est
303 1177 374 1248 ejus,
392 1193 448 1232 non
464 1177 555 1231 solum
570 1179 665 1230 autern
676 1175 746 1245 ejus,
763 1173 959 1227 verumetiam
976 1177 1007 1228 in
1021 1180 1109 1229 sclua
1122 1180 1190 1245 ejas,
1207 1180 1235 1230 et
1252 1177 1316 1240 mei,
1332 1193 1367 1230 ne
1392 1179 1489 1230 mortis
1503 1180 1562 1245 rjus
1577 1176 1733 1246 tristitiam,

102 1281 185 1338 super
201 1266 347 1320 tristitiam
362 1268 540 1333 infirmitatis
551 1269 621 1342 ejus,
631 1265 672 1318 rel
686 1265 805 1318 carceris
816 1263 872 1316 mei
884 1260 1027 1316 haberem.
1044 1263 1235 1318 Festinantius
1246 1281 1323 1335 ergo,
1335 1267 1443 1334 quiade
1457 1279 1485 1318 cc
1502 1268 1590 1319 mesti
1605 1268 1733 1334 fueratis,

101 1355 163 1408 misi
173 1355 266 1420 illurn,
280 1359 313 1409 ut
326 1355 384 1409 riso
395 1371 440 1414 eo,
450 1353 552 1408 ieram
567 1351 724 1423 gaudeatis,
739 1353 810 1404 siccat
823 1352 903 1418 prins
917 1365 946 1403 co
957 1357 1097 1418 presente,
1114 1357 1201 1422 ctego
1211 1349 1258 1408 20.
1274 1352 1334 1406 sine
1347 1351 1462 1406 tristitia
1474 1352 1536 1406 siin.
1549 1351 1594 1411 at.
1613 1353 1737 1424 Excipite

102 1444 194 1515 itaque
210 1444 293 1498 illurn
307 1459 371 1498 cunt
387 1442 464 1497 omni
478 1441 581 1513 gaudio
591 1441 620 1495 in
635 1440 764 1504 Domino,
776 1444 805 1492 et
814 1437 952 1508 ejusmodi
965 1439 1104 1493 hornincm
1118 1457 1181 1494 cum
1197 1441 1303 1495 honore
1317 1439 1449 1495 habetote
1460 1459 1465 1494 :
1478 1442 1611 1511 quoniam
1622 1446 1738 1512 propter

99 1549 166 1604 opus
182 1533 292 1588 Christi
300 1549 389 1604 usque
403 1532 440 1586 ad
450 1537 570 1585 mortem
581 1529 707 1592 accessit.
719 1527 836 1583 tradens
851 1527 976 1582 animam
986 1543 1077 1592 suam,
1097 1531 1165 1596 (lton
1179 1531 1288 1584 dimisit
1300 1547 1351 1600 pro
1365 1533 1501 1595 irciinicis,
1522 1532 1593 1599 quin
1607 1533 1734 1599 Apostulo

100 1625 278 1677 ministraret
293 1625 325 1676 in
338 1623 457 1691 earcere)
473 1625 504 1676 ut
514 1619 653 1692 impleret,
668 1619 707 1685 id,
719 1616 794 1690 quod
809 1633 840 1672 ex
857 1614 935 1670 robis
949 1617 1046 1672 deerat
1059 1633 1126 1690 erge
1142 1635 1236 1674 meum
1252 1618 1427 1690 obsequium,
1441 1621 1513 1688 qnod
1535 1621 1737 1690 conpererant

100 1711 167 1765 niti
179 1711 399 1766 edntinistncre.

755 1799 845 1862 158
860 1795 982 1850 CAPUT
1000 1795 1051 1852 lll.

129 1943 170 1998 De
180 1946 297 2007 caetero,
307 1941 408 1996 fratres
422 1941 487 2002 mei,
498 1939 621 2012 gaudete
636 1938 665 1992 in
680 1936 810 1993 Domino.
835 1938 858 1991 l.
874 1937 981 1992 Eadem
1005 1955 1065 2008 que
1081 1942 1141 2008 jcm
1154 1957 1274 2010 prmscns
1294 1945 1356 1996 dici
1370 1941 1449 1998 robis
1460 1959 1503 1998 mc
1514 1943 1645 2011 scribere,
1666 1944 1736 2000 mihi

99 2025 214 2103 quiderri
230 2047 284 2086 non
297 2031 419 2103 pigrum,
430 2030 507 2085 uobis
520 2036 615 2085 autem
631 2027 830 2094 necessarium,
845 2029 913 2081 utile
927 2033 978 2084 cst.
996 2027 1063 2082 Ecce
1075 2045 1134 2098 qne
1147 2027 1175 2088 2.
1188 2027 1213 2097 3,
1232 2030 1258 2088 1.
1274 2031 1375 2087 Videte
1398 2048 1490 2099 canes,
1507 2038 1539 2087 nt
1552 2037 1678 2100 caveatis,
1693 2035 1735 2089 ri·

97 2120 157 2175 dete
173 2119 268 2175 malos
282 2119 435 2191 operarios,
449 2119 476 2187 5,
490 2119 518 2174 6.
534 2119 625 2172 ridete
636 2116 835 2179 concisionem,
848 2118 931 2184 qnasi
943 2117 980 2170 od
994 2133 1049 2170 non
1073 2122 1249 2190 circumcisos
1271 2125 1296 2174 et
1320 2127 1469 2190 separatos.
1485 2123 1512 2175 7.
1524 2121 1550 2176 8.
1571 2123 1630 2177 Nos
1648 2123 1733 2189 enim,

98 2211 255 2264 Chn'stinm
263 2215 485 2274 tontum,sumus
497 2206 819 2274 circumcisio,(quotitcs
828 2221 878 2274 pro
889 2207 977 2274 quoti)
988 2205 1037 2275 qui
1045 2207 1217 2278 spiritunon
1229 2211 1391 2264 carnatibus
1402 2211 1733 2275 observantiit,servimus

96 2299 160 2364 Deo,
175 2303 208 2353 et
222 2297 378 2369 gloriamur
391 2299 420 2353 in
434 2297 544 2352 Christo
559 2297 636 2364 lesu,
648 2299 680 2350 in
689 2297 740 2364 lide
756 2295 861 2351 Christi
872 2297 945 2360 lesu,
959 2301 988 2350 et
1002 2311 1059 2350 non
1081 2296 1109 2351 in
1129 2313 1223 2362 carne,
1239 2302 1352 2353 carnoti
1366 2303 1430 2366 irps,
1444 2299 1575 2354 fiduciam
1589 2299 1733 2356 habentes.

96 2405 259 2460 quanquam
274 2404 326 2458 ego
342 2387 472 2452 habeam,
484 2388 581 2442 habere
593 2388 713 2447 ealcum,
728 2383 927 2438 confidentiam
944 2390 972 2437 et
987 2383 1015 2438 in
1028 2401 1122 2440 carne.
1139 2385 1244 2458 Siquis
1258 2385 1690 2456 aliusuidetut·por.tcconlidere
1705 2390 1734 2444 in

97 2493 188 2542 came,
202 2493 371 2546 egopossum
380 2479 501 2544 clariori
511 2475 610 2547 magle,
622 2472 804 2528 circumcisus
814 2478 912 2526 octavo
922 2472 977 2536 die,
995 2475 1096 2528 itabens
1111 2478 1350 2530 circumcisionem
1360 2480 1449 2531 octavi
1461 2478 1527 2543 dici,
1540 2495 1596 2532 non
1608 2483 1730 2548 proscip-

97 2573 138 2619 tus
148 2565 176 2622 9.
194 2582 343 2636 exgenere
359 2565 455 2630 lsrael,
472 2567 611 2619 oriundus
627 2561 747 2618 detribu
758 2560 916 2632 Benjamin,
931 2560 1064 2617 Hebraeus
1079 2578 1111 2620 ex
1123 2564 1257 2632 Hebraeis,
1275 2563 1314 2622 10.
1327 2565 1481 2619 secundum
1492 2566 1582 2638 legem
1592 2568 1735 2628 (Phariset'

96 2658 177 2722 tepent
187 2658 313 2719 tantum,
328 2669 383 2708 non
400 2655 649 2722 prophetationentt
663 2650 832 2714 Pharisaeus,
852 2652 1007 2718 rclipicsior
1020 2654 1051 2706 in
1067 2655 1131 2720 lepe,
1145 2654 1298 2708 secundum
1313 2654 1522 2708 aemulationem
1534 2657 1633 2710 bonam
1643 2673 1735 2728 perse-

95 2759 182 2814 quens
198 2743 268 2798 oiim
285 2742 436 2798 Ecclesiam
447 2741 670 2807 Dei,secundum
683 2737 834 2810 justitiam,
852 2753 913 2809 quae
927 2737 957 2791 in
967 2735 1028 2806 lege
1040 2745 1282 2805 est,couversetus
1297 2740 1358 2796 sine
1368 2741 1493 2812 querela,
1503 2759 1559 2796 nori
1567 2758 1736 2812 conquerens

94 2833 124 2888 dc
137 2835 305 2888 cmtcntctc
318 2834 411 2900 lopati.
431 2830 473 2888 11.
488 2829 544 2886 Sed
557 2846 628 2903 quae,
646 2832 698 2896 teu,
714 2831 754 2883 vel
762 2828 914 2898 persecutio
930 2829 1018 2880 stulta
1028 2831 1166 2896 opinione,
1181 2829 1250 2884 mihi
1265 2829 1377 2884 lucrant
1386 2833 1469 2900 prim
1487 2831 1575 2898 lucra,
1588 2829 1646 2886 haec
1658 2830 1734 2888 arbi·

764 2995 1061 3053 COMMENTARIUS.

90 3151 275 3206 ‘limntheurn
289 3169 346 3208 non
361 3153 451 3209 multo
463 3153 569 3226 posted
582 3169 630 3208 eos
641 3150 746 3216 mittet3
757 3148 899 3203 nonenim
912 3149 1004 3209 Avero
1017 3165 1091 3205 nuno
1103 3151 1160 3207 Deo
1173 3168 1229 3207 non
1245 3153 1345 3226 placet,
1359 3157 1471 3208 mnium
1483 3153 1604 3208 concisio
1617 3157 1671 3208 est.

92 3241 178 3296 §mul
194 3247 350 3314 utrumque
363 3242 460 3297 mittit.
973 3236 1000 3294 6.
1016 3240 1122 3296 Laura.
1145 3243 1231 3296 Videte
1259 3245 1508 3297 circumcisionem.
1523 3242 1644 3307 Quidam
1659 3242 1735 3297 enim

125 3329 172 3387 ἵ).
191 3331 262 3387 Sine
277 3334 405 3386 tristitie.
418 3331 509 3396 Quam
531 3330 622 3388 habeo
633 3347 683 3402 pro
702 3329 821 3400 eoquod
835 3344 899 3383 con·
939 3344 1002 3382 cum
1014 3344 1070 3382 non
1096 3335 1191 3384 essent
1204 3330 1303 3396 ludaei,
1320 3329 1602 3397 circumcidebantur,
1624 3333 1653 3384 et
1671 3336 1736 3401 post

94 3419 202 3474 tristati
219 3420 296 3488 estis,
308 3421 406 3476 audita
416 3419 581 3476 infirmitate
595 3420 681 3475 illius.
935 3417 1082 3488 jactabant
1096 3435 1126 3474 se
1139 3436 1201 3474 esse
1213 3435 1357 3491 exgenere
1372 3419 1500 3475 Abrahae.

124 3509 172 3565 tt.
185 3509 324 3578 Excipite.
341 3510 374 3564 ln
397 3525 509 3566 carcere
524 3513 586 3563 erat
606 3509 766 3580 Apostolus,
790 3508 825 3563 ad
840 3522 898 3561 ser·
975 3504 1001 3561 7.
1015 3509 1069 3562 Nm
1080 3511 1164 3562 enim.
1181 3509 1263 3564 Retio
1281 3525 1332 3563 cur
1345 3509 1385 3563 illi
1400 3515 1468 3564 cunt
1481 3508 1609 3579 cavendi,
1625 3512 1655 3562 et
1667 3523 1737 3580 apo·

92 3597 229 3652 siendum
239 3597 266 3650 ei
280 3596 459 3652 accessitiste
470 3612 534 3651 curn
550 3613 655 3667 magno
663 3597 798 3669 periculo.
939 3597 1005 3653 stoli
1017 3597 1159 3664 audiendi,
1174 3599 1241 3671 quia
1259 3599 1387 3654 uidelicet
1398 3599 1441 3654 illi
1451 3599 1604 3665 carnalem,
1620 3599 1668 3653 isti
1683 3599 1739 3671 spi-

124 3685 213 3744 CAP.
235 3686 285 3742 lll.
301 3685 361 3742 -l
402 3689 527 3743 mneos.
553 3687 656 3741 Eodem
682 3689 769 3743 cebir.
793 3686 898 3740 Eadem
940 3686 1071 3742 ritualem
1086 3687 1326 3743 circumcisionem
1337 3687 1535 3760 predicabant.

91 3775 167 3842 dicit,
195 3776 265 3847 quia
289 3775 324 3830 de
343 3776 387 3830 his
402 3776 537 3831 docuerat
562 3792 610 3830 eos
624 3773 738 3846 quando
756 3774 830 3846 apud
851 3789 898 3827 cos
975 3775 1002 3832 8.
1018 3781 1135 3832 Aucusr
1158 3777 1216 3844 (lib.
1235 3779 1336 3832 Decor.
1352 3783 1530 3847 apostserm.
1542 3791 1585 3844 xr,
1600 3774 1737 3844 c.l,tom.

88 3865 185 3920 inerat
199 3883 206 3932 ;
226 3865 323 3920 ether
334 3865 380 3936 [s.,
395 3865 460 3936 boc]
474 3865 510 3920 ad
520 3881 555 3920 ea
569 3881 631 3936 quae
645 3869 813 3936 sequuntur,
826 3863 899 3917 rele·
939 3864 987 3934 Χ.)
1000 3867 1054 3919 Nos
1069 3871 1145 3920 enim
1157 3883 1266 3922 scimus.
1283 3866 1337 3922 Sed
1357 3881 1408 3921 nos
1422 3883 1520 3922 sumus
1542 3864 1735 3920 circumcisio:

88 3954 213 4009 rendum
229 3960 281 4009 est„
935 3954 976 4008 sic
986 3953 1103 4026 accipite
1118 3955 1170 4011 hoc
1188 3955 1308 4011 voluisse
1333 3957 1498 4028 Apostolum
1513 3956 1616 4022 dicere,
1640 3971 1738 4009 sumus

101 4041 713 4114 1‘2.Auausr.tEpist.l‘llludlloncr.cap.
737 4041 791 4111 111.)
809 4043 894 4096 Videte
939 4045 1117 4114 nosjustitia.
1142 4045 1323 4100 circumcisio
1348 4045 1424 4099 enim
1448 4044 1559 4114 justitia
1573 4049 1629 4102 est.
1648 4042 1738 4112 Magis

87 4147 179 4188 canes.
198 4132 290 4187 Canes
305 4131 457 4204 appellarit
469 4147 525 4186 non
540 4133 659 4192 ratione,
675 4131 724 4186 sed
750 4137 899 4186 consuetu·
940 4132 1015 4186 enim
1030 4133 1209 4188 commendat
1224 4132 1298 4204 quod
1313 4133 1392 4205 dicit,
1403 4133 1521 4187 dicendo
1543 4148 1594 4187 nos
1608 4147 1669 4185 esse
1680 4131 1738 4199 jus·

87 4222 153 4276 dine
179 4227 284 4278 contra
309 4221 454 4276 insolitam
488 4221 634 4276 veritatem
660 4221 797 4275 latrantes
813 4243 820 4287 ·,
839 4219 899 4273 haec
939 4221 1042 4285 titiam,
1061 4222 1275 4293 quamdiecndo
1290 4237 1412 4276 nosesse
1423 4221 1516 4291 justos
1529 4238 1535 4274 :
1549 4220 1589 4274 sic
1602 4223 1737 4274 tamenut

87 4311 165 4365 enim
195 4318 299 4366 nature
319 4317 363 4365 est
386 4325 512 4374 conum,
534 4316 566 4364 ut
584 4325 649 4364 curn
670 4308 774 4380 quibus
793 4307 900 4362 habent
940 4325 1003 4364 cum
1014 4309 1154 4380 Justitiam
1166 4310 1234 4365 dicit
1243 4327 1314 4376 csse,
1323 4312 1416 4380 justos
1430 4309 1630 4380 intelligamus.

85 4400 339 4466 consuetudinem,
351 4399 409 4454 sice
423 4399 465 4454 illi
479 4397 545 4456 boni
558 4399 627 4464 sint,
634 4399 693 4453 sive
705 4397 781 4464 mali,
795 4397 894 4452 nonad
908 4380 936 4444 Β
971 4398 999 4454 9.
1016 4399 1112 4468 (ibid,
1128 4416 1152 4453 c.
1163 4401 1191 4469 3)
1208 4400 1248 4453 Ec
1256 4415 1354 4468 ponere
1376 4401 1473 4464 lsrael,
1491 4397 1519 4452 id
1535 4405 1587 4466 est,
1604 4413 1660 4452 non
1670 4413 1738 4470 pro-

83 4507 132 4544 cos
147 4491 278 4557 latrent3
297 4489 475 4544 insolitorum
492 4495 587 4544 autem
603 4488 895 4562 personisvisisetiem
938 4488 1055 4560 selytus,
1072 4503 1127 4542 non
1143 4489 1250 4543 aduena
1273 4489 1308 4543 ed
1329 4488 1464 4560 populum
1489 4487 1551 4547 Dei,
1571 4503 1628 4542 non
1647 4487 1739 4558 major

84 4579 291 4634 innocentibus
307 4579 464 4634 irritentur.
938 4577 1132 4641 circumcisus,
1144 4576 1193 4632 sed
1206 4593 1222 4631 a
1234 4577 1397 4649 parentibus
1417 4583 1502 4633 natus
1513 4577 1636 4644 Judeeus,
1648 4575 1738 4630 habeo

118 4670 146 4722 3.
159 4669 271 4724 hara.
287 4669 384 4723 'Videte
393 4683 484 4726 canes.
498 4667 590 4723 Canes
604 4672 635 4722 et
648 4667 737 4721 melos
751 4665 897 4739 operarios
939 4665 1182 4721 circumcisionem
1199 4666 1289 4721 octat-i
1299 4665 1366 4720 diei.
1490 4653 1494 4660 ’

82 4763 166 4812 vom
181 4773 235 4811 eos
263 4755 313 4827 qui
335 4756 476 4810 carnalem
499 4755 742 4812 circumcisionem
765 4755 896 4827 praedicn-
978 4752 1021 4810 111.
1040 4753 1296 4824 (lbid.tSccnndmn
1312 4755 1738 4823 tqeinrnartscorcmerimc-

80 4847 160 4914 bant
179 4861 256 4917 quos
277 4845 414 4900 cavendos
441 4844 577 4916 precipit.
602 4843 794 4900 concisionem
811 4853 891 4903 vocat
939 4849 974 4907 rii
989 4845 1102 4918 quidam
1116 4849 1206 4909 erant,
1219 4849 1247 4897 et
1263 4843 1387 4914 quasind
1403 4843 1578 4898 nobilitatem
1593 4843 1738 4900 iudaicam

81 4935 120 4988 rel
136 4933 400 5000 circumcisionem,
413 4932 443 4987 id
457 4938 508 4998 est,
538 4933 659 5000 ludaeos,
677 4933 718 4988 cel
733 4936 891 5006 separatio·
937 4934 1153 5008 segregeti,non
1168 4932 1372 5004 contemptibili
1386 4932 1459 5004 plebi
1472 4932 1622 5000 commisti,
1638 4935 1687 5006 qui
1698 4934 1739 4988 di·

77 5041 156 5090 nem,
171 5023 207 5077 id
216 5029 329 5088 est,eos
340 5021 386 5092 qui
400 5022 430 5076 iu
443 5021 528 5076 aliam
543 5021 701 5077 doctrinam
714 5030 815 5077 ncoetu
828 5022 896 5078 lide·
937 5026 1073 5084 cebantur
1087 5021 1230 5077 Pharisaei.
1247 5023 1320 5076 Nem
1344 5021 1447 5077 dicitur
1461 5023 1514 5078 hoc
1526 5021 1641 5078 uerbum
1657 5023 1738 5094 quasi

78 5112 148 5166 lium
162 5127 220 5167 eos
229 5109 409 5182 separabunt.
902 5116 1151 5209 Goepreqctioncm
1165 5111 1354 5182 interpretari,
1370 5112 1511 5182 quomodo
1531 5111 1560 5166 in
1572 5111 1672 5167 Latina
1682 5112 1737 5165 lin-

110 5201 138 5258 1,
157 5203 296 5256 Aunios.
317 5200 498 5254 Videteccncc.
507 5201 598 5254 Canes
608 5200 723 5264 vocavit,
736 5199 802 5271 quia
819 5217 894 5255 vere·
936 5219 992 5276 qua
1004 5202 1108 5257 dicitur
1126 5199 1258 5270 egregius
1272 5199 1353 5271 quasi
1364 5216 1475 5271 agrege
1487 5205 1646 5271 separatus.

77 5291 223 5346 cundiam
237 5303 296 5343 nan
306 5287 419 5352 habent,
437 5287 487 5343 sed
499 5287 661 5360 trequenter
676 5288 848 5361 reprehensi,
863 5290 893 5344 in
970 5290 1016 5346 tt.
1030 5290 1134 5343 Ltsrn.
1157 5287 1210 5341 Sed
1229 5304 1288 5356 qna
1309 5288 1436 5356 [uetant.
1457 5288 1592 5343 Carnales
1604 5288 1735 5342 observa·

77 5396 152 5435 mna
168 5377 308 5434 doctrina
321 5377 470 5448 persistere
485 5377 624 5433 ridentur.
934 5378 1036 5443 tiones,
1053 5392 1115 5448 quae
1125 5381 1190 5430 ante
1212 5376 1365 5431 adventum
1382 5376 1486 5432 Christi
1500 5376 1659 5430 animarum
1673 5377 1736 5432 fue·

108 5468 136 5524 5.
159 5467 257 5522 Videte
282 5469 472 5523 concisionem.
491 5467 566 5521 Bene
597 5466 785 5522 concisionem
809 5466 889 5533 dixit,
932 5466 1103 5532 runtlucra,
1129 5471 1246 5522 servatae
1266 5471 1335 5538 post
1357 5466 1508 5522 adrentum
1529 5466 1600 5538 ejus,
1620 5465 1737 5524 luerunt

75 5558 143 5628 quia
163 5553 301 5628 quandiu
323 5553 381 5610 Deo
398 5554 514 5630 placuit.
536 5554 710 5612 circumcisio
734 5561 804 5623 crat,
825 5555 892 5627 quia
932 5553 1119 5623 donincum,
1150 5554 1221 5609 fides
1235 5554 1312 5610 enim
1333 5554 1438 5610 Christi
1453 5554 1658 5611 observacione
1679 5573 1734 5615 non
