3986 6184
233 266 282 326 ιιι
689 337 695 348 ¹
723 266 755 321 a.
776 266 984 324 muranum
1004 263 1185 323 esurum.
1205 260 1376 318 Ancurae.
1641 260 1646 272 ·
1815 261 1866 320 ιιι

231 394 308 454 enim
321 394 383 468 agis
397 409 459 467 que
468 391 587 466 judicas.
599 391 626 466 3.
638 391 749 450 Scimus
762 393 839 450 enim
853 395 987 467 quoniam
996 390 1134 465 judicium
1145 389 1197 446 Dei
1211 393 1255 444 est
1262 388 1291 444 t.
1305 386 1466 445 Secundum
1480 386 1627 442 reritntcm
1642 385 1672 442 in
1682 400 1731 441 eos
1740 385 1789 458 qui
1797 384 1867 440 talis

232 488 330 556 agunt.
341 482 368 539 5.
384 481 533 538 Existimas
547 485 642 536 autem
655 480 719 547 boc,
731 496 748 536 o
761 482 856 550 homo,
868 483 917 555 qui
927 482 1038 553 judicas
1049 496 1097 536 eos
1110 479 1158 552 qui
1170 478 1240 533 talia
1249 482 1348 548 agunt,
1361 481 1391 531 et
1404 475 1475 532 tacis
1490 473 1866 546 ea,quietneiiugies1'udi·

230 572 307 628 dum
325 570 397 627 Dei?
411 568 439 627 6.
462 571 507 626 An
520 569 631 624 divitias
645 568 780 625 bonitatis
798 571 868 642 ejus,
891 577 921 626 et
943 569 1086 643 patientiae
1109 573 1138 624 et
1156 566 1380 638 longanimitatis
1393 564 1559 630 contemnis,
1580 567 1697 620 ookndc
1711 565 1866 633 respicere?

232 660 346 732 ignoras
358 657 492 731 quoniam
502 656 661 728 benignitas
669 657 720 714 Dei
731 659 767 713 ad
778 659 943 730 patientiam
952 664 982 713 te
992 655 1128 714 adducit?
1142 655 1303 712 Secundum
1313 659 1409 709 eutem
1418 652 1551 709 duritiem
1562 658 1641 708 tuam
1651 655 1680 706 et
1689 650 1866 724 impoenitens

230 764 288 816 eor,
298 747 562 816 thesaurizasuuges
570 743 623 800 tibi
631 744 715 814 iram,
725 745 755 800 in
764 745 811 802 die
819 746 868 802 irae
876 747 902 803 7.
913 753 942 803 et
950 744 1128 802 revelationis
1136 743 1206 814 justi
1214 741 1314 814 judicii
1321 741 1381 808 Dei,
1386 741 1435 814 qui
1444 740 1544 797 reddet
1553 739 1704 813 unicuique
1713 739 1866 796 secundum

231 851 317 908 opera
323 834 466 908 ejus,8.iis
474 833 586 907 quidem
594 833 974 906 quiseoundumpatientiem
981 833 1213 906 bonioperis,qui
1215 835 1354 902 patienter
1361 833 1463 886 bouum
1471 825 1866 900 opusperflciuntdgioriam,

230 927 324 980 cornis
331 926 574 980 commutationem
580 927 609 978 et
618 921 764 989 honorem,
773 924 842 992 quio
849 925 905 991 filii
913 924 964 979 Dei
969 924 1142 979 vocabuntur
1151 919 1194 978 10.
1203 919 1477 992 etincorruptionem
1487 917 1714 990 quaemntvitem
1721 928 1864 983 eternam,

229 1028 286 1069 uon
300 1014 411 1069 taudem
426 1013 619 1082 temporalem:
641 1016 695 1076 n
713 1009 757 1068 11.
773 1010 811 1066 Iis
822 1016 918 1067 autem
931 1011 980 1083 qui
993 1016 1062 1067 sunt
1075 1012 1173 1066 uiuunt
1195 1007 1239 1066 12.
1256 1025 1291 1064 ex
1304 1007 1492 1073 contentione,
1508 1011 1538 1062 et
1551 1006 1600 1079 qui
1614 1022 1672 1063 non
1686 1005 1867 1078 aequiescunt

229 1100 350 1168 veritati,
366 1099 410 1158 13.
425 1099 544 1156 credunt
562 1103 659 1154 autern
678 1098 831 1174 iniquitati.
850 1098 892 1157 14.
909 1100 953 1155 ira
967 1106 996 1156 et
1016 1097 1183 1170 indignatio.
1198 1097 1355 1153 'ibibulatio
1370 1102 1399 1152 et
1421 1095 1551 1168 angustie
1564 1097 1694 1152 reddetur
1708 1095 1739 1152 in
1753 1112 1866 1152 omnem

228 1190 354 1246 animem
366 1189 490 1244 hominis
504 1187 647 1261 operantis
659 1189 777 1255 malum,
795 1187 837 1256 15,
852 1187 897 1245 16.
913 1188 1002 1245 Judaei
1016 1187 1139 1260 primum
1155 1189 1277 1242 morture
1290 1191 1320 1241 et
1335 1184 1442 1254 Graeci3
1461 1185 1503 1243 17.
1518 1184 1610 1256 gloria
1624 1188 1721 1241 antem
1734 1191 1764 1240 et
1776 1185 1867 1241 honor

228 1281 258 1334 et
271 1293 356 1350 paxu
372 1279 599 1347 concupiscentiis
612 1276 689 1332 omni
705 1277 834 1350 operanti
845 1276 951 1332 bonum
963 1278 1105 1343 reddetur,
1122 1275 1166 1334 18.
1180 1275 1277 1332 Judaeo
1291 1275 1416 1348 primum
1428 1279 1457 1330 et
1473 1274 1579 1330 Graeco.
1594 1272 1640 1331 19.
1656 1275 1720 1329 Νοιι
1733 1274 1809 1329 enim
1823 1278 1867 1329 est

227 1365 355 1440 acceptio.
363 1382 547 1438 personarum
558 1367 632 1438 apud
640 1366 741 1421 Deum.
751 1364 798 1424 20.
804 1365 969 1438 Quicunque
979 1365 1055 1422 enim
1065 1365 1127 1421 sine
1135 1365 1198 1437 lege
1207 1368 1403 1437 peceaverunt,
1412 1362 1473 1418 sine
1482 1364 1544 1435 lege
1553 1365 1673 1418 crimine
1678 1365 1866 1433 preouricote

228 1456 296 1525 lepis
317 1455 468 1528 peribunt;
490 1459 520 1510 et
540 1453 699 1527 quicunque
717 1455 748 1510 in
771 1455 833 1524 lege
847 1459 1041 1526 peccauerunt,
1057 1451 1103 1512 21.
1123 1454 1285 1525 perlegens
1301 1469 1353 1523 per
1367 1453 1627 1523 prevaricationem
1641 1452 1864 1516 damnabuntur,

223 1543 513 1614 mnemonidarum
527 1543 603 1599 enim
621 1542 763 1599 auditores
782 1542 853 1614 legis
866 1543 937 1614 justi
956 1549 1023 1600 sunt
1035 1541 1111 1616 apud
1126 1543 1226 1608 Deum,
1241 1539 1287 1599 22.
1302 1541 1352 1597 sed
1371 1541 1492 1596 factores
1509 1539 1580 1612 legia
1599 1541 1655 1595 siue
1675 1542 1708 1594 in
1727 1543 1790 1608 depe,
1810 1541 1866 1594 siue

225 1634 285 1688 stuc
299 1636 355 1702 lepe
366 1630 604 1703 justificabuntur.
615 1633 770 1702 Responsio.
780 1629 826 1688 23.
837 1631 908 1688 cum
921 1632 998 1687 enim
1007 1635 1117 1704 gentes,
1129 1647 1191 1703 quae
1205 1631 1297 1702 legem
1309 1646 1366 1686 non
1376 1627 1491 1697 babent,
1504 1627 1673 1684 naturaliter
1682 1626 1866 1700 eaqueelegis

207 1723 292 1796 ,sunt
301 1718 419 1790 fuciunt,
433 1718 571 1789 ejusmodi
585 1719 677 1790 legem
685 1721 818 1789 seriptum
828 1733 886 1775 non
894 1718 1041 1787 hebentes,
1051 1719 1106 1792 ipsi
1115 1711 1169 1775 sibi
1177 1725 1245 1776 sunt
1257 1718 1312 1787 lex,
1328 1717 1377 1791 qui
1390 1717 1544 1774 ostendunt
1556 1734 1627 1790 opus
1641 1716 1713 1788 legis
1725 1715 1862 1790 scriptum

892 1887 1188 1945 COMMENTARIUS.

257 2035 285 2096 3.
316 2037 420 2093 Lsnrn.
452 2035 562 2094 scmus
588 2041 682 2093 ouum
715 2039 849 2108 quoniam
881 2038 1195 2110 judiciumAdiffidena
1215 2039 1296 2112 pejus
1318 2037 1482 2094 tractandus
1501 2041 1555 2105 est,
1570 2038 1638 2111 quia
1654 2036 1785 2096 Patribus
1799 2037 1862 2109 [aa.

221 2127 272 2181 Dei
306 2131 356 2182 est.
388 2123 563 2182 Auctoritete
599 2141 652 2181 sue
683 2127 833 2182 confirmat
862 2131 1022 2199 peccatores
1062 2127 1362 2201 donum]promissum
1375 2127 1517 2183 refutavit.

220 2201 452 2289 supradictorum
477 2213 616 2270 scelernm
645 2214 817 2286 generaliter
848 2233 909 2272 esse
941 2216 1021 2272 dem·
1100 2215 1142 2274 16.
1154 2218 1259 2273 Lerna.
1272 2217 1374 2272 ludet.
1384 2215 1440 2271 Per
1448 2216 1570 2285 indaeos,
1581 2216 1709 2274 infideles
1720 2215 1863 2290 intelligit,

218 2303 338 2360 nendos.
1060 2305 1110 2378 qui
1130 2305 1251 2362 maxime
1265 2305 1459 2379 punientursi
1479 2311 1619 2378 pmeepte
1631 2306 1682 2362 Dei
1695 2322 1753 2363 non
1766 2305 1866 2362 obser·

253 2393 281 2448 1.
292 2391 646 2464 Semndumoeritctem,id
656 2396 708 2456 est.
719 2392 1018 2461 secunduminstitiem
1059 2400 1144 2463 rant3
1163 2412 1215 2468 per
1228 2395 1338 2459 Grecos
1351 2398 1459 2466 gentes,
1474 2393 1504 2450 id
1526 2401 1571 2451 est
1582 2394 1710 2451 infideles
1726 2389 1865 2467 :aparte

216 2481 277 2538 sine
291 2482 452 2555 acceptione
466 2497 661 2554 personarum.
1057 2487 1161 2541 totum.

220 2571 825 2639 -unciatimcsauumtcc,oeconomus
837 2573 1013 2642 quijuds'ccs.
1042 2640 1045 2648 ,
1093 2571 1275 2630 stanneos.
1290 2572 1386 2630 (iterio
1399 2577 1504 2642 eutem,
1528 2579 1554 2630 et
1579 2574 1667 2630 bonor
1689 2577 1715 2628 et
1738 2587 1805 2643 pue,
1826 2575 1862 2628 nt

214 2659 320 2716 Patare
334 2665 429 2734 posset
444 2659 545 2733 aliquis
556 2660 705 2732 imperitus
720 2659 795 2733 quod
804 2665 885 2717 tonto
898 2659 1016 2717 liberius
1055 2660 1192 2718 honorem
1204 2660 1350 2734 geminum
1364 2659 1496 2728 habeant,
1513 2662 1594 2734 quasi
1608 2661 1673 2718 Filii
1687 2660 1748 2718 Dei.
1763 2660 1864 2717 Gloria

214 2765 331 2822 peccme
345 2747 451 2818 liceret,
468 2754 573 2822 quanto
594 2749 758 2820 diligentins
779 2749 849 2805 alios
866 2765 884 2805 a
902 2755 1015 2822 peccato
1056 2749 1259 2820 autemtitpro
1273 2747 1484 2815 immutatione;
1499 2764 1638 2821 paruero,
1654 2747 1774 2821 eoquod
1786 2747 1859 2804 bene

215 2843 414 2910 compesceret.
1056 2835 1181 2893 virentes
1195 2837 1283 2910 quieti
1294 2842 1379 2893 erunt
1391 2837 1422 2892 in
1435 2837 1541 2906 futuro,
1556 2839 1635 2894 nulla
1648 2837 1863 2911 perturbatione

250 2925 278 2982 ii.
291 2927 416 2984 Anonos.
430 2929 476 2983 Are
486 2928 600 2982 dicitius
617 2927 749 2982 lenitatis
769 2929 828 2998 ejece
841 2933 866 2982 et
875 2927 1017 2998 patientie
1057 2925 1203 2980 commoti.

215 3020 240 3070 et
255 3004 500 3085 bnpuuioritotis?
519 3015 585 3071 Hac
598 3015 668 3070 dicit
689 3018 722 3070 ut
743 3030 800 3071 non
812 3016 873 3086 jem
886 3031 917 3072 se
936 3019 1018 3089 putet
1094 3011 1138 3071 10.
1152 3014 1257 3070 Lsnrn
1280 3015 1382 3070 iudeo.
1403 3014 1493 3072 Judaei
1518 3015 1641 3087 primum
1664 3015 1774 3088 operati
1794 3021 1864 3070 sunt

215 3103 347 3171 evasisse,
363 3103 508 3176 eipntitnr
522 3103 603 3160 iilum
615 3103 663 3158 diu
679 3108 852 3175 peccantem.
1057 3101 1280 3175 bonum,postea
1294 3102 1393 3160 Greci.

252 3192 278 3247 7.
298 3192 334 3248 Et
347 3193 523 3248 revetationis
535 3193 611 3261 justi
628 3193 736 3261 judicii
757 3194 816 3248 Det.
838 3191 1017 3258 Reretabitur
1094 3188 1138 3247 19.
1157 3191 1220 3247 Non
1233 3193 1309 3248 enim
1323 3197 1361 3246 eet
1371 3207 1568 3261 personarum,
1584 3197 1638 3249 etc.
1654 3193 1714 3249 Hoc
1725 3192 1762 3248 ed
1776 3207 1863 3264 supe-

216 3279 292 3353 quod
305 3279 390 3336 modo
411 3280 537 3336 futurum
557 3283 688 3350 negatur.
703 3279 776 3336 Cum
797 3280 874 3336 enirn
895 3280 1018 3338 ostendit
1056 3277 1133 3333 riore
1141 3278 1265 3351 respicit,
1275 3279 1324 3348 nbi
1334 3279 1463 3347 eit:1rc,
1471 3285 1526 3337 eto.
1533 3281 1569 3337 Et
1576 3283 1608 3336 iu
1615 3283 1864 3337 omuemeuimum

216 3367 293 3440 quod
306 3383 364 3424 non
377 3383 439 3423 esse
453 3367 588 3436 creditur,
600 3368 750 3423 reveletur.
765 3367 817 3422 iiis
830 3367 906 3423 enim
921 3369 1195 3436 osten-Boperontis
1207 3371 1326 3425 molum.
1339 3369 1375 3424 Et
1386 3369 1470 3441 paulo
1482 3374 1546 3442 post
1561 3385 1570 3426 ι
1589 3371 1693 3439 (iterio,
1705 3375 1770 3439 ete,
1782 3363 1864 3426 omui

215 3455 303 3524 ditur,
318 3456 386 3528 quia
395 3456 458 3528 [ct.,
469 3455 529 3528 qui]
542 3459 648 3528 negant
662 3445 915 3528 quiacredcntibus
928 3457 1018 3514 mani·
1058 3458 1186 3525 operami
1198 3457 1309 3514 bouum

216 3542 320 3600 festum
335 3549 389 3600 est.
1095 3541 1140 3602 20.
1155 3545 1280 3604 Αιιιιιοε.
1304 3546 1466 3617 Quicunque
1485 3549 1563 3603 enim
1584 3550 1644 3603 ιιιιι
1667 3551 1722 3618 leuc
1738 3563 1865 3618 pcccuue-

251 3629 278 3690 8.
296 3635 335 3688 lis
357 3634 469 3704 quidem
488 3634 640 3689 secundum
651 3635 819 3704 potientium
840 3635 905 3689 boni
917 3638 1015 3705 operis.
1059 3637 1139 3700 runt,
1154 3635 1284 3703 stacteus
1305 3637 1449 3705 peribunt,
1474 3634 1504 3692 id
1526 3640 1579 3703 est,
1594 3635 1656 3692 sine
1674 3635 1790 3709 judicio.
1805 3636 1865 3702 Qui

216 3719 326 3788 Quibus
343 3721 421 3778 dedit
431 3722 507 3777 Dens
518 3721 650 3777 tiduciam
668 3721 745 3789 tidei,
760 3739 796 3778 ne
813 3722 861 3778 diu
874 3722 921 3778 hic
934 3722 1018 3794 positi
1059 3722 1135 3778 enim
1150 3737 1207 3778 non
1231 3721 1330 3790 credit,
1350 3724 1412 3794 jem
1426 3722 1570 3794 judicatus
1583 3729 1643 3792 est;
1662 3741 1715 3781 nec
1728 3730 1794 3780 ante
1807 3723 1864 3780 tri-

216 3809 352 3866 demnum
364 3809 510 3866 incurrant
523 3809 667 3882 promissae
678 3811 751 3866 ritae.
1059 3811 1145 3867 bunal
1158 3809 1265 3868 christi
1286 3810 1380 3878 stabit,
1397 3811 1447 3869 sed
1465 3827 1618 3885 resurgens
1631 3812 1750 3870 ducetur
1761 3813 1797 3868 ad
1809 3828 1863 3884 ge-

252 3895 280 3956 9.
300 3899 425 3957 duriam
447 3904 473 3954 et
496 3899 637 3954 tererem.
652 3900 687 3955 In
707 3899 840 3980 presenti
858 3900 934 3958 enim
949 3901 1016 3970 rita,
1059 3900 1193 3960 hennam.

215 3986 307 4060 gloria
320 3987 365 4043 rel
386 3987 477 4044 honor
495 3987 660 4060 frequenter
673 3987 823 4058 amittitur,
839 3988 907 4062 quie
920 4005 1018 4047 corru-
1093 3989 1139 4046 21.
1150 3991 1204 4046 Per
1212 3992 1297 4058 tepem
1306 3991 1523 4059 judicabuntur.
1532 3991 1659 4048 Peeontis
1669 4007 1768 4048 eorum
1776 3990 1864 4048 adde-

216 4075 323 4149 ptibilis
337 4080 391 4133 est.
1059 4081 1107 4134 tur
1120 4082 1267 4150 peccatum
1277 4077 1526 4151 prevaricationis.

250 4162 296 4223 t0.
312 4165 416 4222 Lsnm.
435 4165 471 4221 Et
492 4167 732 4236 irtocrruptiouem
755 4172 894 4236 querunt,
910 4166 939 4222 id
962 4172 1015 4236 est,
1092 4165 1138 4224 22.
1163 4167 1288 4223 Anonos.
1311 4167 1365 4224 Sed
1388 4169 1505 4238 suctores
1528 4171 1596 4239 lepis
1613 4172 1859 4240 justificabuntur.

216 4253 241 4310 si
265 4253 297 4309 in
323 4253 481 4310 intentione
510 4259 641 4327 querunt
666 4254 754 4310 uitam
776 4259 920 4312 emnem.
935 4255 1018 4312 biulti
1059 4253 1181 4310 Credere
1199 4252 1229 4309 in
1249 4253 1393 4310 Christum
1415 4270 1501 4329 quem
1517 4255 1563 4312 lex
1583 4256 1722 4329 promisit,
1737 4258 1860 4328 hocest,

216 4343 293 4398 enim
303 4341 378 4399 bona
390 4347 545 4417 operantur
556 4347 672 4416 propter
683 4343 808 4400 favorem
823 4344 981 4401 hominnm.
1058 4341 1261 4414 iacere-legem
1282 4348 1312 4399 et
1333 4358 1403 4416 opus
1423 4344 1495 4416 legis
1516 4343 1653 4417 scriptum
1677 4345 1706 4401 in
1728 4342 1863 4404 cordibus

252 4429 297 4487 11.
311 4431 435 4488 Menos.
449 4433 489 4487 iia
502 4437 597 4488 cuum
613 4435 664 4502 qui
681 4449 714 4488 er
727 4435 908 4502 mutentione,
920 4433 951 4490 id
964 4438 1017 4502 est,
1058 4430 1168 4498 restris,
1180 4431 1251 4488 tides
1264 4436 1317 4488 est.

217 4517 266 4591 qui
285 4519 338 4575 Dei
361 4523 546 4576 contemnunt
563 4520 741 4593 patientiam,
762 4521 936 4578 contendunt
953 4538 1018 4579 era·
1093 4518 1139 4581 23.
1150 4523 1273 4577 Aneusr.
1286 4521 1343 4593 (tib.
1354 4522 1392 4577 ite
1401 4524 1471 4592 spir.
1481 4527 1505 4578 et
1518 4524 1573 4590 iit,
1584 4539 1646 4596 oep.
1659 4520 1704 4592 ᾖ,
1714 4527 1783 4583 tom.
1794 4523 1863 4594 1114

216 4622 301 4672 onere
312 4605 449 4677 judicium
463 4607 526 4666 Dei.
1059 4611 1129 4668 Oum
1138 4612 1214 4665 cutm
1227 4615 1318 4679 penus
1328 4626 1387 4681 cue
1400 4613 1487 4680 tumn
1497 4627 1553 4668 uon
1562 4613 1673 4670 babent.
1684 4613 1789 4669 Gentes
1796 4628 1865 4685 quae

250 4693 297 4754 12.
319 4695 423 4754 Leaen.
448 4695 492 4752 tire
517 4699 698 4752 mntenticue.
728 4697 768 4753 Ex
794 4701 869 4754 coetu
900 4693 1227 4758 conten-Gnatureliter
1252 4715 1315 4770 qum
1340 4697 1412 4770 legis
1438 4705 1506 4756 sunt
1530 4700 1647 4772 fuciunt,
1675 4701 1799 4774 proiecto
1821 4702 1866 4759 ed

216 4782 553 4856 tioso,quicbristinnem
564 4784 944 4856 religionemeeseinutiiem
953 4804 1018 4845 con·
1057 4787 1240 4860 Euangelium
1248 4787 1400 4861 pertinent,
1410 4786 1564 4861 quibuslex
1574 4791 1605 4847 in
1615 4791 1746 4848 cordibus
1754 4791 1866 4863 scripta

216 4872 348 4932 tendunt.
832 4933 837 4939 ,
1057 4881 1111 4932 est.
1135 4877 1194 4934 Neo
1215 4881 1327 4932 moueat
1348 4876 1424 4948 quod
1444 4878 1614 4936 naturaliter
1638 4895 1686 4936 eos
1704 4879 1774 4936 dixit
1796 4895 1866 4953 qum

249 4958 295 5020 13.
309 4961 433 5018 Anonos.
447 4961 569 5019 creans
582 4967 677 5019 cutem
691 4965 852 5034 iniquitati.
878 4965 1017 5038 Iniquitas
1058 4965 1128 5037 legis
1145 4964 1325 5034 nuntiauere,
1341 4981 1399 5022 non
1412 4965 1594 5039 Spiritubei,
1610 4983 1668 5024 non
1679 4968 1788 5040 gratie3
1805 4968 1867 5024 hoc

215 5055 259 5108 est
279 5065 384 5122 negare
397 5051 472 5124 qnod
486 5052 562 5109 Dens
581 5051 709 5109 futurum
723 5070 787 5110 esse
807 5054 937 5127 promisit
951 5054 1015 5130 [ct.,
1058 5053 1134 5110 enim
1149 5053 1209 5125 egit
1224 5053 1345 5126 Spiritus
1358 5054 1458 5127 gratie
1469 5061 1502 5112 ut
1513 5056 1667 5128 imeginem
1679 5057 1740 5125 Dei,
1756 5057 1787 5112 in
1802 5072 1868 5130 qua

214 5136 368 5214 predixit}
1057 5142 1225 5199 naturaliter
1238 5143 1304 5198 sacti
1317 5159 1425 5212 sumus,
1447 5144 1586 5201 instauret
1601 5146 1632 5202 in
1648 5144 1740 5202 nobis.
1751 5145 1867 5202 Vitium

249 5227 294 5284 it.
308 5230 358 5284 Ire
370 5231 397 5282 et
415 5229 583 5298 indignatio,
599 5233 632 5286 ut
645 5230 831 5304 spiritualem,
846 5246 904 5288 non
921 5249 1017 5307 corpo-
1057 5231 1161 5306 quippe
1174 5235 1273 5288 contra
1285 5238 1418 5290 naturam
1431 5239 1486 5301 est,
1497 5233 1573 5306 quod
1585 5235 1684 5309 ntique
1697 5239 1780 5292 sanat
1791 5250 1866 5308 gm-

213 5315 303 5373 raiem
314 5331 428 5389 ptenam
442 5315 596 5390 inteiligas.
1057 5322 1107 5389 tia,
1127 5320 1246 5394 proinde
1268 5321 1396 5381 homines
1417 5323 1587 5382 nebrreiiter
1607 5339 1671 5396 que
1688 5323 1760 5396 legis
1779 5329 1862 5394 sunt,

251 5403 294 5462 15.
306 5406 398 5462 iudei
410 5406 831 5476 pernecessariarum
845 5427 958 5484 semper
970 5427 1020 5474 an.
1059 5410 1176 5468 facium.

212 5491 334 5565 tapooit,
345 5497 380 5552 nt
388 5498 439 5552 sut
448 5499 600 5554 coronetur
607 5494 776 5570 primusaut
786 5499 1022 5575 densetaeque
