3872 6162
85 249 126 312 idi
588 250 800 310 consulunt.
821 253 992 316 IIIRSAUG.
1014 285 1047 298 ·-
1066 253 1135 312 LIB.
1155 254 1179 311 1.
1647 257 1702 317 970

84 379 191 438 eborum,
212 389 230 428 a
243 371 401 428 senioribus
417 373 531 445 quidem
545 374 692 448 incipiens,
702 383 732 432 et
744 377 785 433 ita
802 395 860 447 soe,
871 383 953 452 Aper
961 380 1100 436 minorem
1118 381 1235 435 eborum
1251 379 1406 436 Oonreatui
1422 381 1502 452 quasi
1525 387 1699 450 occurentes,

84 465 121 538 qui
132 479 215 534 super
221 462 343 534 gradum
357 462 386 516 in
401 461 499 518 dextra
513 469 593 535 parte
606 466 684 520 chori
698 472 727 522 et
740 484 791 539 per
802 485 863 523 me·
904 470 1096 540 egrediuntur.
1119 470 1248 536 Econtra,
1273 469 1384 541 quando
1407 476 1470 542 post
1491 471 1644 542 capitulum
1665 472 1702 527 ad

84 555 145 609 dium
155 551 278 619 rediens,
293 551 321 606 id
336 557 380 607 est
394 551 423 606 in
445 553 538 607 medio
562 571 660 609 eorum
680 555 729 626 qui
751 556 785 611 ad
806 558 864 612 Ior-
905 559 1040 629 majorem
1063 557 1208 613 ecelesiam
1229 560 1350 622 venitur,
1370 576 1466 613 omnes
1486 565 1562 614 extra
1585 560 1703 616 chorum

85 658 145 697 nam
154 642 216 712 ejus
225 638 304 695 chori
312 645 341 695 et
352 640 386 695 ad
402 641 505 696 llaeam
521 643 649 698 sedentes
659 645 735 700 adse
747 646 865 701 invicem
907 652 1062 710 remanent,
1079 647 1127 719 qui
1141 652 1170 701 et
1183 647 1222 701 ibi
1238 648 1328 702 Iocum
1341 647 1445 702 habent
1455 648 1490 702 ad
1506 649 1661 722 capitulum
1675 654 1704 705 et

85 729 232 803 respiciunt,
243 746 300 784 uno
314 729 446 798 transitu,
457 732 591 798 nunehis,
602 749 677 788 nunc
686 733 742 789 illis
753 732 867 789 abscon·
906 743 968 809 post
983 736 1216 808 completoriuni;
1234 737 1282 808 qui
1300 737 1402 792 fratres
1421 755 1438 792 a
1457 738 1611 809 majoribus
1632 739 1704 794 inci-

87 836 135 875 sam
145 819 331 886 demonstrat,
346 823 375 874 et
388 825 528 876 eotenore
542 821 659 876 chorum
675 824 812 905 minorem
827 823 868 878 in·
907 825 1026 898 pientes,
1043 825 1233 897 perordinem
1249 825 1284 879 de
1305 827 1389 881 choro
1411 826 1595 897 egrediuntur
1611 828 1705 883 cuncti

88 909 212 980 grediens,
228 908 299 963 etin
313 908 406 963 medio
420 909 600 965 occidentalis
624 911 704 967 linere
720 912 865 984 incipiens,
909 915 1070 980 exteriores,
1100 914 1211 983 quando
1233 914 1268 968 ad
1293 915 1445 986 capitutum
1471 916 1609 987 pulsatur.
1639 918 1707 972 Post

89 1000 198 1053 dextram
222 999 282 1068 ejus
301 1001 423 1069 partem,
447 1014 567 1070 moxque
588 1016 636 1055 eos
659 1001 708 1071 qui
725 1001 806 1072 juxte
827 1001 870 1056 in·
909 1003 1124 1075 completorium
1143 1019 1208 1057 vero
1221 1019 1295 1070 mox,
1313 1009 1345 1058 ut
1365 1009 1430 1058 ante
1454 1010 1483 1058 et
1506 1011 1581 1060 retro
1601 1005 1704 1077 agitur,

89 1087 188 1142 troitum
204 1087 331 1158 ejusdem
346 1086 532 1152 sunt,deinde
542 1089 799 1161 siaistrsmpartem
810 1107 871 1163 per·
910 1091 1122 1164 perminorem
1148 1092 1265 1146 chorum
1293 1095 1428 1163 majorem
1453 1093 1643 1164 ingredientes
1676 1095 1707 1150 in

89 1179 184 1242 lustrat,
195 1177 348 1232 novissime
362 1177 546 1233 redeundoad
556 1178 826 1234 siuistrumehorum
837 1197 870 1235 eo
910 1182 1008 1237 ordine
1023 1198 1073 1235 suo
1088 1179 1154 1235 inde
1168 1185 1286 1248 exeunt;
1302 1187 1416 1253 excepto
1428 1183 1503 1253 quod
1511 1187 1574 1254 post
1588 1183 1709 1255 comple·

88 1266 420 1340 peremniaordiue,sicut
430 1266 507 1337 prius
517 1265 657 1334 dextrum,
668 1269 745 1323 nullo
756 1269 870 1324 interim
911 1270 1014 1326 terium
1027 1269 1238 1340 phlebotomati,
1251 1269 1327 1340 siqui
1334 1270 1406 1325 forte
1417 1271 1530 1338 adsunt,
1542 1278 1709 1327 conventum

89 1361 260 1430 presumente
271 1357 353 1427 J'uxts
366 1372 396 1410 se
405 1355 523 1410 forsitan
536 1356 722 1411 dormientem
738 1359 869 1412 excitare.
912 1361 947 1414 de
962 1359 1079 1414 ecclesia
1092 1358 1262 1430 precedunt.
1279 1359 1317 1413 Ut
1328 1366 1423 1413 autem
1443 1360 1549 1415 sciatur
1573 1361 1621 1432 qui
1644 1360 1709 1429 sint,

90 1459 126 1501 tu.
149 1445 176 1500 Si
203 1461 287 1516 quem
299 1443 402 1499 viderit
414 1443 598 1511 obdormisse,
618 1450 685 1500 tune
699 1451 796 1501 contra
811 1447 872 1517 ejus
913 1448 1014 1520 quibus
1029 1447 1057 1502 in
1071 1447 1170 1526 eodem
1184 1447 1268 1501 choro
1287 1464 1402 1502 manere
1419 1449 1598 1514 eorrcedatur,
1619 1449 1648 1503 bi
1663 1451 1712 1521 qui

88 1534 166 1589 oculos
180 1534 280 1588 lumen
295 1537 338 1587 ter
350 1531 490 1588 intendit:
507 1533 531 1588 si
545 1533 629 1589 tertia
645 1532 704 1587 vire
717 1549 773 1588 non
789 1534 874 1604 evigi-
913 1539 989 1592 inter
1000 1537 1127 1594 literatos
1149 1536 1185 1590 ad
1203 1536 1345 1614 standum,
1364 1539 1407 1591 rel
1425 1537 1512 1592 etiam
1536 1538 1571 1592 ad
1594 1543 1709 1594 cantan-

88 1623 180 1688 larerit,
194 1623 278 1695 ponit
291 1629 357 1677 aute
372 1638 436 1676 eum
452 1622 751 1694 laternam,utabipso
762 1639 873 1694 quoque
915 1627 981 1681 dum
997 1641 1053 1679 non
1068 1624 1137 1678 adso
1149 1628 1216 1678 sunt
1228 1623 1313 1679 validi
1329 1643 1335 1692 ;
1353 1629 1385 1679 ut
1400 1625 1435 1678 ab
1445 1625 1485 1679 eis
1498 1625 1548 1680 alii
1566 1624 1595 1679 in
1610 1626 1713 1696 majori

90 1713 191 1767 excitato
201 1711 335 1767 similiter
343 1716 481 1783 portetur.
497 1711 527 1766 Si
536 1715 631 1766 autern
643 1711 684 1766 ita
692 1712 871 1783 evigilaverit,
885 1717 1000 1796 Behoro
1014 1714 1125 1768 valeant
1138 1713 1283 1784 adjuvari;
1300 1719 1328 1768 et
1345 1719 1440 1768 tamen
1466 1713 1495 1768 ia
1523 1719 1660 1769 conventu
1683 1715 1713 1769 in

89 1807 218 1856 utcontra
231 1800 310 1855 illum
327 1799 451 1862 inclinet,
466 1803 618 1871 antequam
632 1817 662 1854 se
677 1800 818 1867 averterit,
839 1799 874 1855 eb
916 1802 979 1858 aliis
992 1801 1062 1856 Iocis
1080 1807 1197 1873 possunt
1211 1801 1324 1865 morari
1340 1802 1369 1855 hi
1392 1803 1462 1856 tales
1477 1807 1592 1874 propter
1607 1801 1715 1858 miseri·

89 1890 139 1962 ipso
148 1889 300 1946 auferenda
314 1895 366 1956 est,
383 1888 432 1960 qui
446 1903 508 1942 eam
522 1889 664 1960 apposuit.
678 1889 757 1953 Quod
768 1889 792 1942 si
801 1889 874 1945 tanti
916 1891 1039 1947 cordiam
1053 1890 1082 1944 in
1092 1891 1229 1945 mInorem
1241 1891 1357 1945 chorum
1372 1897 1438 1946 sunt
1450 1891 1585 1962 deputati.
1600 1892 1673 1946 Sunt
1687 1895 1716 1946 et

90 1979 114 2033 in
130 1979 291 2034 dormiendo
313 1977 419 2032 fuerim
437 1976 613 2048 deprehensi,
638 1978 696 2032 heec
718 1977 875 2048 deportatio
916 1980 967 2035 alii
977 1996 1033 2051 prae
1045 1980 1131 2034 nlntio
1141 1979 1283 2034 servitutis
1297 1980 1347 2035 Dei
1358 1979 1453 2034 labore
1463 1980 1602 2045 exhausti,
1615 1978 1715 2051 quibus

89 2069 251 2140 protrahitur
267 2066 403 2138 usquead
418 2067 541 2122 Gloriam
556 2065 736 2138 responsorii,
757 2066 829 2136 quod
845 2065 875 2120 in
918 2069 1005 2124 ctiam
1023 2069 1052 2124 ln
1067 2069 1165 2122 eodem
1195 2069 1280 2123 choro
1298 2068 1407 2124 tadeu
1434 2085 1594 2140 repausare,
1618 2069 1661 2123 vet
1680 2068 1716 2122 ad

90 2173 118 2211 eo
129 2163 262 2213 nocturno
278 2161 321 2211 est
336 2155 479 2211 ultimum.
496 2154 612 2225 siquis,
635 2155 682 2226 qui
702 2155 737 2209 ad
752 2170 876 2226 presens
916 2164 1042 2214 sanctam
1054 2156 1169 2212 Mariam
1185 2163 1244 2212 tam
1257 2157 1366 2212 diurnis
1381 2145 1464 2228 quem
1479 2157 1626 2212 nocturnis
1639 2157 1717 2211 horis

89 2245 169 2316 legere
177 2245 222 2300 rel
237 2249 352 2300 cantare
363 2242 456 2310 debet,
462 2259 526 2298 cum
537 2259 571 2298 ea
580 2243 771 2315 deprehensus
780 2242 874 2309 luerit,
917 2247 1062 2313 interesse,
1078 2251 1186 2318 etpost
1201 2246 1371 2300 matutinum
1387 2246 1539 2302 dormitum
1549 2247 1590 2300 ire
1599 2245 1717 2318 permit·

90 2334 210 2404 evigilans
234 2333 275 2388 illi
293 2332 453 2404 bajulatori,
478 2331 502 2386 si
523 2332 614 2387 adhue
633 2337 693 2387 tam
718 2348 804 2403 prope
823 2337 875 2398 est,
917 2337 997 2403 titur,
1014 2352 1160 2408 quousque
1174 2334 1278 2389 ilribus
1293 2334 1418 2406 pristinis
1434 2334 1629 2389 restituantur.
1647 2335 1719 2389 Sunt

88 2438 190 2476 eausam
202 2421 290 2477 officii
303 2419 348 2477 eui
362 2420 498 2486 insinuat,
520 2425 553 2475 ut
572 2420 736 2476 absconsum
756 2420 874 2475 aulierat.
919 2425 1010 2480 adhuc
1019 2425 1139 2480 forsitan
1154 2423 1250 2488 etaliI,
1266 2424 1314 2495 qui
1329 2423 1429 2492 nrajori
1443 2423 1718 2495 eliquaiutlrmitate,

90 2511 183 2565 Silero
202 2509 731 2581 adhucabitt,idipsumsuocollaterali
743 2508 876 2579 injungit,
919 2514 992 2568 sicut
1002 2519 1046 2568 est
1060 2512 1393 2584 podagra‚Imbeeilliores
1404 2517 1481 2578 suat,
1491 2513 1718 2577 reladeoelaudi,

87 2599 160 2654 etita
170 2599 217 2655 ille
232 2598 320 2654 ricem
333 2599 415 2653 istius
423 2599 454 2653 in
465 2598 665 2653 circumeundo
680 2597 833 2668 agitNuIli
850 2597 877 2651 in
919 2610 951 2656 ut
970 2601 1068 2656 baculo
1083 2617 1179 2676 carere
1199 2605 1350 2671 nequeant,
1368 2605 1395 2653 et
1408 2605 1503 2654 tamen
1518 2601 1659 2655 aliassani
1673 2601 1719 2656 in·

88 2688 170 2743 reditu
193 2689 288 2744 denuo
307 2687 471 2760 porrigitur,
487 2688 540 2742 etsi
567 2687 710 2742 dormiens
731 2703 748 2741 a
767 2691 880 2757 praeter·
921 2696 1033 2746 tersunt
1050 2689 1198 2745 conventui
1213 2707 1219 2754 ;
1234 2687 1300 2754 illis,
1321 2689 1387 2759 quia
1403 2688 1671 2743 consuetudinaliter
1691 2688 1721 2742 ia

88 2783 163 2832 eunte
175 2778 348 2844 inveniatur,
362 2777 417 2832 nisi
432 2777 506 2832 inim
516 2779 597 2848 juxta
612 2778 718 2832 exitum
740 2776 828 2831 chori.
850 2776 880 2831 Si
922 2779 1054 2850 predicto
1070 2779 1154 2832 choro
1169 2793 1283 2832 manere
1296 2793 1352 2830 non
1375 2781 1502 2847 possunt,
1517 2777 1679 2831 conceditur
1690 2776 1720 2832 in

89 2865 118 2931 ei,
133 2867 225 2938 quiin
243 2866 346 2938 majori
372 2867 500 2922 custodia
515 2872 567 2933 est,
589 2867 681 2939 posita
702 2865 796 2932 fuerit,
820 2866 880 2936 ipse
921 2867 1078 2922 Infirmaria
1093 2866 1134 2920 vel
1150 2866 1178 2920 in
1191 2865 1261 2920 cella
1271 2864 1441 2919 novitiorum
1456 2865 1589 2932 dormire,
1605 2865 1640 2919 ad
1655 2880 1721 2918 san·

89 2971 144 3009 cum
162 2973 196 3011 ea
218 2957 358 3028 majorem
385 2956 562 3011 solummodo
588 2957 705 3011 chorum
732 2972 765 3010 eo
798 2954 880 3008 modo
922 2963 994 3012 ctam
1008 2956 1126 3011 Mariam
1139 2954 1184 3010 die
1197 2959 1337 3024 noctuque
1351 2953 1427 3008 horis
1445 2953 1592 3021 interesse,
1607 2957 1723 3025 excepta

86 3043 151 3100 sicut
163 3045 336 3112 dictumest,
363 3046 526 3117 perlustrat,
542 3051 571 3100 et
585 3045 609 3100 si
624 3045 765 3100 neminem
780 3042 819 3098 ibi
834 3043 979 3112 ‹le-cina,
994 3061 1078 3116 quam
1094 3043 1199 3098 infirmi
1223 3048 1289 3097 ante
1312 3042 1462 3114 prandium
1490 3058 1572 3097 suum
1595 3041 1722 3114 proxime

86 3135 269 3205 prehenderit,
283 3136 365 3206 juxta
377 3134 548 3205 analogium,
574 3135 647 3207 quod
668 3138 712 3190 est
734 3134 762 3188 in
789 3133 882 3188 medio
922 3140 1052 3202 cantant3
1068 3133 1140 3187 hane
1152 3131 1227 3187 enirn
1238 3131 1292 3203 ipsi
1305 3131 1335 3185 in
1345 3131 1462 3186 ecclesia
1476 3130 1577 3201 majori
1590 3130 1720 3186 audiunt.

85 3225 177 3293 gradu,
198 3241 263 3279 eam
277 3223 366 3296 ponIt.
380 3223 422 3279 lbi
436 3224 530 3295 aliquo
552 3240 686 3279 converso
708 3227 831 3294 accepta,
854 3224 883 3276 et
923 3223 1022 3294 Itaque
1036 3222 1090 3288 his,
1108 3220 1219 3292 quibus,
1237 3225 1269 3273 ut
1280 3219 1385 3274 dictum
1401 3225 1452 3286 est,
1471 3219 1501 3274 ln
1517 3219 1620 3275 minori
1633 3220 1718 3275 choro

87 3311 122 3366 ita
135 3313 254 3369 eborum
273 3312 496 3368 circumferenda
514 3313 651 3369 aufertur.
923 3313 1000 3366 loeus
1020 3311 1128 3382 jugiter
1151 3308 1324 3376 conceditur,
1348 3308 1474 3363 illiterati
1497 3325 1527 3363 se
1545 3325 1601 3364 non
1631 3309 1722 3364 intro·

342 3401 459 3458 CAPUT
477 3400 615 3456 xxxvii.
923 3399 1050 3467 mittunt,
1067 3398 1124 3454 nisi
1138 3398 1229 3452 locum
1243 3402 1387 3452 vacantem
1399 3397 1530 3464 riderInt,
1547 3403 1575 3452 ct
1588 3401 1656 3452 tunc
1681 3397 1724 3453 illi

131 3493 185 3558 Qus
199 3491 316 3547 debeant
328 3507 360 3550 sa
374 3492 523 3564 interuallo
536 3492 825 3558 obsooasomportore.
923 3487 1074 3560 prseeIpue,
1090 3486 1139 3557 (ρυί
1154 3486 1293 3541 cantando
1309 3485 1377 3544 alios
1392 3485 1620 3557 valeantaIIquid
1638 3485 1723 3557 adju-

113 3580 295 3636 Aoonrersis
310 3583 415 3646 sutem,
425 3579 550 3650 quisunt
561 3585 641 3634 extra
651 3579 777 3644 chorum,
790 3575 885 3649 primi·
923 3591 999 3629 vare.
1020 3573 1149 3629 Eeclesiae
1169 3579 1265 3628 tamen
1287 3572 1427 3644 portarius
1448 3573 1487 3627 ibi
1505 3575 1586 3644 juxta
1609 3573 1722 3640 ostium,

84 3672 124 3722 tus
134 3675 277 3740 portatur,
293 3674 323 3724 et
347 3684 404 3723 non
425 3685 476 3740 per
490 3668 628 3734 ordinem,
653 3668 702 3723 sed
724 3667 883 3739 quicunque
925 3664 998 3734 quod
1010 3662 1085 3716 lorus
1093 3660 1217 3733 respicit,
1233 3662 1324 3716 Iocum
1340 3661 1433 3727 habet,
1449 3661 1507 3716 sire
1520 3662 1558 3716 sit
1568 3662 1722 3730 litteratus,

82 3757 178 3813 melius
193 3763 300 3830 potest,
315 3756 401 3812 alium
411 3755 602 3828 anticipat..Si
613 3761 707 3810 autern
718 3754 825 3828 portari
836 3770 882 3807 ne·
924 3751 981 3805 sive
999 3768 1065 3805 non.
1078 3750 1163 3820 Ergo,
1179 3749 1250 3804 sicut
1266 3749 1371 3804 dictum
1387 3749 1551 3812 est‚litcrati
1562 3750 1722 3821 quicunque

82 3846 206 3916 gligitur,
221 3848 253 3903 hi
267 3862 367 3901 omnes
382 3862 433 3917 per
447 3845 500 3900 hoc
515 3845 714 3901 inclamantur.
736 3843 769 3898 In
779 3843 883 3898 duode·
923 3845 990 3894 sunt
1002 3840 1179 3904 valentiores,
1190 3839 1225 3892 ad
1240 3838 1364 3908 ejusdem
1378 3837 1456 3892 chori
1467 3837 1605 3909 parietem
1613 3841 1690 3893 stunt
1696 3841 1726 3892 et

82 3932 130 3988 cirn
144 3935 317 3991 lectionibus
331 3950 396 3989 mox
408 3934 445 3988 ad
463 3933 575 3990 initium
588 3933 688 4000 tertias,
704 3931 839 4004 septimae,
855 3935 884 3986 et
923 3929 976 3984 lios
995 3927 1153 3994 observant,
1169 3931 1202 3981 ut
1211 3943 1274 3980 cum
1289 3926 1386 3980 eadem
1398 3925 1555 3997 disciplina,
1566 3930 1659 3996 quaet
1671 3925 1722 3990 illi,

80 4024 236 4080 undecimm
250 4023 380 4080 lectionis
394 4023 481 4078 choro
494 4022 624 4078 infertur.
641 4023 670 4078 Si
687 4038 796 4087 norem,
812 4021 884 4076 sicut
925 4017 973 4090 qui
988 4017 1016 4072 in
1032 4015 1133 4087 majori
1146 4019 1213 4070 sunt
1226 4014 1321 4081 choro,
1332 4031 1362 4068 se
1376 4014 1546 4068 contineant.
1563 4013 1617 4078 Qui
1629 4018 1726 4067 tamen

82 4117 143 4168 ante
157 4115 283 4180 Pascha,
293 4113 331 4169 ed
344 4112 507 4176 secundam,
522 4111 650 4184 quintam
665 4116 693 4166 et
706 4115 842 4165 octavam.
854 4109 885 4164 Si
925 4107 978 4161 hoc
1010 4105 1115 4160 habent
1142 4104 1310 4169 relevamen,
1334 4103 1444 4172 quoties
1466 4118 1535 4173 opus
1564 4101 1724 4169 habuerint,

81 4207 134 4255 tres
148 4203 257 4274 longae,
283 4203 320 4257 ad
337 4216 577 4274 unamquamque.
599 4201 629 4257 si
652 4199 759 4266 breves,
783 4199 819 4253 ad
839 4213 886 4252 se·
926 4211 1074 4252 conversos
1088 4193 1119 4248 in
1130 4193 1220 4246 vicino
1233 4192 1338 4263 positos
1351 4207 1402 4264 pro
1423 4207 1454 4246 se
1468 4191 1503 4245 ad
1518 4191 1725 4268 interstandum

84 4290 216 4346 mudum.
926 4285 969 4339 vel
980 4283 1051 4338 alios
1062 4283 1092 4337 in
1105 4279 1358 4355 promptuhabere,
1368 4285 1398 4334 et
1410 4279 1462 4351 ipsi
1477 4296 1562 4351 super
1576 4278 1686 4346 sedilia,
1701 4278 1727 4333 si

342 4377 460 4435 CAPUT
476 4377 629 4434 XXXVIII.
895 4365 991 4446 unse
1005 4372 1044 4427 ibi
1058 4387 1144 4426 vacua
1160 4369 1292 4437 viderint,
1320 4368 1413 4424 dciruo
1430 4373 1549 4440 possunt
1567 4368 1724 4438 quiescere.

314 4468 353 4524 De
362 4469 416 4537 ispe
429 4469 550 4523 minoris
563 4468 650 4522 chori.
930 4463 1002 4518 Sunt
1017 4476 1140 4532 namque
1154 4459 1183 4513 in
1197 4459 1295 4514 eodem
1310 4459 1395 4512 choro
1410 4463 1440 4512 et
1451 4457 1512 4512 aliae
1523 4457 1613 4524 sedes,
1623 4457 1652 4511 in
1668 4456 1730 4529 qui·

111 4561 123 4582 '
137 4557 219 4622 Quia
236 4556 331 4612 minor
343 4557 447 4612 chorus
461 4557 563 4628 majori
581 4555 698 4612 inferius
712 4555 753 4610 ita
777 4558 821 4609 est
838 4553 889 4608 ad·
929 4552 982 4608 bus
995 4550 1165 4604 infirmiores
1177 4564 1228 4620 pro
1248 4545 1396 4601 devitanda
1414 4546 1508 4600 standi
1527 4544 1727 4613 vicissitudine,

77 4645 207 4714 junctus,
221 4649 257 4701 ut
269 4645 382 4718 persius
394 4646 432 4700 sit
443 4646 563 4701 eundem
574 4645 710 4717 majorem
722 4644 838 4698 chorum
849 4641 891 4696 in·
929 4639 1036 4713 jugiter
1050 4639 1158 4693 sedent.
1173 4639 1251 4692 Inter
1275 4652 1345 4708 quas
1359 4641 1388 4690 et
1401 4636 1492 4690 forma
1507 4635 1543 4689 ad
1557 4634 1632 4690 idem
1659 4651 1730 4706 opus

76 4734 292 4804 gredIentibus,
308 4749 364 4790 non
376 4735 467 4790 solum
478 4735 514 4790 ad
527 4739 690 4799 nocturnos,
706 4732 754 4788 sed
766 4731 890 4804 quoties-
932 4736 975 4784 est
990 4727 1090 4801 positu,
1111 4726 1212 4782 sedita
1229 4741 1318 4788 versa,
1333 4729 1366 4780 ut
1381 4725 1430 4796 qui
1444 4739 1530 4796 super
1543 4740 1604 4779 eam
1618 4724 1729 4795 sedent,

77 4838 203 4896 cunque,
216 4827 335 4896 excepto
345 4829 410 4896 post
423 4823 603 4879 relectionem
613 4829 642 4878 et
656 4821 821 4894 capitulum,
833 4820 892 4874 Ira·
933 4817 1032 4872 faciem
1041 4815 1195 4870 lneundem
1206 4813 1465 4869 minoremchorum
1476 4829 1586 4868 versam
1594 4813 1728 4879 babeant,

78 4914 134 4968 tres
147 4913 182 4968 in
198 4911 353 4970 eeclesiam
373 4912 500 4981 ueniunt,
530 4912 654 4968 seniores
681 4909 830 4981 ceterique
856 4907 892 4962 ad
933 4905 981 4979 qui
997 4909 1026 4960 et
1040 4905 1209 4975 intempore
1224 4901 1426 4975 procumbendi
1439 4901 1544 4958 ibidem
1554 4902 1648 4972 jacent
1661 4899 1732 4957 :nisi
1786 4973 1789 4978 Ι

77 5002 206 5070 parietes
220 5002 256 5057 in
270 5001 399 5056 inferiori
424 5007 506 5074 parta
527 5000 644 5072 majoris
658 4998 736 5054 chori
757 4996 892 5053 stationes
933 4995 1020 5067 aliqui
1035 4994 1171 5048 intereos
1189 4989 1563 5064 pmrercreatialocumibi
1577 4989 1730 5061 tuncprio·

75 5087 225 5148 habentes
239 5107 293 5162 per
305 5091 446 5146 minorem
459 5091 577 5146 chorum
591 5090 709 5145 intrant.
724 5087 778 5143 Ubi
792 5092 820 5141 et
835 5101 893 5140 orn·
933 5083 1011 5139 ribus
1030 5082 1089 5138 suis
1103 5082 1171 5136 dent
1183 5100 1190 5149 ς
1204 5081 1276 5144 aliis,
1293 5081 1340 5153 qui
1355 5079 1390 5135 ad
1403 5081 1540 5152 parietem
1551 5083 1629 5134 stant
1647 5091 1732 5147 super

15 5235 16 5246 ,
76 5178 263 5252 nitempors
277 5185 390 5248 exeunt,
406 5179 461 5235 nisi
475 5179 587 5252 quando
601 5194 663 5234 eum
677 5176 741 5232 aliis
756 5175 791 5231 de
808 5175 893 5229 choro
934 5171 1034 5228 sedilia
1047 5174 1077 5225 et
1088 5175 1286 5242 superterram
1301 5167 1414 5224 interim
1430 5163 1731 5240 procumbentibus.ln

15 5263 16 5278 ,
75 5267 740 5339 perordinemreeeduntJJerefectorioautem,
752 5267 894 5322 Conventa
935 5259 1075 5332 praedictis
1089 5259 1203 5314 sedibus
1220 5262 1357 5330 quotquot
1376 5257 1474 5311 sedere
1489 5255 1590 5318 valent,
1614 5267 1664 5323 pro
1687 5249 1733 5305 in·

15 5371 16 5388 ³
76 5359 239 5424 redeunte,
255 5358 349 5413 nullus
362 5363 429 5414 ante
442 5355 690 5427 chorum,nisiqui
705 5353 897 5425 sanguineest
937 5349 1015 5405 dulia
1029 5347 1222 5403 misericordia
1230 5346 1414 5402 continuatim
1424 5343 1528 5414 absque
1537 5339 1671 5412 surgendi
1681 5355 1734 5394 ne-

77 5447 228 5515 minutus,
247 5447 283 5502 de
297 5447 476 5518 processione
486 5446 609 5514 divertit,
623 5445 672 5500 sed
683 5461 781 5501 omnes
790 5441 897 5515 pariter
937 5438 1067 5494 cessitate
1073 5436 1337 5510 repausarelicitum
1346 5433 1458 5489 habent.
1471 5429 1627 5500 aliquando
1635 5429 1732 5498 etlam,

76 5536 144 5594 illus
158 5534 385 5610 mgrediuntur,
400 5551 521 5611 moxque
531 5534 563 5592 ni
573 5530 895 5608 quijuxtassareeolent,
939 5527 987 5600 qui
1003 5525 1097 5583 subito
1111 5527 1140 5582 in
1155 5524 1201 5580 dle
1214 5523 1376 5580 infirmatur
1386 5521 1422 5578 ad
1434 5519 1559 5588 missam,
1570 5518 1615 5574 rel
1633 5519 1670 5575 ad
1682 5516 1736 5573 ati-

229 5634 443 5702 Psrneu.cb.
1571 5615 1610 5682 3¹
