3882 6172
60 237 64 252 “
164 223 217 283 695
621 225 670 282 AD
690 225 810 286 OPERA
829 228 861 296 B,
882 228 1091 288 tarwanam
1109 224 1306 284 tessaura.
1749 219 1803 282 696
1905 275 1906 306 ,

165 350 275 424 ingenti
290 354 405 423 sumptu
419 349 497 421 regio
508 349 607 406 sunere
620 351 758 424 sepultus.
778 355 886 426 Regem
897 372 963 412 vero
972 359 998 419 Α
1008 351 1217 426 loribustempli
1226 349 1347 405 turrium
1358 347 1477 404 alteram
1485 346 1713 420 ingentilragore
1721 355 1809 406 ruen·
1906 356 1907 370 ¹

168 440 338 497 Beccensem
350 456 439 495 novus
451 439 524 494 aries
537 457 608 495 novo
621 439 714 512 pulsat
725 443 966 518 incongruaque
1007 452 1075 509 tem,
1091 444 1194 499 bonam
1212 439 1281 495 facit
1295 439 1377 494 molis
1401 444 1511 510 partem
1533 439 1698 494 destruere:
1728 438 1809 518 qu’us
1907 436 1908 450 ¹

168 532 335 588 Planeseum
362 531 454 602 (cujus
472 530 547 586 leodi
569 529 661 586 nobile
676 539 761 604 caput
774 551 837 590 cum
858 536 966 607 ingenti
1008 533 1178 590 antistitium
1191 528 1308 602 gerebat
1325 529 1458 600 praetatus
1483 527 1602 584 lacobus
1619 525 1807 582 Annibaldus.

168 619 379 694 privilegiorum
394 619 486 691 gloria
501 637 586 691 supra
609 622 784 694 Appevillam
808 624 893 680 situm
913 625 968 694 est)
1044 624 1180 680 Idusvero
1194 618 1338 692 sequentis
1350 617 1426 673 lunii
1441 617 1571 691 septimo,
1583 617 1703 674 lacobus
1714 617 1811 672 cardi·

168 726 216 765 sex
229 709 287 764 sere
303 707 392 764 millia
407 709 687 779 aBeccodistantem,
698 712 822 768 marchio
835 713 969 769 Annibal·
1009 714 1081 769 natis
1094 710 1280 778 Annibaldus,
1302 725 1377 764 anno
1391 709 1523 764 sessionis
1538 707 1684 764 Beccensis
1701 707 1812 763 decimo

170 798 223 853 dus
242 797 393 852 vaaldeus
408 795 506 854 Jacobi
518 799 666 855 Beccensis
687 802 921 858 commendatarii
935 821 968 860 ex
1010 803 1119 876 quinto,
1135 799 1305 870 Rothomagi
1328 797 1379 852 sub
1399 801 1472 854 tecto
1496 799 1621 854 Beccano
1635 796 1767 863 moritur,
1781 796 1812 851 in

170 887 379 942 Claudiolratre
390 903 486 958 nepos,
497 887 729 960 Jacoboquodam
744 891 904 946 Perdiierio
914 893 968 957 (cui
1008 891 1171 964 lippevillea
1184 887 1264 946 sratri
1278 887 1396 944 Claudio
1411 887 1566 960 adpositus.

170 975 211 1031 rei
222 976 376 1031 tractanda
384 976 521 1031 creditum
535 976 629 1032 fuerat
640 979 829 1050 negotiumtin
844 981 968 1053 capitulo
1047 980 1098 1036 Gui
1119 979 1246 1035 succedit
1274 975 1429 1032 [ludovicus
1453 974 1642 1048 Lotbaringus
1657 973 1813 1030 cardinalis

171 1065 304 1121 Beccenai
314 1065 588 1136 rogante,postulat;
605 1066 699 1122 oblata
714 1067 743 1123 in
752 1085 869 1141 pensum
881 1071 971 1126 Guar-
1012 1067 1163 1124 Guisianus
1177 1065 1223 1136 (de
1238 1082 1293 1138 quo
1309 1065 1392 1137 paulo
1407 1070 1492 1118 antea
1504 1063 1701 1136 loquebamur)
1715 1063 1747 1118 iu
1766 1078 1813 1118 re·
1915 1072 1916 1080 ¹

170 1155 297 1227 gueslala
311 1155 487 1210 Aloconensi.
497 1154 586 1227 quue
599 1156 719 1212 fortasse
731 1165 823 1214 tentat
832 1160 971 1232 speretius
1011 1157 1064 1213 bus
1079 1156 1186 1212 bellicis
1200 1153 1252 1210 sub
1265 1153 1448 1210 invictissimo
1464 1152 1556 1208 sidere
1574 1158 1668 1209 natus.

171 1249 288 1317 propter
302 1249 468 1316 praesentem
484 1249 618 1316 patruum
634 1246 767 1313 savorem,¹
780 1247 912 1320 vigetque
931 1249 971 1303 di·
1047 1249 1174 1317 Augusto
1187 1249 1285 1315 postea
1301 1257 1396 1297 mense
1415 1241 1482 1296 dum
1498 1241 1527 1295 in
1541 1240 1664 1314 capitulo
1679 1240 1816 1296 Beccensi
1917 1232 1918 1238 ἵ

174 1333 308 1407 ligentius
322 1333 415 1390 vicina
438 1333 622 1388 commoditas
635 1334 671 1389 ad
687 1335 728 1390 rei
742 1336 888 1392 familiaris
904 1354 971 1392 con·
1013 1333 1213 1406 archiepiscopi
1226 1331 1462 1404 Rothomagenais
1474 1331 1606 1386 visitandi
1615 1335 1710 1402 partes
1716 1335 1817 1402 ageret

173 1421 290 1491 geriem.
301 1423 369 1478 Tres
378 1422 492 1477 interim
507 1439 540 1477 er
552 1422 655 1478 nostris
670 1424 912 1498 nominantur,qui
927 1444 970 1482 so·
1013 1426 1047 1481 D.
1063 1423 1203 1480 Parrisius
1217 1422 1345 1486 antistes,
1354 1420 1454 1492 exiguo
1466 1425 1533 1476 tunc
1547 1420 1751 1474 monachorum
1759 1436 1813 1474 nu-

174 1510 970 1585 lumtumrogatumtumoblatumdiligenterexaminent,
1014 1530 1092 1569 mero
1107 1529 1157 1587 pro
1172 1518 1298 1583 tempore
1322 1509 1481 1572 consulens,
1505 1508 1540 1563 de
1559 1509 1652 1580 rigore
1667 1509 1816 1564 claustrali

175 1615 294 1671 quorum
309 1601 401 1656 relatu
418 1616 463 1654 res
483 1600 544 1672 ipsa
571 1603 719 1658 tractanda
747 1604 792 1658 sit.
815 1605 974 1660 Exstruitur
1015 1597 1816 1674 aliquidgratioselaxat,quojunicresadipsalitterarum

176 1689 285 1742 interea
299 1687 373 1760 apud
392 1688 566 1760 Appevillam
582 1690 667 1746 castri
691 1690 859 1748 Annibaldci
874 1695 970 1760 moles,
983 1687 1817 1776 Brudimentapromoverentcommodiuspermittiturita-

177 1777 256 1847 cujus
271 1777 341 1830 fines
353 1775 565 1848 dominiumque
580 1778 730 1833 extendere
746 1778 821 1834 illius
835 1781 974 1851 planeseoe
1017 1797 1071 1853 que
1082 1780 1188 1852 apertis
1206 1777 1286 1832 libris
1298 1777 1326 1832 in
1337 1778 1421 1832 choro
1431 1792 1542 1842 canere,
1557 1776 1703 1848 quodante
1710 1793 1818 1848 magna

177 1866 277 1921 domus
291 1865 470 1936 turriumque
486 1865 648 1922 advectione
663 1868 833 1924 marchionis
847 1887 911 1942 spes
926 1870 973 1924 ob·
1017 1869 1151 1940 temporis
1168 1870 1280 1937 jactura
1295 1866 1458 1922 memoriter
1472 1864 1566 1920 tiebat.
1586 1866 1664 1922 inter
1676 1866 1819 1922 nolentes

81 2001 84 2006 .
177 1955 317 2011 firmatur.
335 1954 442 2010 Forsan
457 1971 521 2010 vero
543 1955 675 2010 fecissent
687 1956 756 2011 satis
772 1958 933 2026 Beccenscs
951 1960 976 2015 si
1017 1965 1135 2013 monast*
1146 1957 1251 2012 riorum
1260 1955 1491 2028 depredationes,
1504 1961 1579 2010 esset
1587 1955 1663 2027 quod
1676 1955 1819 2012 miserum

178 2060 274 2098 rerum
285 2043 430 2114 aequalitas
446 2050 530 2114 atque
546 2043 668 2100 conditio
680 2045 857 2116 postulasset,
875 2046 898 2100 si
909 2048 975 2117 jura
1018 2048 1151 2102 Beccense
1159 2047 1321 2116 loqueretur
1332 2064 1338 2098 :
1351 2045 1425 2099 unde
1435 2043 1581 2100 exturbato
1592 2044 1819 2100 venerandorum

179 2134 312 2188 clausulis
323 2133 552 2204 pertinacissimis
565 2150 620 2189 non
637 2133 811 2190 obstitissent
824 2136 921 2206 (causa
931 2137 972 2202 rt,
1016 2137 1132 2191 Patrum
1158 2141 1240 2200 caetu,
1257 2135 1326 2189 dum
1351 2150 1400 2206 per
1420 2133 1656 2189 Northmauniam
1669 2139 1821 2206 grassatur

179 2221 313 2296 quasti,
331 2239 391 2294 cap.
409 2219 452 2290 37,
466 2229 494 2277 et
504 2221 539 2279 52
558 2221 614 2286 56).
626 2222 739 2278 lateatis
755 2224 851 2296 itaque
866 2227 976 2297 nepotis
1018 2224 1163 2281 admiratis
1178 2225 1285 2286 Gallus,
1301 2223 1469 2303 obmutescit
1491 2223 1578 2278 divini
1603 2224 1695 2280 cultus
1710 2223 1820 2280 exerci-

180 2311 275 2378 rebus,
304 2311 398 2384 patrui
417 2312 564 2384 purpurati
588 2311 699 2368 animus
715 2313 816 2369 intres
834 2315 978 2386 delegatos
1019 2315 1100 2377 tium,
1115 2313 1213 2368 occisis
1228 2313 1302 2368 inter
1320 2313 1502 2368 immaturam
1522 2315 1618 2385 lugam
1636 2312 1744 2368 duobus
1760 2329 1821 2368 mo·

184 2401 346 2468 monachos,
362 2400 538 2456 dissimulato
549 2400 704 2474 prudenter
717 2403 976 2474 stomachafervet3
1019 2403 1126 2470 nachis‚
1143 2401 1272 2458 Gabriele
1287 2402 1397 2469 Botteo,
1408 2407 1437 2458 et
1451 2401 1554 2457 Jacobs
1567 2403 1673 2474 Nocyo.

182 2489 337 2562 officiisque
351 2490 486 2561 privatos,
504 2489 618 2546 secundi
632 2489 733 2563 prioris
748 2491 863 2560 scilicet,
880 2499 979 2548 canto·
1058 2511 1069 2543 ι
1082 2492 1143 2547 Duo
1154 2491 1288 2563 postremi
1299 2489 1414 2546 abbates
1422 2490 1501 2546 fuere
1512 2491 1655 2546 Caerulus
1662 2490 1822 2547 mansam-

182 2577 221 2633 ris
236 2583 321 2652 atque
335 2579 459 2633 sacristae
474 2579 503 2634 in
519 2584 628 2634 exteras
654 2580 875 2652 remotionesque
895 2582 979 2636 cellas
1021 2595 1073 2636 aas
1100 2599 1185 2652 eques
1213 2581 1371 2646 Aurnelius,
1388 2580 1436 2652 qui
1450 2580 1572 2636 violenta
1592 2585 1683 2636 morte
1697 2579 1769 2636 obiit
1788 2581 1821 2636 S.

183 2667 322 2721 exturbat.
337 2667 463 2732 Quorum
484 2683 535 2740 ego
551 2668 649 2724 ordine
671 2669 810 2725 secundus
832 2670 978 2742 abjectior,
1022 2669 1150 2744 Dionysii
1163 2670 1192 2724 in
1206 2670 1331 2736 Francia,
1339 2668 1384 2724 die
1394 2671 1479 2726 tertio
1489 2669 1626 2735 ianuarii,
1638 2668 1789 2726 annlbtll.
1805 2689 1819 2720 a

182 2755 232 2810 sed
247 2756 303 2810 tale
317 2753 398 2810 nobis
412 2756 539 2812 exsilium
553 2772 604 2829 pro
620 2755 746 2812 Ecclesia
759 2774 854 2813 suave.
869 2759 981 2816 Accidit
1060 2781 1071 2812 ι
1089 2761 1242 2816 Doarnrcvs
1254 2772 1289 2813 os
1301 2758 1355 2820 Vre
1368 2757 1593 2830 archiepiscopus
1605 2759 1750 2815 aucensis.
1769 2779 1781 2808 υ

183 2843 290 2900 tamin
311 2845 412 2915 maiori
433 2845 618 2902 Lexoviorum
643 2845 759 2902 ecclesia
783 2845 929 2904 ambarum
952 2848 981 2902 in

506 3167 570 3232 80
593 3159 801 3222 PRAEFATIO
823 3161 876 3221 AD
899 3159 1023 3223 vlratt
1043 3161 1187 3222 SANC'll
1209 3160 1398 3224 HEllLUlNl
1420 3155 1496 3240 (76).

220 3426 400 3484 Consuetudo
415 3427 469 3482 luit
488 3426 564 3498 apud
578 3431 686 3482 veteres
701 3428 840 3497 majorum
866 3444 982 3483 suorum
992 3429 1015 3490 G
1026 3431 1186 3484 Merrventote
1197 3433 1407 3500 prepositorum
1420 3434 1637 3501 oestroram,qui
1651 3433 1724 3486 uobis
1736 3433 1828 3486 locuti

185 3516 324 3586 imagines
338 3515 456 3587 erigere,
465 3517 736 3587 etpraeelaraeorum
747 3515 820 3571 sacta
836 3517 980 3572 memoriae
1023 3523 1089 3572 sunl
1100 3520 1213 3573 eertum
1225 3520 1284 3586 θεὴ
1300 3535 1421 3590 quoram
1434 3523 1573 3576 intuentes
1586 3524 1693 3576 scitam
1708 3536 1827 3576 conver-

186 3603 333 3662 scribendo
347 3605 545 3661 commendare
557 3605 593 3660 ad
612 3604 840 3661 informationem
856 3610 985 3677 postero·¹
1026 3610 1317 3674 sationis,imitamini
1321 3608 1676 3682 tldemffletr.x1n,tl,7).dd
1687 3611 1739 3666 hoc
1746 3609 1827 3665 enim

186 3711 260 3762 rum,
277 3695 313 3750 ad
327 3693 599 3766 exemplumscilicet
611 3694 722 3749 virtutis
733 3699 762 3750 et
770 3694 984 3750 incitamentum
1027 3694 1188 3751 scribuntur
1201 3697 1244 3752 vel
1257 3698 1390 3770 leguntur
1401 3699 1508 3754 strenui
1532 3705 1611 3754 actus
1624 3706 1653 3755 et
1669 3699 1746 3756 mirre
1768 3700 1829 3754 vir-

187 3782 343 3856 probitatis.
360 3783 440 3848 Quod
452 3782 491 3837 *ob
509 3779 538 3838 id
554 3783 653 3856 utique
669 3783 785 3839 actitare
800 3784 937 3840 curabant
955 3791 988 3840 ut
1028 3790 1103 3841 tutes
1118 3793 1288 3854 sanctorum,
1310 3793 1342 3843 ut
1356 3788 1385 3842 in
1395 3789 1439 3843 his
1453 3789 1585 3844 laudetur
1596 3789 1679 3854 Deus,
1695 3788 1729 3843 de
1742 3789 1826 3860 cujus

188 3874 237 3946 qui
250 3873 335 3930 aliam
351 3872 521 3943 ignorabant
544 3871 639 3940 vitam,
653 3872 706 3928 boe
730 3874 812 3929 modo
831 3873 884 3928 sibi
906 3879 934 3930 et
952 3875 987 3930 iis
1026 3877 1203 3947 gratiasunt,
1216 3882 1244 3932 et
1258 3877 1381 3931 minores
1396 3878 1514 3948 vestigia
1524 3879 1665 3950 majorum
1675 3879 1827 3950 quaesequi

187 3960 854 4036 quosscriberesusciptebant,praesentemquam
865 3965 986 4020 maxime
1027 3963 1147 4019 debeant
1169 3965 1344 4037 aspicientes,
1370 3966 1430 4020 sine
1450 3966 1603 4022 offensione
1616 3965 1742 4040 passibus
1755 3965 1827 4023 boni

189 4053 354 4110 memoriam
369 4051 511 4108 efficerent
522 4053 646 4124 longam,
662 4053 841 4125 laudemque.
859 4059 891 4108 nt
905 4059 986 4125 puta·
1026 4055 1119 4126 operis
1133 4059 1248 4110 currant
1262 4055 1334 4109 viam
1358 4054 1457 4111 salutis
1473 4056 1508 4111 ad
1523 4056 1641 4128 gloriam
1658 4063 1686 4112 et
1704 4055 1740 4111 ad
1755 4054 1826 4111 bra-

187 4141 267 4209 bant,
282 4147 460 4206 mererentur
474 4157 636 4213 pereanem.
663 4142 783 4198 &cntra
804 4143 985 4198 ecclesiastici
1027 4142 1100 4197 vium
1114 4159 1242 4215 superna
1255 4142 1477 4199 vocationisDei.
1489 4145 1548 4199 lloc
1558 4145 1685 4200 fecerunt
1701 4145 1825 4217 antiqui,

186 4232 347 4305 scriptores,
357 4231 501 4304 passiones
513 4237 542 4286 et
553 4231 624 4287 vites
635 4231 857 4303 sanctorum,qui
868 4233 984 4304 planum
1026 4230 1079 4286 boc
1093 4230 1199 4286 faciunt
1208 4230 1299 4286 adhuc
1309 4231 1391 4287 istius
1405 4234 1581 4304 tempestatis
1597 4234 1688 4297 multi,
1697 4235 1828 4288 nolentes

188 4322 242 4378 iter
266 4321 385 4394 justitiae
410 4320 592 4393 sequentibus
617 4320 761 4376 laboribus
781 4321 840 4376 suis
862 4322 985 4392 relique·
1027 4320 1170 4393 praeterire
1196 4321 1328 4376 tacendos
1350 4337 1419 4392 quos
1441 4322 1561 4393 alicujus
1582 4323 1717 4379 momenti
1737 4323 1829 4378 luisse

189 4415 265 4479 runt,
281 4415 310 4467 et
323 4412 413 4466 Deum
434 4410 463 4465 in
482 4411 539 4466 vita
557 4415 586 4465 et
607 4410 638 4465 in
657 4415 748 4466 morte
774 4426 825 4466 sua
846 4411 986 4482 glorifica·
1029 4415 1174 4482 putarunt.
1190 4411 1268 4465 Inter
1283 4423 1353 4481 quos
1371 4411 1524 4468 Beccenscs
1548 4411 1654 4484 primes
1668 4412 1756 4483 ipsius
1771 4413 1829 4467 loci

195 4505 304 4566 verunt,
326 4499 424 4554 eedem
448 4499 561 4571 quidem
576 4499 631 4565 via,
652 4499 766 4554 sednon
782 4501 880 4555 eadem
897 4501 988 4555 inten-
1030 4503 1193 4564 structores
1211 4503 1240 4554 et
1253 4504 1401 4564 erectores,
1418 4501 1485 4572 quia
1503 4502 1562 4557 Deo
1578 4501 1646 4568 noti,
1662 4506 1692 4556 et
1707 4501 1830 4556 homini-

191 4591 270 4646 tione
299 4586 422 4644 scribere
446 4588 625 4644 studuerunt.
655 4591 727 4644 Nam
756 4589 873 4662 perinde
897 4607 990 4646 succe-
1029 4585 1083 4639 bus
1091 4583 1169 4639 chari
1184 4583 1308 4650 fuerunt,
1321 4590 1353 4640 ut
1362 4584 1446 4641 rebus
1460 4586 1529 4658 ipsis
1545 4587 1656 4654 claruit,
1667 4586 1831 4642 mandando

193 4677 324 4734 dentibus
343 4677 535 4734 decedentium
547 4678 663 4734 Petrum
679 4678 760 4747 vitae,
776 4684 805 4734 et
818 4695 910 4734 mores
925 4680 990 4735 inti·
1030 4673 1141 4741 litteris,
1168 4679 1231 4746 post
1252 4689 1282 4728 se
1304 4675 1428 4729 venturis
1443 4691 1540 4730 eorum
1559 4677 1635 4748 piam
1653 4677 1833 4749 reliquerunt

193 4784 271 4824 mare
285 4767 451 4822 voluerunt:
468 4782 524 4821 non
538 4767 574 4821 ad
584 4767 753 4838 captandum
768 4769 842 4839 vulgi
855 4763 1207 4836 lavorem‚1)memoriam‚
1229 4763 1281 4817 hoc
1304 4769 1347 4818 est
1370 4763 1445 4820 beati
1461 4764 1554 4820 Patris
1569 4766 1710 4832 Herluini,
1726 4766 1833 4822 nobilis

194 4857 243 4912 sed
267 4862 301 4912 ut
317 4861 500 4927 agnoscentes
523 4856 671 4926 religiosas
695 4873 792 4913 eorum
807 4857 992 4913 conversatio-
1033 4868 1144 4924 quoque
1171 4852 1305 4915 Wilelrni,
1332 4858 1417 4924 atque
1451 4855 1651 4926 sapientissimi
1678 4856 1797 4912 Bosonis
1823 4877 1831 4925 ;

195 4962 256 5012 nes,
273 4946 308 5001 ad
329 4945 448 5016 gloriam
477 4945 528 5000 Dei
551 4945 681 5001 laudibus
705 4946 876 5012 attollerent,
890 4953 919 5001 et
939 4947 991 5002 sibi
1033 4942 1122 4998 sancti
1136 4940 1446 4997 verodnselimiVitam
1459 4943 1518 5015 (qui
1533 4945 1672 5000 secundus
1687 4944 1774 5000 abbas
1786 4963 1834 5000 er·

195 5037 339 5108 exemplar
351 5035 525 5108 propositum
539 5033 611 5090 bene
625 5035 743 5102 vivendi,
766 5035 873 5091 actibus
896 5053 991 5108 prose-
1033 5032 1107 5088 stitit
1122 5031 1210 5101 ipsius
1231 5030 1296 5098 loci)
1323 5031 1438 5102 quidam
1453 5033 1649 5090 (lantoniensis
1668 5036 1766 5104 edidit,
1783 5038 1835 5108 qui

195 5131 358 5199 querentur,
382 5129 415 5180 ut
439 5130 574 5180 aeternam
602 5131 831 5195 promererentur
866 5142 994 5180 remune-
1035 5121 1061 5176 ei
1076 5119 1203 5186 adhaesit,
1215 5124 1244 5174 et
1258 5135 1348 5191 usque
1361 5121 1396 5174 ad
1409 5127 1528 5178 mortem
1544 5127 1574 5179 in
1588 5125 1834 5198 archiepiscopatu

196 5216 343 5274 rationem.
364 5215 445 5272 Unde
464 5213 579 5286 quidam
594 5214 706 5286 sapiens
729 5215 989 5270 hortaturdiccns:
1034 5209 1192 5277 deservivit,
1210 5225 1273 5281 quo,
1303 5210 1360 5264 Deo
1385 5211 1506 5278 volente,
1522 5214 1675 5270 translatus
1703 5214 1780 5284 l'uit3
1806 5223 1837 5271 et

196 5309 349 5362 Laudemus
368 5307 441 5358 uiros
453 5305 593 5371 religiosos
603 5308 628 5358 et
640 5308 770 5372 parentes
783 5309 888 5357 nostros
904 5307 934 5357 in
951 5321 993 5372 go·
1034 5299 1168 5371 quidquid
1186 5298 1220 5353 de
1235 5315 1267 5352 eo
1282 5298 1376 5352 videre
1390 5298 1433 5353 vel
1458 5301 1556 5357 audire
1579 5305 1680 5376 potuit,
1696 5304 1835 5376 scriptum

196 5400 342 5452 nerotione
361 5409 413 5448 svo
431 5394 516 5460 illecti
541 5409 615 5455 sarr,
644 5393 681 5463 l);
706 5399 790 5465 atque
811 5393 960 5465 Apostolus
987 5414 993 5448 :
1037 5390 1161 5461 reliquit.

229 5535 286 5610 (llil
305 5538 427 5610 Hujusce
446 5537 618 5610 prelationis
639 5542 736 5593 auctor
757 5541 798 5604 (ut
817 5539 893 5608 putot
911 5538 987 5594 llillo
1005 5533 1157 5604 i'rispinus.
