3872 6162
226 245 278 309 967
677 249 683 254 ’
743 253 773 310 S.
788 253 986 312 emmetra
1005 251 1158 313 ABBA'l'lS
1177 249 1349 310 massua.
1546 311 1547 315 ,
1627 291 1630 295 -
1785 245 1827 307 908

222 394 324 434 manus
337 392 395 432 non
415 379 493 431 tenet
514 375 617 448 aliquis
637 377 665 432 in
689 379 763 448 sinu,
786 381 833 436 secl
849 381 877 436 in
900 380 1230 452 manicasApn'usquam
1251 377 1320 434 ordo
1342 375 1484 430 seniorum
1511 367 1668 444 praeteribit.
1685 370 1738 426 Hoc
1753 375 1829 426 auten
1911 377 1912 388 ¹

223 468 321 528 mittit,
333 482 437 537 easque
451 466 627 537 constringit,
644 485 679 522 ne
694 468 768 524 inter
782 471 973 525 inclinandum
990 470 1023 524 ad
1067 471 1209 544 permvidet,
1222 485 1258 524 ne
1274 468 1355 539 juxta
1371 463 1515 519 introitum
1534 460 1655 532 capituli,
1672 464 1734 514 tunc
1749 461 1831 515 iratres

222 562 327 612 terram
338 553 511 626 pertingant.
522 572 583 625 quae
596 555 740 613 inclinatio
753 559 800 613 illa
814 560 932 614 multum
943 559 1026 613 debet
1066 561 1095 614 in
1104 565 1251 630 conspectu
1263 555 1389 610 carinium
1403 550 1552 608 standosui
1563 550 1711 621 ingressum
1721 557 1830 619 espectet,

222 661 284 699 esse
307 642 463 710 subcrissa3
488 659 540 697 nec
565 643 637 698 adeo
658 646 694 699 ad
717 646 801 700 aliam
828 646 1023 717 psalmodiam,
1066 649 1113 703 sed
1143 662 1284 702 accessum
1310 659 1391 698 suern
1417 642 1457 695 ita
1477 644 1623 709 temperet,
1645 642 1675 692 ut
1698 653 1762 700 mox,
1781 653 1833 690 cum
1911 639 1912 654 ¹

221 733 352 788 nantilla
376 732 460 786 nianis
483 732 662 794 mediocriter
685 736 789 806 agitur,
807 736 835 790 in
855 742 977 792 tanturn.
994 741 1027 790 ιιι
1066 736 1224 794 accesserit.
1240 731 1437 788 convenienter·
1449 727 1566 783 introire
1579 726 1674 780 valeat.

220 829 337 894 propter
346 822 419 876 hanc
431 837 530 876 manus
541 821 570 876 in
583 823 707 878 manicas
717 825 752 878 ad
763 825 957 895 stringendum
968 842 1024 880 non
1102 825 1155 881 Sed
1173 833 1202 879 et
1215 821 1358 878 sciendum
1374 824 1426 874 est.
1443 817 1517 889 quod
1533 816 1556 871 si
1569 814 1668 886 aliquis
1681 818 1834 884 posteaquam

220 910 523 966 mittantur'lldillam
531 911 708 981 prolixiorem
716 914 1023 984 psalmorumdloriam,
1066 921 1218 970 conventus
1232 911 1265 966 ad
1282 916 1407 965 salectam
1423 907 1538 962 llariam
1555 902 1705 968 intraverit,
1716 901 1836 956 iniremu-

221 1017 283 1072 quae
303 999 435 1072 praedicta
450 1004 501 1060 est.
524 1001 719 1072 unusquisque
741 1010 870 1056 accurate
885 1002 1023 1068 observat,
1066 1003 1189 1058 tatinum
1206 1001 1241 1055 de
1255 998 1386 1054 omnibus
1397 994 1502 1050 sanctis
1511 991 1706 1064 supervenerit.
1714 989 1735 1043 si
1746 998 1836 1060 tempus
1911 1007 1912 1050 3

219 1096 253 1146 ut
267 1090 296 1145 in
308 1091 364 1144 sane
378 1089 455 1143 verbi
470 1089 569 1144 Sancto
583 1106 613 1145 se
626 1106 689 1147 curn
705 1091 766 1144 aliis
781 1089 877 1162 erigat.
1066 1099 1110 1146 est
1133 1089 1334 1164 procumbendi
1352 1103 1440 1158 usque
1462 1084 1498 1139 ad
1514 1084 1598 1138 linem
1622 1079 1717 1153 psalmi
1739 1080 1836 1134 ιιιιιιιι
1911 1091 1912 1098 “

258 1181 326 1250 luo.)
350 1178 431 1243 Quod
452 1177 476 1232 si
499 1179 596 1232 sedere
620 1179 710 1234 voluit
729 1180 803 1234 inter
826 1180 1022 1252 psalmodiam,
1065 1185 1226 1245 asininam,
1245 1180 1354 1234 veniam
1369 1177 1460 1232 iacere
1475 1173 1567 1236 debet,
1579 1172 1627 1228 sed
1641 1187 1692 1226 non
1707 1176 1798 1242 postea.
1810 1168 1838 1223 Ut

220 1268 349 1323 observat
369 1283 405 1321 ne
420 1267 517 1320 sedeat
526 1267 606 1336 juxta
619 1267 705 1322 alium
722 1269 885 1336 sedentem
910 1269 957 1323 sed
974 1269 1023 1334 ita,
1067 1281 1161 1328 autem
1172 1271 1208 1324 ad
1228 1276 1381 1324 nocturnos
1396 1266 1507 1320 redeam
1525 1282 1531 1316 ε
1549 1262 1596 1334 qui
1611 1260 1680 1316 inim
1695 1259 1800 1331 psalmos
1810 1258 1838 1311 ad

220 1363 253 1413 ut
266 1375 340 1412 unus
364 1363 420 1411 stet
442 1361 470 1410 et
493 1357 564 1410 alter
584 1356 689 1422 sedeat,
712 1363 741 1411 et
756 1357 872 1412 invicem
895 1359 1026 1412 exhibere
1067 1359 1263 1415 dormitorium
1279 1357 1364 1420 vadit,
1380 1355 1403 1408 si
1422 1360 1465 1408 est
1479 1353 1629 1409 litteratus·
1650 1349 1720 1402 init?
1732 1346 1838 1401 eumdem

221 1445 326 1501 debent
335 1445 509 1500 occasionem
525 1444 650 1499 sedendi.
664 1449 676 1471 *
690 1445 731 1498 ltd
744 1452 896 1501 nocturnos
911 1447 1024 1517 quidem
1067 1449 1185 1504 recitare
1199 1447 1310 1503 eosdem
1322 1461 1377 1500 non
1386 1441 1518 1514 negligit.
1537 1441 1560 1496 si
1571 1440 1737 1496 illitteratus.
1748 1434 1838 1490 interim

220 1536 251 1590 in
271 1535 391 1590 duorum
408 1535 582 1606 psalmorum
598 1533 708 1604 spatio;
723 1535 758 1588 ad
775 1535 945 1590 matutinum
962 1552 1025 1590 vero
1066 1545 1109 1594 tot
1127 1542 1208 1594 Pater
1231 1542 1323 1592 noster
1342 1539 1446 1598 cantat,
1469 1537 1538 1602 quot
1556 1529 1678 1602 psalmos
1700 1542 1731 1580 ao
1747 1525 1839 1579 absente

221 1641 332 1696 aequum
347 1624 411 1678 illos
424 1623 547 1694 quinque
562 1623 684 1695 psalmos
695 1623 853 1690 dividendo,
864 1625 975 1679 sicutet
989 1624 1023 1679 ad
1067 1634 1219 1683 conventus
1234 1623 1341 1697 psallit.

221 1720 336 1768 ceteras
345 1713 417 1766 vices
428 1717 456 1766 et
467 1712 562 1769 horas.
575 1715 657 1782 prout
668 1717 735 1766 tunc
745 1719 906 1784 competens
916 1697 1055 1768 videturss
1343 1711 1460 1768 aalma
1478 1707 1589 1764 XXXV.

220 1801 336 1856 sedendi
351 1800 522 1855 vicissitudo.
540 1800 594 1854 Sed
609 1799 752 1855 sciendum
769 1801 843 1873 quod
858 1802 892 1856 nd
908 1803 1024 1857 matuti—
1287 1801 1424 1870 Quaerenda
1442 1801 1533 1867 [ιάιιι
1550 1797 1647 1851 sedeat.

220 1907 290 1946 num
315 1889 388 1945 intra
413 1890 552 1961 psalmum
580 1891 651 1944 Dens
677 1894 851 1954 asciscerentur,
877 1907 968 1962 neque
995 1892 1025 1946 in
1101 1897 1155 1960 lna.
1176 1891 1426 1962 eaetubimnqua
1442 1887 1630 1951 iratersedet,
1647 1897 1779 1953 nunquam
1793 1896 1840 1934 rna·

221 1980 324 2036 minori
339 1979 435 2044 choro,
448 1995 538 2050 neque
553 1984 630 2032 extra
644 1979 678 2033 ad
694 1980 755 2049 ejus
770 1979 917 2050 parietem,
934 1996 1025 2050 neque
1066 1983 1142 2038 nicas
1162 1982 1289 2036 dimittat
1303 1981 1343 2035 ita
1365 1979 1541 2049 negligenter
1559 1976 1595 2030 ad
1611 1983 1712 2029 terram
1732 1970 1840 2042 pendere,

222 2071 253 2126 in
267 2069 384 2125 minoris
402 2069 480 2123 chori
497 2067 661 2122 occidentali
676 2067 748 2122 linea
764 2086 781 2122 a
793 2085 935 2140 quoquam
948 2069 1025 2123 sedc-
1067 2078 1114 2128 sed
1127 2072 1150 2126 si
1166 2087 1267 2125 manus
1279 2075 1345 2124 sunt
1356 2068 1430 2122 inira
1444 2067 1547 2123 sinum.
1562 2060 1840 2118 manicaeextresinum

222 2166 280 2225 tur,
300 2159 464 2230 priusquam
478 2173 598 2227 sequens
621 2157 745 2228 psalmus
772 2157 914 2228 incipitur,
935 2173 1026 2228 neque
1067 2163 1096 2217 in
1110 2169 1301 2216 transversum
1325 2157 1383 2212 sint
1402 2156 1532 2211 collectae.
1550 2154 1578 2208 Si
1604 2157 1716 2224 propter
1738 2147 1803 2202 aliud
1815 2148 1841 2200 dt

223 2247 259 2304 ab
281 2248 376 2319 aliquo
397 2263 513 2318 prorsus
536 2247 572 2300 ab
591 2245 707 2301 ecclesia
730 2245 831 2300 exitur.
858 2246 1026 2317 Hujusmodi
1066 2251 1220 2307 choraeam
1235 2248 1327 2318 lunge.
1343 2251 1375 2300 ut
1389 2243 1538 2299 conventui
1552 2243 1654 2297 absens
1666 2241 1749 2300 [ieret.
1763 2235 1840 2306 exigit,

222 2344 317 2395 autern
341 2336 503 2392 interscissa
527 2334 615 2390 sessio
639 2335 757 2389 fratrum
772 2351 789 2388 a
804 2334 961 2390 senioribus
984 2341 1027 2391 est
1067 2341 1109 2394 vel
1132 2339 1155 2394 si
1178 2345 1275 2410 postea
1298 2336 1374 2389 venit
1398 2350 1481 2406 quam
1505 2333 1577 2386 liora
1599 2337 1642 2386 est
1661 2330 1787 2391 inchoata,
1808 2324 1841 2377 vel

222 2426 380 2483 inchoanda
393 2442 457 2480 mox
472 2424 576 2495 inipso
591 2424 744 2496 primordio
759 2433 970 2480 nocturnorum.
981 2425 1023 2479 Ad
1065 2429 1140 2484 aliud
1163 2427 1296 2489 officium,
1320 2423 1399 2496 prius
1422 2422 1455 2476 ad
1483 2422 1574 2475 altare
1593 2419 1716 2480 inclinat,
1730 2431 1803 2489 quam
1814 2411 1842 2466 ad

221 2518 341 2574 formam
357 2515 391 2570 de
406 2513 522 2586 pariete,
537 2529 624 2567 causa
639 2513 806 2568 interstandi
820 2515 915 2568 nullus
930 2514 972 2568 vel
988 2514 1024 2568 ad
1065 2517 1159 2572 locum
1183 2515 1313 2570 divertat.
1330 2514 1399 2568 llluc
1413 2529 1477 2566 vero
1492 2510 1660 2583 perveniens
1677 2507 1700 2562 si
1714 2505 1757 2560 alii
1770 2517 1843 2573 neque

220 2605 304 2661 breve
314 2601 656 2666 munientumdescendit;
669 2603 716 2656 sed
729 2619 778 2672 pro
790 2603 886 2657 eadem
895 2619 979 2658 causa
988 2603 1024 2657 ad
1065 2607 1099 2662 ad
1116 2607 1205 2660 altare
1220 2610 1287 2658 sunt
1306 2601 1388 2660 versi.
1410 2618 1502 2673 nequa
1524 2599 1625 2654 sedent
1642 2604 1698 2653 uem
1718 2592 1843 2651 summisse

221 2695 357 2767 parietem
368 2691 470 2764 aliquis
481 2701 559 2746 stans
574 2691 644 2745 etin
660 2699 791 2762 quartum
806 2691 893 2746 sedile
906 2692 1021 2746 secedit.
1065 2711 1149 2766 quam
1164 2701 1194 2750 et
1210 2708 1309 2764 nuper,
1330 2698 1427 2746 contra
1438 2691 1528 2745 altare
1543 2688 1571 2742 in
1587 2685 1685 2742 faciem
1696 2701 1769 2740 suam
1782 2680 1843 2736 incli-

220 2781 531 2854 Econtraadparietem
543 2781 685 2844 deforma,
698 2779 905 2836 sivelitteratus
924 2781 1024 2836 siveil.
1065 2791 1126 2852 navt,
1149 2797 1303 2853 omnesque
1321 2780 1453 2836 similiter
1479 2781 1629 2847 inclinant,
1644 2773 1766 2832 manibus
1784 2771 1843 2825 inter

220 2874 371 2934 litteratus,
388 2871 495 2925 tamde
518 2869 719 2941 superioribus,
741 2887 826 2941 quam
845 2869 1023 2924 inferioribus
1064 2890 1189 2929 manrcas
1202 2890 1310 2942 missis
1328 2888 1384 2928 non
1399 2878 1494 2926 tamen
1508 2871 1550 2924 ιιι
1563 2869 1700 2926 altesrcut
1714 2865 1766 2924 alle
1777 2858 1842 2914 ineli-

219 2979 310 3034 pro
283 2962 428 3016 baccausa
439 2959 569 3014 secedere
580 2965 680 3030 potest,
695 2959 749 3013 nisi
760 2959 807 3030 qni
823 2959 1024 3030 majoricusto-
1064 2969 1143 3019 nant
1161 2964 1267 3019 Contra
1285 2963 1376 3033 majus
1390 2961 1480 3015 altare
1503 2974 1650 3030 nunquam
1673 2953 1788 3014 inclinat,
1799 2937 1843 3002 nial

218 3053 272 3107 dice
286 3052 437 3122 deputatus
451 3055 502 3103 est.
515 3048 565 3104 lllc
578 3055 687 3103 tantum
700 3048 758 3103 suis
771 3047 1020 3116 collateralibus,'
999 3065 1023 3102 aa
1065 3053 1212 3108 manilius
1205 3070 1234 3107 m
1245 3051 1369 3106 manicas
1385 3049 1487 3112 missis,
1498 3055 1526 3104 et
1539 3048 1633 3120 capite
1647 3060 1728 3118 qnam
1740 3038 1843 3094 maxime

218 3147 312 3196 tamen
324 3138 555 3194 eidemcustodiae
566 3143 665 3192 neuter
674 3153 772 3191 eorum
780 3142 824 3192 est
836 3137 1022 3208 mancipatus.
1064 3142 1272 3198 convenienter.
1287 3147 1382 3196 ιιιιιιιι
1397 3137 1528 3202 demisso,
1544 3137 1619 3192 sicut
1632 3141 1661 3190 et
1680 3133 1714 3187 ad
1727 3141 1841 3185 crucem
1837 3163 1841 3176 .

218 3229 247 3285 in
263 3231 315 3284 hac
330 3245 360 3283 re
375 3243 538 3283 succurrere
553 3227 636 3292 valet,
652 3226 725 3282 sicut
738 3234 767 3281 et
781 3227 815 3281 ad
832 3227 933 3282 missas
947 3227 1021 3282 etad
1065 3237 1162 3286 contra
1176 3231 1232 3286 alia
1251 3230 1351 3284 altaria
1365 3234 1394 3284 et
1406 3233 1504 3282 contra
1518 3227 1682 3281 crucifixum
1697 3223 1724 3276 in
1741 3213 1844 3289 capitulo

219 3320 248 3375 s.
276 3317 404 3374 ilerum·
430 3315 482 3371 Hic
502 3333 566 3372 cum
590 3333 633 3379 eo,
659 3315 706 3386 ιιι
733 3317 767 3370 aa
795 3317 931 3387 parietem
956 3321 1021 3378 sut,
1064 3320 1236 3376 moderatius
1262 3317 1516 3388 Lector-tagram.
1532 3315 1582 3371 ubi
1596 3310 1844 3368 tacitaetacitae

219 3409 311 3463 lacere
326 3407 413 3474 solet,
429 3423 494 3460 nam
509 3413 575 3460 tunc
586 3406 647 3476 ejus
658 3405 807 3476 adjunctus
821 3411 880 3472 est;
895 3404 919 3459 si
933 3405 1024 3460 adhuc
1064 3408 1213 3464 summisse
1223 3407 1300 3462 eunti
1311 3406 1345 3460 ad
1361 3405 1518 3468 lectionem,
1530 3420 1565 3458 ac
1575 3400 1704 3457 redeunti
1715 3397 1844 3452 sedensre

220 3503 278 3552 tam
304 3497 361 3551 alte
380 3495 508 3549 ordinem
527 3493 620 3548 habet.
644 3495 685 3548 Ad
706 3493 776 3548 alias
792 3511 857 3549 vero
876 3493 948 3548 vices
967 3510 1023 3548 non
1063 3503 1193 3553 rarenter
1206 3497 1331 3552 inclinet.
1344 3499 1356 3521 *
1368 3494 1499 3566 Reliquas
1514 3491 1710 3547 inclinationes
1719 3480 1845 3553 unusquis·

219 3586 285 3641 illuc
299 3584 416 3651 accedit,
432 3583 484 3638 etsi
498 3582 589 3654 paries
601 3598 633 3636 er
653 3581 747 3653 aliqua
762 3589 842 3652 parte
857 3599 959 3637 vacuus
974 3584 1020 3637 sit.
1063 3605 1118 3659 que
1133 3587 1192 3642 visu
1215 3585 1405 3657 potiusquam
1420 3583 1519 3638 auditu
1539 3581 1675 3637 addiscet.
1695 3577 1722 3632 Si
1738 3571 1844 3630 psalmos

219 3675 320 3733 Nullus
333 3689 443 3736 ιοιιιιιι,
460 3672 507 3743 qui
528 3671 563 3725 ad
583 3671 688 3726 formas
702 3676 788 3727 stant.
805 3671 847 3724 vel
861 3677 950 3732 extra.
965 3672 1023 3727 sive
1063 3675 1180 3736 noverit
1196 3680 1226 3730 et
1244 3675 1268 3728 si
1289 3676 1320 3728 in
1343 3673 1438 3744 aliquo
1452 3689 1534 3727 versu
1552 3668 1691 3726 erraverit
1714 3679 1771 3719 mos
1791 3663 1844 3713 ante

218 3758 784 3829 litteratus,s1aenonaliquandocausa
797 3760 972 3814 sustentandi
986 3761 1022 3816 ad
1063 3767 1147 3822 tinem
1171 3782 1274 3830 versus,
1298 3770 1328 3819 et
1349 3763 1459 3835 quotics
1480 3762 1509 3816 in
1534 3778 1567 3816 eo
1591 3756 1746 3819 offenderit,
1764 3751 1844 3808 eodem

218 3852 335 3925 parietis
351 3865 466 3903 vacuum
491 3847 580 3902 sedite
603 3847 719 3904 accedit.
744 3847 826 3914 Qui'
818 3865 848 3903 ιιι
871 3865 923 3904 amu
939 3848 1023 3906 hebet
1063 3856 1145 3910 modo
1164 3862 1230 3910 ante
1248 3871 1278 3908 se
1297 3853 1406 3909 veniam
1426 3851 1504 3924 petit,
1520 3867 1577 3921 quo
1603 3841 1800 3922 superiusdivi,
1816 3835 1844 3891 ad

217 3942 293 3996 anter
301 3937 466 3994 nocturnale
476 3935 598 3990 ollicmm
612 3953 667 3990 uno
675 3937 772 3992 eodem
778 3955 917 4009 congruo
925 3945 1021 3994 tamen
1060 3945 1181 4016 gradum
1196 3960 1256 3999 esse
1271 3943 1419 4014 petendam
1435 3957 1485 4013 pro
1508 3939 1673 3995 occursione
1693 3929 1800 3990 tardiori
1821 3924 1845 3980 Sl

216 4035 344 4100 tempore
367 4026 402 4080 ad
427 4025 622 4080 dormitorium
651 4027 736 4092 exire
752 4033 866 4099 propter
888 4029 941 4082 hoc
962 4045 1018 4083 non
1062 4041 1156 4088 autem
1171 4033 1200 4088 in
1211 4034 1321 4087 Neuma
1337 4029 1392 4098 (93)
1407 4030 1468 4084 ιιι
1461 4045 1491 4083 m
1505 4028 1627 4082 Psalmis
1641 4026 1752 4084 fallitur,
1763 4037 1783 4074 ει
1777 4019 1845 4071 'wic

217 4115 451 4190 reprehenditur;
475 4113 548 4168 sicut
562 4131 613 4168 nec
634 4114 681 4169 ille
685 4116 756 4186 ,qui
780 4115 822 4170 bis
837 4117 877 4170 vel
893 4122 936 4170 ter
953 4117 1019 4172 illuc
1059 4123 1205 4194 tiphonem
1226 4127 1278 4176 aut
1298 4118 1508 4191 responsorium
1528 4115 1712 4186 pronuntiare
1734 4105 1842 4180 negligit

217 4206 308 4273 vadit;
320 4201 780 4273 sitamenejusinfirmitasscitur.
789 4205 1018 4260 llaesuntautem
1060 4217 1176 4283 propter
1198 4211 1251 4264 hoe
1270 4208 1380 4265 veniam
1404 4207 1483 4280 petit
1506 4206 1570 4261 Non
1596 4206 1688 4260 solum
1711 4207 1798 4256 autem
1816 4192 1844 4246 ad

217 4295 300 4361 vices,
317 4295 346 4350 in
370 4292 472 4366 quibus
491 4291 586 4346 illuc'
581 4309 620 4348 ιιι
639 4293 707 4347 est
700 4309 895 4365 incongruum,
913 4301 942 4349 et
956 4293 1204 4372 ideoDregulares
1230 4299 1325 4358 horas.
1346 4297 1395 4352 sed
1414 4296 1499 4350 etiam
1518 4295 1560 4350 ad
1573 4292 1719 4367 quodlibet
1738 4286 1827 4343 devina
1823 4297 1845 4334 ιι

215 4401 252 4440 ne
266 4389 367 4457 praeter
377 4397 507 4453 magnam
523 4381 717 4437 necessitatem
729 4383 782 4437 hoc
793 4384 852 4447 llat
865 4389 908 4440 est
919 4400 1018 4456 procu·
1058 4391 1192 4455 cilicium,
1210 4387 1284 4460 quod
1305 4388 1399 4458 agitur
1413 4385 1443 4440 in
1456 4383 1589 4448 oratorio,
1612 4383 1683 4456 petit
1708 4377 1814 4440 veniam,
1826 4369 1845 4423 si

216 4475 347 4534 randum.
363 4473 468 4527 scilicet
490 4471 563 4526 inira
586 4472 721 4542 hymnum
738 4477 767 4527 et
785 4473 932 4529 lectionem
945 4475 1020 4530 inira
1059 4476 1189 4532 lallitur
1181 4493 1211 4532 ιιι
1224 4475 1317 4530 verbo.

220 4566 252 4620 Ta
266 4565 353 4618 Druna
367 4563 525 4628 laudamus,
541 4564 604 4631 post
618 4577 729 4632 quoque
746 4563 903 4618 Benedictus
913 4570 942 4618 et
956 4581 1020 4635 pre·
1338 4564 1455 4620 CAPUT
1473 4561 1598 4618 XXXVI.

216 4667 271 4705 ces.
289 4648 385 4704 Sedet
399 4648 898 4720 quicunqueantequodlibethorum
914 4652 1020 4708 officio·
1063 4657 1200 4726 Quomodo
1219 4659 1360 4711 laternam
1379 4657 1500 4722 liparam
1519 4652 1556 4706 od
1575 4657 1724 4707 nocturnos
1740 4649 1846 4701 circurn-

216 4754 280 4793 rum
295 4737 330 4791 de
343 4736 427 4790 choro
446 4735 548 4794 exibat
566 4735 601 4790 ad
617 4736 689 4791 hoc
683 4755 712 4792 ιιι
727 4744 854 4811 ternpore
876 4741 978 4807 redire,
995 4741 1020 4795 si
1368 4745 1441 4812 serra
1459 4743 1561 4797 ιιιιιιι.

216 4826 311 4899 aliquo
326 4824 409 4912 modp
424 4825 506 4887 valet
531 4825 664 4894 festinat,
687 4827 802 4883 sicutet
817 4829 852 4883 ad
866 4830 1021 4900 processio·
1096 4843 1154 4896 tuo.
1164 4830 1592 4898 auleuodslinlralectiones,
1602 4830 1649 4884 ille
1653 4827 1844 4900 ,quiletcmam

216 4933 293 4984 nem,
315 4931 376 4986 quae
396 4919 459 4985 post
480 4913 650 4970 matutinum
674 4916 825 4988 aliquando
844 4917 940 4974 festive
954 4935 1019 4975 cum
1061 4923 1193 4994 ligneam,
1211 4939 1295 4994 quam
1309 4919 1578 4976 consuetudinaliter
1587 4918 1755 4975 Absconsam
1769 4907 1846 4968 nomi·

215 5003 394 5078 responsorio
413 5003 533 5074 agitur:
559 5004 749 5059 camsilis
742 5023 770 5060 m
794 5006 968 5062 hebdomada
986 5008 1020 5070 lei
1060 5028 1171 5078 namus,
1186 5011 1356 5077 circumfert,
1375 5010 1411 5065 ad
1429 5025 1494 5065 euna
1507 5009 1612 5071 venire,
1628 5015 1658 5063 et
1671 5012 1769 5079 putans
1789 5014 1843 5054 eun

215 5101 310 5152 ιιιιιιιιιι
332 5093 500 5149 intermisse»
517 5109 574 5148 non
595 5093 681 5149 fuerit
700 5095 736 5149 ad
757 5095 921 5168 illan1,qure
939 5097 998 5151 ιιι
991 5114 1020 5151 ιιι
1063 5100 1186 5156 dormire
1201 5100 1295 5155 lumen
1310 5104 1409 5154 contra
1426 5097 1524 5154 taciem
1538 5097 1702 5162 intenderit,
1715 5111 1737 5150 sa
1731 5089 1842 5161 'vigilata

215 5185 331 5258 privatis
345 5182 484 5250 noctibus,
500 5199 554 5238 non
571 5189 694 5238 notatur.
711 5184 788 5238 Inter
804 5202 865 5256 quae
880 5185 978 5246 etiam.
998 5178 1022 5241 el
1062 5190 1165 5246 iterum
1177 5195 1338 5246 reverenter
1346 5188 1470 5244 inclinat.
1481 5188 1518 5243 At
1529 5186 1552 5242 si
1565 5185 1705 5248 dormivit,
1714 5189 1741 5237 et
1749 5182 1845 5234 ιιιιιιιι

216 5275 250 5330 de
264 5274 430 5330 dormitorio
455 5273 541 5340 venit,
560 5272 590 5328 in
610 5289 661 5328 suo
688 5273 786 5329 ordine
801 5275 975 5346 adjungitur,
998 5275 1022 5330 si
1062 5285 1209 5335 antaeum
1232 5279 1323 5352 posita
1342 5277 1437 5337 fuerit.
1457 5276 1591 5332 excimtus
1609 5275 1646 5330 ab
1664 5290 1696 5330 ao
1714 5271 1760 5343 qui
1773 5269 1843 5339 juxta

216 5364 413 5420 convenienter
440 5361 574 5434 poterit;
603 5361 648 5418 sin
681 5369 787 5431 ιιιιιιιι,
816 5365 1017 5431 non-accedit,
1059 5387 1124 5426 eum
1152 5369 1241 5435 eadat,
1269 5369 1422 5441 perlustret
1447 5365 1655 5438 primumcum
1674 5379 1708 5418 ea
1726 5361 1842 5416 ducam

253 5521 306 5598 (98)
318 5525 437 5592 Neama,
449 5519 595 5597 productio
609 5531 709 5584 cantus
722 5525 753 5585 in
767 5525 845 5586 aaut
859 5529 956 5589 littere
968 5532 1138 5608 antiphonae.
