3970 6172
123 255 194 322 liii
682 257 767 321 sinn
785 251 980 320 atnenmii
998 258 1078 320 aaa.
1100 263 1200 320 otus.
1688 249 1758 320 iiie

118 388 211 444 enen
224 393 257 443 ut
271 389 384 459 quidam
399 405 415 444 e
428 389 572 453 iratribus,
592 387 676 446 Patre
692 383 842 445 Benedicta
864 391 951 450 nonii
962 385 1055 444 locum
1070 402 1153 444 suum
1164 389 1298 451 deseruit,
1313 389 1500 443 circumactus
1512 388 1642 444 similiter
1651 377 1761 444 insidiis

118 478 305 549 approbante,
322 477 358 532 ad
381 493 445 533 eum
464 479 601 540 venirent,
626 481 648 533 si
674 480 744 534 iorte
767 481 919 533 hornarum
962 477 1107 548 cuiusdam
1124 476 1276 532 sacerdotis
1298 477 1385 548 impii.
1402 467 1505 532 l'lansit
1521 494 1587 547 ergo
1607 495 1713 548 pauper
1732 483 1761 532 et

119 568 236 639 lingum
254 568 289 621 ab
301 585 334 622 eo
348 585 428 622 usuro
444 568 637 640 impetrarent.
651 569 726 632 Quos
736 568 784 623 ubi
799 569 867 621 vidit
880 569 922 621 vir
963 568 1040 621 exsul
1052 569 1225 638 aliquantum
1240 567 1375 638 terirporis
1385 575 1463 620 extra
1478 567 1682 636 possessionem
1698 583 1760 620 nio·

119 663 263 720 seritosus,
277 663 308 710 nt
323 663 383 712 erat
398 657 501 711 mirum
519 658 546 710 in
560 658 673 711 modum
690 658 818 711 humans
832 656 922 710 laudis
963 656 1088 720 nasterii,
1110 656 1139 708 in
1165 656 1222 710 vico
1246 656 1293 727 qui
1317 653 1419 710 dieitur
1440 657 1534 710 Sancti
1556 656 1709 710 Antonini:
1726 655 1761 710 ad

120 757 234 809 arantis,
248 746 392 816 signorum
408 747 497 800 classe
512 746 571 817 ipse
584 745 728 800 cliaritatis
739 763 836 817 expers
848 763 923 816 cym-
964 761 1047 814 quern
1057 749 1151 798 tamen
1162 745 1247 798 totius
1255 744 1478 814 congregationis
1486 744 1669 798 intendebant
1677 744 1760 808 oculi,

119 834 217 888 bulum
230 835 362 890 tinniens,
378 852 440 888 mox
456 835 552 889 urbem
567 841 656 888 totam
673 839 837 896 couimoret,
854 851 923 888 cun·
965 834 1042 887 etde
1058 833 1132 887 illius
1147 841 1216 888 nutu
1233 850 1281 887 seu
1293 833 1474 904 dispositione
1487 834 1654 904 pendebant,
1666 851 1764 905 quam-

121 929 183 977 ctos
199 923 273 978 aives
285 925 314 976 et
329 923 478 994 populares
491 937 557 977 suos
567 931 701 977 convocat
711 939 795 993 snper
804 923 923 977 fratrum
966 922 1005 975 ris
1020 922 1094 975 illius
1117 923 1225 976 scelesti
1242 929 1270 976 et
1284 923 1412 992 sacrilegi
1426 925 1554 978 custodes
1568 942 1600 978 ae
1617 925 1713 978 famuli
1734 926 1763 979 in

121 1011 235 1066 illoram
252 1013 427 1084 paenitentia,
446 1013 567 1083 eoquod
584 1011 732 1066 Benedicta
755 1012 834 1082 quasi
857 1029 874 1065 a
896 1028 925 1065 se
967 1015 1061 1064 monte
1071 1011 1234 1074 residentes,
1246 1011 1316 1065 sacri
1327 1011 1425 1066 altaris
1436 1012 1622 1066 oblationibus
1631 1013 1764 1086 diripien-

122 1102 363 1156 excommunicato
386 1101 664 1162 eommunieaverin't,
688 1101 742 1154 illis
767 1099 926 1154 nolentibus
967 1095 1009 1152 dis
1023 1097 1163 1153 inhianter
1177 1099 1347 1153 insisterent.

123 1191 159 1244 ad
175 1190 310 1262 populum
321 1189 512 1244 concionatur.
527 1189 653 1260 Denique
667 1190 734 1243 iacit
746 1189 829 1243 verba
845 1190 926 1260 plena
1004 1185 1047 1242 aa.
1061 1189 1224 1242 Cassianam
1235 1191 1272 1242 od
1280 1189 1385 1255 Repete
1396 1193 1608 1256 iintelligendum
1619 1209 1671 1244 esse
1681 1209 1766 1248 aracos.

122 1281 168 1335 sui
191 1280 275 1336 laude
297 1285 326 1334 et
349 1275 492 1334 Benedicti
517 1279 683 1350 abjectione,
700 1277 850 1348 subjiciens
875 1295 926 1333 ca·
968 1277 1077 1328 sari-mn
1093 1275 1181 1329 discit.
1202 1275 1261 1330 Sub
1277 1277 1374 1332 eodem
1389 1285 1524 1350 ternpore,
1542 1296 1606 1332 cuin
1630 1282 1766 1336 mundani

126 1369 220 1424 tiendo
237 1387 244 1422 t
264 1387 276 1418 a
293 1367 400 1432 l'enite,
420 1368 479 1433 lilii,
498 1367 592 1422 audite
616 1381 670 1421 ine.
687 1390 701 1419 a
717 1375 752 1436 nt
767 1368 807 1422 illi
827 1367 927 1420 iratres
969 1364 1104 1433 strepitus
1123 1377 1207 1434 quarn
1229 1366 1350 1420 maxime
1373 1381 1489 1421 securus
1509 1368 1606 1423 amicae
1630 1370 1716 1438 quieti
1738 1377 1767 1424 et

125 1458 224 1512 taliter
232 1457 360 1522 illasi,ad
375 1457 576 1511 monasterium
588 1463 654 1510 sunt
665 1457 794 1526 regressi,
804 1473 859 1510 non
868 1455 928 1510 sine
969 1453 1097 1506 lectionis
1120 1453 1213 1506 studio
1235 1471 1349 1525 operam
1364 1456 1452 1520 daret,
1468 1460 1498 1510 et
1513 1457 1548 1511 ad
1571 1458 1769 1530 intelligendas

125 1547 312 1618 penitudine,
333 1546 405 1616 quod
426 1547 486 1612 ejus
501 1545 647 1617 participio
662 1546 702 1599 sic
719 1545 829 1600 inerant
844 1545 929 1599 tami-
970 1541 1082 1611 negata
1102 1543 1238 1612 quasdam
1251 1545 1415 1608 sententiam,
1432 1561 1549 1616 quarum
1566 1547 1696 1618 scrupulo
1711 1564 1767 1602 non

125 1636 287 1690 natilibus
301 1631 730 1699 cunnibertusalternerodes,
746 1633 928 1705 vidensquod
970 1647 1069 1702 parum
1086 1631 1258 1698 movebatur,
1279 1635 1313 1686 ad
1337 1634 1439 1687 ostium
1456 1635 1537 1688 arnici
1557 1636 1690 1706 pulsaret.
1705 1653 1768 1692 san·

126 1723 162 1778 ab
176 1723 234 1778 illis
248 1721 371 1777 ludibrio
385 1722 421 1777 sit
435 1721 556 1788 habitus,
573 1723 673 1795 majori
689 1721 891 1792 indignationis
902 1729 930 1776 et
939 1725 1031 1799 flotus
1051 1721 1216 1774 Benedictus
1232 1721 1431 1776 monachorum
1448 1723 1591 1793 legislator
1611 1730 1639 1780 et
1653 1726 1769 1796 signifer

124 1815 175 1868 irre
188 1814 251 1866 iace
264 1821 424 1874 succensus,
441 1828 506 1866 snas
522 1811 593 1866 vires
606 1811 716 1876 exserit,
733 1812 827 1866 hostili
843 1829 929 1866 mann
970 1809 1119 1864 insomnis
1134 1809 1173 1863 illi
1198 1811 1339 1881 apparuit.
1358 1811 1510 1867 videbatur
1523 1820 1617 1868 autem
1634 1815 1673 1869 illi
1693 1816 1769 1886 quod

125 1901 294 1956 monasterii
309 1909 392 1971 agros
407 1901 566 1973 populatur,
586 1901 663 1954 villas
678 1903 707 1954 et
726 1901 856 1954 ecclesias
871 1901 929 1971 igni
971 1897 1006 1952 ad
1019 1915 1144 1953 mensam
1163 1905 1260 1954 tantus
1279 1897 1493 1965 l’atersederet,
1508 1902 1615 1974 sibique
1626 1904 1769 1962 assistenti

125 1991 300 2053 concremat,
316 1991 445 2061 laetaque
460 1989 550 2044 multa
569 1989 673 2060 praeda,
689 1989 738 2043 sed
754 2004 809 2044 non
825 1989 929 2060 absque
971 2002 1003 2040 ac
1019 1987 1191 2041 ministranti
1205 1988 1260 2042 vini
1275 1990 1374 2058 pocula
1384 1991 1419 2043 ad
1435 1988 1586 2045 bibendum
1603 1993 1768 2064 porrigeret.

125 2090 245 2134 suorum
258 2079 358 2150 grandi
370 2080 490 2149 jaetitra,
502 2076 583 2144 redit,
598 2077 720 2132 militum
734 2079 846 2150 agmine
859 2079 930 2132 lace·
971 2076 1078 2130 Deinde
1097 2075 1132 2130 ab
1151 2076 1199 2130 illa
1218 2091 1315 2131 mensa
1334 2095 1451 2148 surgens
1470 2079 1580 2134 dicebat
1597 2081 1639 2134 illi
1660 2099 1665 2134 :
1689 2101 1702 2134 a
1718 2081 1771 2136 Fili

126 2175 202 2234 rain,
218 2169 254 2222 ad
269 2169 392 2239 propria.
973 2165 1020 2224 mi,
1037 2179 1154 2236 sequere
1171 2181 1251 2219 me.»
1268 2165 1394 2236 Cumque
1406 2168 1502 2236 jussus
1518 2169 1689 2239 pedetentim
1704 2187 1772 2240 pree-

163 2255 210 2314 ‘272
235 2257 290 2310 sed
313 2253 465 2311 Benedicta
486 2252 545 2310 liaeo
563 2255 702 2329 intrepide
723 2255 883 2326 aspiciente,
904 2257 932 2310 et
974 2254 1067 2308 euntis
1082 2255 1199 2325 vestigia
1214 2260 1380 2325 sequeretur
1395 2273 1400 2308 :
1418 2275 1430 2308 a
1447 2251 1485 2310 m
1501 2264 1589 2328 pater,
1602 2259 1706 2326 aiebat,
1720 2259 1774 2316 uti-

127 2356 216 2418 super
234 2347 295 2416 eius
306 2345 434 2399 secordia
448 2345 537 2415 magis
551 2345 636 2398 flente
653 2352 681 2399 et
701 2351 808 2408 arante,
830 2342 933 2398 Chuni-¹
974 2356 1038 2396 nani
1055 2359 1139 2414 super
1151 2343 1298 2398 sententiis
1310 2343 1475 2414 quibusdam
1490 2346 1518 2399 in
1530 2349 1627 2418 regula
1637 2355 1688 2402 tua
1702 2349 1773 2420 posi-

129 2436 230 2490 bertns
256 2435 438 2489 nibilominus
454 2447 516 2488 cum
532 2432 615 2488 Petro
631 2433 792 2488 nrarcbione
806 2435 935 2503 conjurat
975 2432 1021 2494 tis,
1038 2447 1107 2502 quas
1129 2432 1222 2486 minus
1236 2433 1379 2486 evidenter
1398 2434 1533 2505 intelligo,
1555 2453 1599 2490 ine
1619 2439 1774 2495 certificare
1871 2495 1874 2502 Δ

131 2521 654 2594 ut,saepedictoabbateamonasterio
666 2521 933 2593 ejectaaliumsibi,
976 2521 1108 2591 digneris.
1128 2541 1140 2574 a
1159 2521 1200 2575 nd
1215 2537 1298 2592 quem
1323 2524 1413 2592 major
1433 2523 1599 2580 Benedictus
1617 2545 1622 2579 :
1640 2545 1652 2578 a
1673 2528 1702 2582 Si
1721 2529 1772 2596 vis,

133 2613 207 2684 proh
220 2613 316 2666 aetas-l
331 2611 433 2666 ibidem
450 2625 613 2683 praeponere
627 2612 718 2665 liceat.
735 2613 792 2665 Nec
808 2624 895 2670 mora,
908 2605 935 2666 et
977 2611 1076 2681 inquit,
1092 2611 1265 2674 clmrissinie,
1277 2611 1311 2664 de
1327 2611 1428 2681 quibus
1439 2613 1559 2684 aiiibigis
1570 2614 1776 2684 pleniusiuior·

135 2718 201 2756 ecce
212 2702 429 2772 nterqnemulto
441 2701 528 2754 milite
539 2701 833 2771 stipatusadsanctnm
844 2701 934 2754 locum
978 2700 1058 2757 mari.
1073 2703 1102 2754 et
1123 2700 1270 2754 monastici
1294 2697 1400 2755 ordinis
1417 2701 1615 2771 perfectionem
1632 2705 1775 2760 desideras

134 2795 280 2862 properat,
295 2787 934 2861 poriaeeilringuntur,iamuloDaiBenedicta,
977 2787 1102 2859 adipisci,
1127 2803 1219 2859 quaere
1245 2787 1296 2842 tibi
1315 2781 1417 2842 librum
1437 2789 1551 2845 loannis
1571 2793 1706 2860 Cassiani,
1726 2795 1775 2865 qui

134 2885 267 2950 utquam
282 2879 339 2933 cito
362 2883 451 2944 exeat,
477 2879 642 2949 imperatur.
661 2879 715 2933 Sed
738 2878 828 2932 adfuit
851 2877 934 2949 plane
978 2879 1094 2932 Petrum
1110 2878 1242 2932 Instituta
1264 2894 1296 2931 ac
1319 2878 1481 2932 collationes
1504 2873 1576 2950 stylo
1597 2885 1777 2954 prosequitur

134 2969 227 3022 virtus
238 2967 341 3022 divina.
360 2968 448 3022 Nocte
459 2968 535 3022 enim
549 2969 609 3038 jam
624 2969 799 3032 imminente,
815 2968 882 3021 dum
899 2967 939 3020 vii·
979 2967 1102 3020 latioris
1116 2964 1173 3020 Hac
1184 2967 1273 3036 igitur
1284 2967 1388 3020 visione
1398 2969 1513 3038 potitus,
1522 2976 1550 3024 et
1559 2971 1628 3025 satis
1636 2989 1777 3045 superque

136 3057 253 3112 Bomini
268 3056 424 3128 impavidus
437 3056 466 3110 in
482 3057 610 3111 oratione·
624 3061 653 3110 et
670 3055 721 3110 Dei
735 3056 865 3110 laudibus
878 3051 970 3127 per-C
979 3055 1194 3126 garisus,qnam
1204 3055 1352 3124 vehemens
1359 3055 1482 3110 studium
1490 3059 1777 3132 posteahabuitillum

136 3145 315 3216 nosmetipsi
337 3145 398 3216 ejus
420 3147 514 3200 hostes
539 3160 589 3216 per
607 3149 698 3200 totum
713 3146 803 3200 noctis
817 3145 938 3218 spatium
980 3144 1082 3198 librum
1098 3143 1216 3214 legendi,
1234 3143 1322 3198 nostri
1336 3145 1523 3201 testificantur
1537 3148 1620 3203 oculi.
1641 3149 1777 3221 Aliquan-

135 3236 285 3306 epulaates
300 3235 363 3306 pilus
378 3233 467 3288 niniio
478 3251 541 3289 sese
558 3241 636 3289 meio
652 3234 837 3306 ingurgitant.
855 3231 939 3289 blane
980 3237 1040 3286 tum
1051 3233 1169 3286 illiserat
1183 3233 1328 3304 temporis,
1340 3235 1369 3286 ot
1381 3250 1442 3288 curn
1455 3235 1538 3305 hujus
1551 3237 1666 3294 visionis
1675 3241 1778 3296 seriem

136 3329 235 3378 antem
256 3311 339 3388 meto,
363 3321 486 3394 impulsi,
511 3323 604 3388 credo,
627 3324 730 3378 virtute
752 3323 888 3394 angelica,
904 3323 939 3377 ob
981 3321 1092 3390 lingoui
1104 3317 1360 3376 venerabiliabbati
1372 3322 1550 3379 Cluniacensi
1559 3329 1709 3394 retulisset,
1720 3331 1779 3385 haea

137 3421 224 3485 cpiam
240 3421 300 3466 reru
316 3415 451 3466 venerant
466 3411 554 3475 obliti,
572 3414 656 3466 citato
670 3427 769 3484 gressu
785 3417 896 3476 exeunt,
913 3415 941 3467 et
981 3410 1015 3464 ab
1031 3425 1063 3464 eo
1077 3409 1202 3464 audivit:
1220 3429 1232 3461 c
1247 3409 1381 3464 Poculum
1394 3411 1503 3468 aPatre
1518 3423 1623 3478 nostro,
1638 3419 1684 3472 cui
1699 3419 1779 3474 mini-

137 3501 243 3554 iniecto
266 3487 379 3570 negotio
403 3501 509 3554 nemini
528 3499 682 3571 quidquam
701 3491 847 3571 loquentes
869 3500 942 3553 dila·
982 3498 1091 3554 strabae
1106 3497 1196 3564 illurn,
1210 3499 1306 3553 statim
1322 3508 1469 3556 secuturus
1482 3505 1614 3576 accepisti
1629 3526 1635 3561 :
1653 3509 1719 3578 quia
1733 3526 1781 3564 ne·

138 3589 255 3644 huniae
983 3603 1059 3641 cesse
1074 3591 1117 3642 est
1136 3595 1173 3648 te.
1193 3587 1290 3646 irater.
1307 3589 1400 3643 calicis
1416 3591 1444 3643 et
1467 3593 1604 3662 passionis
1618 3603 1780 3654 sanctorum

174 3678 222 3736 ts.
234 3679 356 3747 Epteitdr
366 3677 532 3732 Benedictus.
548 3679 606 3733 Nee
616 3677 704 3732 nanim
717 3682 780 3748 post
790 3677 944 3732 Clluniber-
984 3677 1179 3748 courpatiendo
1193 3678 1358 3748 participem
1375 3679 1445 3732 sieri.
1463 3700 1474 3730 r
1492 3681 1571 3746 Quod
1586 3684 1627 3739 ita
1640 3685 1781 3757 significa-

140 3775 187 3823 tas
198 3759 249 3822 ille
263 3763 299 3822 ad
313 3783 343 3822 se
358 3777 494 3832 reversas,
511 3768 558 3822 sed
572 3767 665 3821 divino
681 3767 816 3821 miraculo
828 3767 942 3820 niinirne
984 3770 1055 3829 tum,
1072 3765 1145 3819 sicut
1169 3769 1264 3820 tantus
1284 3768 1423 3837 interpres
1445 3769 1524 3835 dixit,
1545 3788 1639 3828 rerum
1655 3776 1790 3845 probavit

140 3865 303 3923 oonteisbs,
316 3857 504 3910 unarelrionern
516 3855 583 3922 adit,
598 3869 718 3927 enitique
727 3855 815 3927 pactis
827 3855 943 3911 funestis
985 3855 1084 3908 enilus.
1098 3854 1150 3908 Sed
1167 3853 1244 3923 prius
1262 3853 1412 3908 dicendum
1425 3860 1468 3910 est
1482 3857 1603 3928 qualiter
1615 3859 1720 3934 absque
1733 3865 1783 3918 iia·

142 3942 315 4018 impetenda,
333 3945 406 4016 quod
421 3945 602 4000 Benedictum
617 3961 633 4000 a
648 3945 707 3999 loto
722 3952 778 3999 non
793 3945 943 4016 pepulerit,
986 3952 1069 3996 mano
1080 3942 1250 3995 adminiculo
1260 3943 1334 3996 idem
1346 3951 1722 4014 pastornostermonasterio
1732 3970 1783 4024 per

143 4035 264 4108 perjurii
275 4034 377 4104 arguit.
386 4035 427 4088 nd
442 4048 524 4105 quem
539 4029 586 4090 ille
598 4051 604 4088 z
615 4049 628 4088 t
639 4033 711 4100 Quid
724 4039 775 4092 est.
787 4033 942 4100 tenebrose,
986 4031 1037 4086 Dei
1050 4032 1220 4085 voluntatem
1236 4030 1272 4084 sit
1285 4033 1442 4087 restitutus.

143 4125 221 4196 qnod
237 4123 376 4195 loquerisl
401 4123 511 4178 Satisne
534 4137 608 4179 sanae
623 4125 726 4178 mentis
747 4124 798 4178 esi
812 4122 943 4196 Nunquid
1023 4119 1065 4176 30.
1080 4121 1312 4188 adversariique
1326 4123 1393 4175 dunt
1408 4121 1648 4189 paneadensem
1662 4147 1785 4202 namque

143 4215 240 4270 lesura
257 4219 287 4266 et
299 4212 429 4267 abbatem
443 4215 499 4268 tuae
517 4215 659 4284 potestati,
677 4220 760 4284 prout
771 4214 874 4284 pepigi,
891 4227 948 4290 non
988 4209 1033 4262 die
1051 4209 1171 4262 instrum
1186 4207 1302 4262 diutinis
1315 4207 1448 4280 lacrymis
1461 4211 1632 4282 admonitus,
1648 4219 1784 4290 solisjam

145 4306 319 4363 ddiberaiii
331 4307 376 4360 nil
390 4307 448 4376 jam
464 4317 526 4360 mea
538 4307 666 4361 interest.
678 4309 789 4369 Actum,
804 4305 944 4376 inquiunt,
988 4297 1110 4352 abeunte
1128 4309 1222 4362 cumn,
1244 4297 1348 4352 mantis
1365 4301 1496 4354 verticem
1515 4304 1611 4374 paucis
1635 4308 1785 4365 comitatus

145 4411 183 4450 ne
197 4405 277 4464 eges,
294 4411 308 4447 s
323 4393 396 4458 Quid
412 4393 515 4464 plum?
537 4393 625 4448 &aar
644 4393 814 4448 inveteratus
829 4391 946 4464 impellit
959 4369 1084 4441 Dsubiit.
1102 4387 1189 4456 Cujus
1215 4399 1279 4440 mox
1302 4382 1398 4440 audita
1423 4387 1531 4466 famoso
1550 4395 1674 4462 rioniine,
1694 4399 1787 4454 omnis

142 4487 279 4556 juvenem
293 4481 473 4537 circumflecti
493 4483 590 4538 multis
605 4481 899 4540 circumventionibus.
920 4485 949 4536 et
989 4475 1038 4529 iliu
1048 4476 1184 4545 sacrilega
1197 4489 1308 4542 manus,
1318 4488 1379 4546 qua
1389 4493 1440 4530 sua
1449 4476 1565 4550 indigna
1575 4483 1695 4540 statione
1706 4493 1735 4542 et
1745 4505 1786 4544 ra·

146 4571 401 4643 fflpeinsinslffldo
411 4585 548 4626 venenam
557 4571 750 4642 constringas
763 4573 865 4642 patulis
876 4573 950 4626 auri.
989 4565 1056 4636 plina
1066 4565 1158 4618 locuni
1167 4563 1320 4634 polluebat,
1328 4565 1434 4636 ingenti
1444 4565 1560 4624 horrore
1572 4587 1704 4642 percussa
1714 4576 1788 4634 illico

146 4662 202 4716 bus
212 4669 298 4732 urget
310 4662 344 4716 ad
357 4661 474 4724 lacinus,
486 4678 539 4732 per
550 4663 623 4734 quod
635 4677 691 4715 non
703 4659 877 4716 dimidiando
891 4659 950 4714 dies
992 4655 1124 4726 fugiendo
1132 4653 1257 4707 defluxit·
1265 4655 1467 4709 Pettusauiem
1475 4659 1608 4727 marchio,
1616 4669 1790 4738 proeoqnod

147 4765 218 4807 suos
242 4751 386 4822 periturus
404 4743 475 4804 'erat
499 4751 559 4822 ipse
583 4752 731 4806 maturius.
748 4750 866 4804 Venitur
885 4765 952 4820 ergo
993 4749 1121 4799 sanetum
1138 4744 1230 4796 locum
1246 4743 1366 4806 violarit,
1384 4756 1493 4800 necnon
1508 4753 1536 4802 et
1554 4749 1645 4806 virum
1661 4755 1719 4810 Deo
1734 4759 1791 4829 ple-

147 4837 366 4911 quanto'oiusad
377 4839 580 4892 nmntlstem'uru
595 4857 601 4892 z
614 4833 728 4908 pellitur
740 4835 823 4892 Pater
838 4835 953 4891 llenedi-
995 4832 1286 4888 nunisnatenreritate
1295 4833 1480 4893 contristavit.
1488 4841 1643 4908 posttrium
1652 4846 1791 4902 mensium

148 4934 224 4992 cius,
237 4927 430 4998 corbplurimis
444 4938 560 4981 suorum
574 4927 730 4999 lacrymoso
741 4925 861 4997 suspirio
871 4925 955 4980 ‹tomi-
995 4923 1127 4994 spatium,
1141 4921 1276 4991 angelica,
1292 4926 1325 4976 ut
1340 4924 1491 4992 oredimus,
1513 4927 1618 4984 ultione
1632 4949 1789 5002 percussus,

146 5016 207 5071 tari
225 5015 304 5068 illum
321 5015 507 5085 cupientibus
525 5012 559 5069 Et
575 5015 704 5086 quamvis
719 5020 810 5086 posset
827 5013 955 5068 hostibus
997 5012 1081 5068 vitam
1101 5011 1173 5066 mala
1189 5011 1279 5064 linivit
1303 5012 1500 5088 *onunibeaas
1515 5033 1626 5088 quoque
1640 5037 1724 5092 super
1741 5039 1791 5076 ne-

146 5105 237 5160 facila
252 5104 397 5164 resistere,
413 5103 588 5175 Pyrcbiiiani
604 5105 707 5158 montis
722 5103 812 5157 tutela
826 5103 894 5157 satis
910 5119 956 5156 ua·
998 5099 1093 5170 quitiae
1107 5116 1164 5152 sum
1178 5099 1293 5154 ansibus
1306 5115 1363 5154 iren
1378 5101 1426 5155 diu
1440 5103 1577 5172 gloriatus
1588 5113 1641 5160 est.
1658 5107 1729 5161 Nam
1744 5110 1793 5180 qui

145 5202 221 5249 tura
236 5192 339 5246 muniti
349 5201 377 5246 et
394 5200 468 5256 arte:
485 5193 585 5246 maluit
595 5197 691 5247 tamen
707 5193 851 5247 humiliter
862 5192 958 5245 adrer—
997 5187 1075 5260 prius
1086 5186 1190 5257 pollere
1200 5186 1495 5260 videbatursepientia
1505 5197 1533 5244 et
1544 5191 1692 5262 episcopali
1704 5195 1794 5265 digni-

147 5284 231 5338 sario
241 5281 351 5342 sedere.
369 5287 507 5353 praecepto
517 5279 628 5337 Domini
643 5282 761 5336 dicentis
775 5301 780 5334 :
795 5281 823 5336 Si
839 5299 886 5335 ros
897 5298 957 5353 per·
997 5284 1065 5338 tate,
1077 5277 1218 5332 involutus
1232 5278 1346 5332 tandem
1359 5279 1469 5334 ilenrici
1479 5280 1592 5348 superbi
1604 5283 1677 5353 rogis
1688 5293 1793 5353 miore,

146 5371 246 5428 senati
256 5371 401 5425 tuerintin
411 5387 470 5426 una
483 5369 603 5436 civitate,
615 5371 701 5442 fugite
713 5372 741 5424 in
754 5371 838 5424 aliam
848 5389 854 5437 ;
865 5370 959 5424 simul·
1000 5384 1033 5420 ac
1046 5383 1095 5437 per
1109 5365 1162 5420 hoe
1173 5365 1208 5419 ab
1221 5366 1372 5437 apostolica
1384 5365 1534 5421 damnatus
1547 5370 1622 5432 sede,
1640 5374 1752 5444 quando
1761 5377 1796 5432 de

148 5459 300 5533 quededit
314 5461 406 5514 looum
418 5461 477 5526 irae,
489 5460 616 5518 imitatus
627 5460 743 5530 vestigia
752 5459 855 5514 summi
869 5458 961 5512 Patris
1001 5456 1109 5510 oelsioni
1123 5455 1213 5525 gradu
1231 5455 1351 5524 proruit,
1367 5459 1446 5509 tanto
1463 5455 1542 5526 gravi
1564 5475 1630 5516 casn
1643 5461 1729 5520 alisna
1743 5473 1795 5522 ast.

149 5547 316 5616 Benedicti,
335 5550 534 5606 monachorum
551 5550 676 5604 omnium
690 5548 768 5604 ducis
789 5547 894 5618 eximii,
912 5547 960 5618 qui
1001 5546 1089 5600 Porro
1100 5543 1232 5616 quoniam
1246 5542 1435 5614 inreprobum
1446 5560 1559 5602 sensum
1569 5549 1800 5626 meritisexigen·
