3970 6172
246 279 317 340 1327
825 271 1019 350 ,sarsurus
1039 270 1276 328 scnomsrmr
1770 286 1824 346 132⁸

244 413 302 464 tres
316 406 352 462 ad
364 420 450 461 unam
464 421 483 476 p
495 403 611 474 triplum
628 399 752 455 iaciunt:
769 402 854 469 atqua
869 385 943 452 alias
953 398 1039 452 colla·
1048 400 1075 459 Α
1084 396 1164 452 dictes
1176 396 1318 452 tarditatis
1331 395 1360 451 in
1374 396 1449 452 bunc
1467 397 1591 466 modum,
1614 401 1722 458 Miserere
1733 422 1764 460 m.
1775 411 1792 476 s.
1804 411 1825 466 d,

243 489 321 552 tione
330 493 523 566 sesquialtera,
536 497 569 546 ut
584 481 768 544 ¹cersteu'mum
782 485 929 541 dimidium
944 486 1038 553 dictio,
1084 483 1137 556 (13)
1154 486 1219 556 quia
1229 484 1254 538 si
1269 485 1297 539 in
1308 484 1487 539 tetrachordo
1502 485 1565 539 finis
1591 491 1630 541 est
1641 495 1726 559 quarta
1737 494 1826 565 chorda,

243 587 273 642 id
288 588 415 640 esteeute
429 582 499 637 duas
514 580 593 648 alias,
610 578 756 640 medietas,
773 576 801 632 id
815 581 858 630 est
868 580 973 630 simum
983 581 1041 632 tres
1082 574 1250 645 principium
1267 579 1310 628 cst
1323 573 1353 628 in
1376 591 1409 628 eo
1437 574 1529 646 prima
1551 575 1658 643 chorda,
1671 580 1712 634 sed
1727 581 1770 636 boc
1780 592 1824 654 ost,

241 674 328 731 habet
338 689 432 743 vocas,
442 686 528 726 unam
541 668 570 724 in
585 671 618 730 si,
631 667 702 721 duas
712 665 741 721 in
754 681 842 725 mum,
860 665 1042 736 quaecunqui·
1082 677 1148 734 ergo
1160 663 1192 717 l).
1207 663 1360 718 secundum
1377 663 1450 716 hanc
1458 664 1603 729 rationem,
1611 671 1637 720 et
1644 673 1730 737 quarta
1738 677 1773 725 est
1779 689 1827 744 gn·

242 763 409 826 niscantem,
426 760 521 824 idest,
537 756 728 813 inclinativam
743 753 874 810 resultat.
888 753 1040 808 'ismarius
1081 751 1168 818 vium,
1180 757 1208 806 et
1218 751 1309 824 prima
1323 751 1460 806 finalium.
1477 753 1536 807 llac
1559 753 1616 824 ipsa
1628 761 1827 826 argumentatione

242 851 279 906 ad
291 848 432 906 binarium
440 845 627 918 sesquialtera
633 844 674 898 vel
688 843 868 914 sesquitertia
879 841 1038 910 collatione,
1080 839 1118 894 sit
1130 840 1290 912 probatum,
1307 840 1381 913 quod
1395 841 1423 896 d.
1439 841 1477 895 sit
1490 845 1590 914 quarta
1615 845 1776 914 superiorum,
1786 849 1828 920 pri·

242 939 455 995 sicutestuenite
463 936 611 991 Benedicti.
638 933 727 986 Venite
737 937 805 998 tres,
822 932 960 985 Benedicti
973 947 1040 1001 quu-
1080 930 1341 986 maexeellentium.

240 1033 307 1084 tuor
322 1026 408 1082 habet
421 1041 511 1080 voces·
529 1021 734 1088 Quattrssaritls
761 1016 798 1074 ³³1
825 1019 981 1074 ternarium
997 1026 1041 1074 ⁰⁸2
1082 1038 1159 1105 Quod
1168 1037 1295 1106 probatio
1307 1039 1361 1092 ista
1370 1039 1510 1107 pertineat
1523 1037 1560 1090 ad
1570 1042 1706 1095 materiam
1717 1047 1828 1098 enuntiet

242 1115 449 1189 sesquitertius,
465 1113 549 1168 tertia
559 1128 625 1184 pars
640 1116 684 1166 est
704 1107 902 1183 proportionis,
919 1124 981 1180 quea
995 1108 1042 1164 de·
1345 1135 1351 1150 ι
1395 1109 1559 1177 subjuamia

240 1205 373 1263 scribitur
385 1204 430 1260 his
444 1202 546 1268 verbis,
561 1207 611 1256 aut
622 1205 653 1255 ia
668 1203 776 1254 ratione
790 1202 917 1251 tenorum
935 1213 1042 1254 usurae
1116 1196 1178 1250 tam
1193 1195 1383 1268 probavimus,
1400 1198 1474 1270 quod
1489 1198 1589 1252 modus
1609 1215 1678 1270 saepe
1689 1199 1766 1255 dictus
1775 1201 1832 1256 intur

188 1275 192 1284 ’
239 1301 412 1352 atterutrum
422 1294 604 1362 conteruntur
616 1296 640 1344 et
651 1290 840 1358 respondeant.
849 1288 990 1343 Tenorest
998 1288 1040 1343 ul·
1079 1284 1148 1340 Ito.
1159 1286 1329 1341 constitutus
1343 1290 1401 1341 tam
1415 1287 1569 1342 materialis
1579 1287 1703 1359 sitplsgae
1715 1292 1832 1360 quartaid

238 1385 395 1442 timavocis
402 1381 554 1457 protensio,
572 1396 633 1452 quae
650 1377 811 1432 adinvicem
827 1377 971 1432 confertur
985 1377 1033 1442 ita,
1078 1378 1130 1440 est,
1142 1378 1326 1440 octavotono,
1338 1391 1423 1447 quam
1444 1380 1559 1431 autento
1583 1375 1677 1447 primo,
1691 1377 1832 1448 primovide

239 1481 272 1532 ut
285 1490 421 1530 numerus
435 1487 532 1526 vocum
547 1474 575 1523 et
590 1468 747 1531 intervalla,
761 1482 858 1520 aarum
870 1482 1036 1538 nuncmquae
1077 1461 1144 1516 licet
1157 1464 1369 1535 tono,quodque
1379 1468 1439 1518 tam
1449 1465 1833 1537 veredicatur,hypomirolidius
1932 1491 1933 1504 .

238 1555 952 1636 aequis,nuncduplaeveltriplaesimplicibus‚atque
965 1555 1035 1610 alias
1077 1567 1162 1622 quam
1177 1552 1274 1608 dorius
1291 1569 1297 1605 ε
1316 1553 1382 1624 quia
1396 1568 1461 1608 cum
1490 1559 1599 1608 constet
1612 1559 1706 1624 quarta
1723 1554 1832 1625 granum,
1932 1595 1933 1612 .

238 1652 401 1710 collationes
411 1649 597 1721 sesquialtera
603 1646 644 1701 vel
652 1644 832 1716 sesquitertia
843 1644 1033 1712 conterantur,
1076 1645 1177 1710 quarta
1185 1641 1372 1712 superiorum,
1383 1642 1475 1715 prima
1487 1643 1624 1710 finalium,
1637 1643 1720 1714 prima
1728 1643 1834 1698 excelen-

236 1734 1067 1818 etrespondeantliequotenorevelpmtensionedomnusB
1077 1727 1160 1796 tium,
1179 1730 1354 1800 probandum
1369 1731 1432 1798 erit,
1450 1735 1580 1802 quartam
1590 1731 1718 1802 manum,
1732 1737 1834 1803 quartam

237 1831 328 1889 Guido
338 1830 406 1886 dicit
421 1847 428 1884 ε
449 1830 536 1884 Tenor
549 1841 622 1890 uero,
631 1826 662 1879 id
679 1829 717 1878 est
738 1839 818 1878 moro
833 1826 940 1878 ultima
951 1825 1032 1888 eoois,
1076 1818 1253 1889 superiorum
1265 1819 1369 1892 plagali
1382 1837 1443 1875 esse
1456 1821 1631 1876 materiales:
1647 1826 1694 1875 sut
1705 1821 1834 1885 audianus,

234 1924 285 1993 qui
296 1921 445 1990 insultabo
457 1917 761 1986 quantuluscunqueest
772 1914 931 1981 ampliaria
941 1917 1031 1980 parte,
1074 1906 1098 1960 si
1114 1907 1283 1962 naturaliter
1297 1908 1437 1980 possimus
1450 1907 1542 1964 tribus
1551 1909 1719 1980 gravibusA.
1730 1910 1757 1964 B.
1767 1910 1836 1964 diri-

233 2009 411 2065 diutissimus
420 2021 483 2060 uero
497 2002 722 2058 indistinctione.
733 2015 759 2054 u.
773 2015 800 2068 p.
812 1999 888 2054 Dicit
899 1999 1033 2054 Dominus
1075 1994 1126 2050 bus
1140 1995 1332 2068 superioribus
1347 2015 1373 2053 a.
1386 1997 1409 2069 t.
1425 2015 1449 2053 c.
1467 1997 1541 2070 quod
1553 2013 1612 2054 non
1623 1998 1676 2054 sint
1689 1997 1836 2053 constitutive

232 2095 349 2153 mulieri
363 2094 503 2150 Oenones·
511 2093 601 2148 Unam
613 2105 680 2159 ergo
693 2087 903 2143 distinctionem
914 2087 1032 2144 habetin
1073 2091 1102 2140 et
1115 2087 1277 2142 materiales
1297 2087 1389 2143 tribus
1415 2090 1516 2162 plagis,
1536 2095 1604 2146 tono
1618 2089 1719 2144 scilicet
1729 2088 1836 2154 seeundo,

232 2187 314 2252 dicit,
331 2188 441 2256 partem
455 2181 485 2236 in
496 2182 567 2234 dicit
578 2181 730 2240 Domiuur,·
741 2176 950 2232 distinctionem
960 2179 1032 2232 dicit
1072 2180 1183 2247 quarto,
1192 2181 1279 2241 sexto,
1290 2182 1340 2232 aut
1350 2183 1456 2249 quartae
1465 2179 1605 2249 gravium,
1626 2183 1725 2250 quartae
1737 2177 1837 2248 superio

232 2275 368 2330 Dominus
378 2273 494 2326 mutmri
509 2269 651 2325 Oenones.
667 2265 802 2321 Habeatis
830 2265 977 2337 syllabam.
998 2267 1030 2324 Iu
1071 2281 1135 2320 rum
1151 2283 1157 2320 ι
1175 2265 1370 2332 concedamus,
1380 2271 1413 2322 ut
1423 2266 1585 2323 materiales
1600 2267 1656 2323 sint
1668 2268 1837 2338 clavesquarto

231 2364 306 2418 dicit
320 2360 462 2417 finalisutt
471 2358 680 2430 aliquantulum
693 2355 887 2427 protundatur.
910 2356 942 2410 ln
956 2357 1030 2411 dicit
1070 2353 1186 2424 plagali,
1198 2359 1294 2410 octauo
1303 2354 1425 2427 denique
1434 2359 1512 2424 tono;
1528 2357 1580 2411 sed
1594 2355 1756 2428 impossibile
1766 2359 1836 2421 estut

229 2453 366 2508 Pontinus
380 2449 472 2505 finalis
495 2465 548 2502 nus
571 2446 744 2519 producatur
757 2443 888 2515 amplius.
904 2443 938 2498 In
957 2446 1030 2499 dicit
1069 2441 1466 2516 tribuspraepositisgravibus
1475 2448 1505 2499 et
1513 2445 1701 2517 superioribus
1709 2443 1837 2516 triumplu·

228 2543 263 2598 D.
278 2557 317 2595 m.
333 2539 361 2596 0.
378 2537 470 2594 finalis
484 2535 669 2610 protendatur
684 2533 852 2588 diutissime.
1067 2549 1167 2604 garum
1181 2534 1410 2590 constitutionem
1420 2535 1587 2592 adimamus.
1601 2536 1672 2608 Ergo
1679 2535 1794 2608 possibile
1804 2539 1837 2588 est

264 2631 408 2701 Proponat
421 2627 473 2684 sibi
488 2626 611 2700 musicus
621 2622 722 2697 quibus
735 2641 767 2678 er
785 2623 830 2679 his
846 2622 1028 2679 divisionibus
1069 2627 1098 2676 et
1110 2621 1300 2687 verissimum,
1320 2629 1353 2678 ut
1362 2630 1470 2696 quartae
1484 2625 1615 2696 gravium
1637 2630 1665 2680 et
1687 2624 1838 2697 superiorum

229 2717 405 2774 incedentem
418 2716 505 2772 faciat
526 2720 638 2771 cantum
650 2711 699 2786 (8),
713 2713 758 2767 vel
772 2727 833 2784 quae
847 2712 906 2767 sint
916 2713 972 2769 illae
986 2713 1028 2769 di·
1068 2715 1176 2783 quartae
1186 2711 1286 2783 plagae,
1298 2712 1388 2782 idest,
1400 2715 1460 2769 tani
1470 2715 1561 2770 octavi
1580 2715 1750 2771 essentialem
1761 2728 1840 2768 conce·
1932 2735 1933 2764 ;

227 2807 357 2863 visiones.
369 2805 448 2862 Sicut
462 2805 537 2860 enim
552 2809 708 2858 metrorum
729 2801 857 2873 plurimae
876 2807 943 2857 sunt
956 2802 1027 2858 divi·
1067 2798 1180 2858 damus.
1932 2793 1933 2796 ’

228 2896 332 2963 δὶθιὶθῧι
349 2895 417 2968 (ιῦῑῦ
440 2895 569 2966 (lllffldam
597 2898 664 2947 ⁵¹1¹st
684 2890 877 2962 Asclepissdffls
898 2892 1027 2963 quiedam
1064 2915 1068 2926 ·
1084 2908 1121 2962 De
1127 2911 1296 2978 proprietate
1309 2911 1468 2977 Protorum,
1484 2912 1678 2977 deuteronom,
1694 2915 1824 2970 litterata,

230 2985 361 3057 Sophias,
376 2984 504 3056 quaedam
533 2981 678 3048 Alchaica,
706 2985 736 3036 et
757 2980 793 3034 ad
820 2980 895 3035 hunc
910 2982 1026 3038 modurn
1368 2983 1578 3039 tetrardorum.

231 3072 435 3145 Hyponactica,
447 3071 584 3128 nonnulla
599 3069 685 3124 etiam
700 3067 843 3124 Gliconica
860 3087 865 3122 :
884 3069 924 3123 sic
938 3035 1058 3124 melo·c
1104 3067 1265 3140 Proprietas
1280 3073 1323 3124 est
1335 3075 1491 3142 protorum,
1505 3079 1538 3127 ut
1555 3074 1723 3129 concordent
1736 3071 1842 3126 ineleva·

226 3161 337 3216 diarum
353 3178 463 3218 neuma
490 3159 627 3232 plurimas
656 3156 761 3211 habent
786 3157 946 3224 divisiones
958 3158 1025 3213 dum
1066 3156 1143 3211 tione
1157 3158 1362 3230 perdiapcnte,
1378 3159 1407 3213 in
1426 3160 1775 3234 depositionepertonum.
1932 3153 1933 3162 ’

226 3267 284 3306 uua
296 3251 335 3306 sit
348 3249 449 3306 divisio
461 3265 606 3321 aequarum
618 3247 654 3302 ad
668 3263 773 3317 aequas,
789 3246 879 3301 altera
898 3252 926 3302 et
940 3249 1026 3303 tertia
1101 3246 1262 3318 Proprietas
1277 3253 1319 3302 est
1334 3247 1516 3304 deuterorum
1531 3267 1597 3307 cum
1609 3252 1718 3322 integra
1728 3249 1843 3304 diatessa-

224 3337 375 3410 duplarum
390 3339 596 3410 triplarumque
612 3336 647 3390 ad
662 3335 812 3406 simplices,
830 3339 931 3406 quarta
941 3336 1025 3407 quin·
1064 3351 1115 3390 ron
1127 3351 1178 3406 per
1193 3335 1390 3403 intensionem,
1401 3337 1497 3393 ditono
1512 3357 1564 3412 per
1578 3341 1773 3396 remissionem.

223 3435 287 3484 tave
299 3434 332 3484 ut
347 3427 595 3500 sesquialteramm
614 3424 913 3496 sesquitertiarumque
926 3425 1024 3480 distin·
1100 3424 1262 3496 Proprietas
1276 3430 1320 3480 est
1330 3427 1473 3494 tritorum,
1482 3434 1515 3483 ut
1524 3431 1696 3485 concordent
1708 3427 1843 3485 intensione

223 3519 330 3574 stiones
359 3515 586 3572 distinctionibus
613 3520 681 3568 sunt
704 3515 835 3586 aequales,
852 3515 928 3568 utin
955 3515 1026 3570 bene
1066 3513 1172 3580 ditono,
1190 3514 1363 3570 diatessaron
1377 3516 1553 3572 remissione.

224 3606 384 3679 procuratis
407 3603 535 3659 cantibus
557 3608 675 3675 apparet
701 3602 774 3657 sicut
794 3603 822 3656 in
845 3602 902 3657 illo.
920 3605 943 3675 q.
959 3605 1024 3659 Ecca
1100 3603 1665 3680 Proprietasesttetrardorum,utprotis
1680 3609 1842 3680 opponamus

225 3711 303 3751 nune
314 3701 419 3764 tempus
433 3694 605 3761 acceptabile,
619 3708 676 3746 una
695 3691 847 3745 distinctio.
867 3692 931 3746 Erec
947 3709 1022 3747 neena
1064 3696 1202 3761 quatenus
1216 3692 1317 3747 horum
1329 3693 1447 3748 elevatio
1462 3694 1583 3751 istorum
1599 3697 1639 3751 sit
1652 3696 1780 3751 remissio.

225 3785 282 3838 dies
295 3786 407 3850 salutis,
417 3781 516 3836 altem.
533 3782 758 3836 Gorurnendemus
773 3784 1022 3850 nosmetipsoater-
1154 3798 1294 3865 Quodam,
1308 3802 1344 3854 552
1358 3803 1469 3868 firmius
1478 3809 1683 3870 ammomum
1697 3818 1776 3872 qum„

224 3872 274 3930 tia.
287 3874 321 3928 In
335 3875 426 3927 multa
438 3872 585 3941 patientia,
598 3875 711 3942 quarta.
732 3870 765 3924 In
780 3871 901 3938 jejuniis
914 3874 1022 3940 multis,
1380 3876 1547 3941 proprietas.

226 3961 339 4035 quinta.
365 3964 418 4017 Per
430 3976 513 4016 arma
524 3961 651 4030 justitia,
670 3962 756 4015 sexta.
778 3959 891 4013 Virtutis
904 3960 962 4022 Dei,
982 3977 1025 4015 se-
1099 3957 1231 4022 Qnamvis
1241 3958 1352 4014 satissit
1362 3958 1606 4034 probatum,quod
1619 3962 1845 4036 deplagalimate·

224 4052 324 4124 ptima.
336 4051 404 4117 Quae
414 4065 511 4105 omnes
525 4065 612 4121 penes
627 4051 693 4103 sunt
707 4048 974 4104 commensurabiles
986 4047 1021 4120 (9)
1063 4046 1115 4113 ria,
1130 4047 1258 4102 videlicet
1270 4055 1371 4120 quarta
1394 4050 1534 4120 gravium,
1560 4059 1665 4124 quarta
1678 4052 1844 4124 superiorum,

224 4146 258 4196 ut
270 4140 299 4195 in
311 4139 426 4195 modum
440 4138 580 4194 sumentis
588 4136 653 4208 equi
662 4153 743 4192 voces
750 4135 786 4190 ad
793 4137 885 4190 locum
900 4138 1021 4209 respira·
1064 4139 1164 4205 quarta
1178 4136 1297 4208 plagalis
1311 4137 1428 4209 species,
1444 4138 1536 4207 idest,
1551 4146 1638 4198 tonus
1653 4147 1763 4198 octavus
1774 4135 1846 4212 possit

225 4229 310 4286 tionis
325 4230 468 4284 accedant.
487 4225 542 4298 (ιθ)
564 4227 683 4298 Spissim
703 4231 798 4281 autem
814 4232 843 4280 et
856 4243 921 4282 raro
938 4234 1024 4299 prout
1062 4223 1242 4292 conformari,
1258 4243 1324 4281 nam
1339 4227 1459 4282 inficiari
1472 4246 1537 4284 vere
1552 4247 1612 4286 non
1625 4247 1779 4304 possumus,
1792 4224 1847 4297 quin

225 4322 419 4392 oportetnotae
432 4317 592 4388 compositae
602 4314 877 4386 hujusreipoterunt
888 4315 1022 4372 indicium
1062 4313 1304 4383 possitaureusde
1323 4333 1392 4372 auro
1413 4318 1476 4373 fieri
1490 4318 1582 4384 stilus,
1600 4326 1698 4376 tamen
1712 4319 1796 4375 adhuc
1804 4312 1848 4386 ipsi

224 4411 302 4466 dare.
315 4409 411 4480 Equus
421 4406 488 4463 dum
503 4405 600 4472 currit,
610 4404 736 4459 crebrius
745 4404 866 4475 ungulas
880 4382 1055 4476 tigit,dumD
1066 4401 1240 4460 sufficientiae
1249 4405 1411 4461 violentiam
1426 4407 1556 4464 volumus
1579 4410 1698 4478 inferre,
1712 4409 1791 4465 etiam
1802 4419 1848 4458 nun

224 4498 460 4570 cessarecogitat,
476 4495 569 4550 rarius
592 4493 711 4564 vestigia
738 4493 865 4556 collocat,
887 4493 928 4548 ita
942 4495 1023 4566 juxta
1062 4493 1286 4550 necessariorum
1328 4495 1437 4567 copiam
1481 4497 1682 4555 ministrantes
1717 4509 1849 4571 argumen-

223 4591 310 4646 liuem
325 4587 539 4644 distinctionum
553 4589 587 4639 ut
601 4583 732 4649 sanares,
748 4581 767 4638 i.
781 4598 810 4640 e.
828 4583 967 4639 tardiores
975 4601 1021 4640 vu-
1061 4590 1165 4640 torum.

223 4695 269 4735 ces
282 4677 433 4734 succedant
446 4680 490 4730 est
502 4672 710 4747 procurandum
738 4671 802 4743 (ιι).
826 4672 906 4737 Quod
925 4678 1020 4752 autem
1096 4672 1245 4729 Eilicaoius
1257 4681 1454 4746 argumentum
1470 4677 1532 4750 ipsa
1544 4678 1721 4752 proprietate
1734 4695 1787 4735 nun
1797 4691 1849 4749 pot·

223 4768 300 4836 dicit,
315 4769 427 4838 spissim
440 4769 533 4818 autem
544 4767 568 4817 et
583 4777 650 4816 roro
663 4766 746 4830 prout
759 4766 862 4830 oportet
875 4767 1021 4818 notarum·
1062 4778 1159 4818 sumus
1174 4762 1309 4819 invenire.
1326 4765 1425 4837 Neque
1440 4767 1516 4822 enim
1541 4773 1653 4824 temere
1678 4769 1850 4842 proprietates

219 4861 324 4930 postia,
341 4857 426 4924 hujus
439 4854 482 4908 rei
505 4854 637 4921 poterunt
655 4851 795 4904 indictum
813 4849 947 4921 duratii)
963 4869 1021 4908 arc
1060 4852 1394 4924 troporumaogitavimus
1413 4855 1595 4926 praemittere.
1613 4857 1766 4913 Videamus
1782 4855 1803 4910 si
1819 4854 1846 4908 D.

221 4948 280 5005 tius
294 4951 338 5002 est
350 4941 491 5001 scribendi
503 4945 532 4996 et
545 4939 697 4995 neumandi
711 4939 861 5006 distinctio,
874 4941 962 4996 donec
983 4943 1019 4998 ad
1060 4940 1087 4995 d.
1100 4945 1158 4996 tam
1165 4941 1284 4997 tetrardi
1293 4958 1376 5014 quam
1394 4944 1468 5014 proti
1478 4945 1671 5018 proprietates
1678 4943 1849 5020 possithabe·

220 5040 307 5094 tinem
317 5032 533 5109 appropinquet.
550 5031 635 5085 iuxta
648 5029 731 5084 sidem
757 5034 852 5084 autem
866 5028 1019 5102 dissipetur
1058 5047 1099 5085 re.
1110 5031 1312 5087 Tetrardorum
1321 5039 1363 5087 est
1372 5033 1573 5106 proprietas,ut
1583 5040 1733 5106 protorum
1739 5031 1849 5089 intensio

220 5127 363 5201 scriptura
377 5139 440 5180 cum
455 5119 575 5186 neumis,
592 5123 625 5173 ut
634 5117 741 5173 cantori
755 5117 792 5173 sit
801 5117 934 5174 indicium
948 5135 1018 5191 prae·
1058 5117 1428 5182 sitillorumremissio.Sed
1438 5123 1687 5180 D.itaremittitur
1694 5129 1848 5198 pertusum,

253 5268 290 5340 (8)
310 5271 374 5325 Va...
389 5270 537 5323 divisiones
551 5266 654 5321 desunt
666 5265 696 5321 in
707 5263 767 5321 Em.
1093 5265 1149 5336 (19)
1165 5266 1225 5322 Em.
1251 5267 1364 5324 Aretias
1381 5272 1476 5323 auum
1501 5272 1540 5324 est
1562 5269 1712 5326 remeando
1739 5274 1763 5324 et
1788 5281 1849 5322 neu·

254 5343 291 5412 (9)
308 5342 400 5397 Emer.
418 5341 563 5395 Interdum
577 5353 639 5393 uero
653 5344 685 5393 ut
703 5342 734 5393 in
748 5339 862 5394 modum
876 5340 1016 5397 currentis
1056 5339 1170 5393 munda.

216 5419 282 5473 rari
293 5417 443 5481 rariusque
455 5427 538 5466 uoces.
1092 5409 1145 5478 (13)
1152 5409 1204 5464 Hic
1214 5406 1318 5465 desinit
1330 5409 1539 5474 Suu-Emerum.
1554 5417 1584 5466 ει
1602 5429 1667 5486 quar
1683 5411 1729 5469 hic
1739 5423 1850 5483 sequun-

250 5485 309 5553 (ιιι)
318 5484 411 5540 Emer.
425 5482 579 5550 Supissime
588 5486 683 5536 autem
693 5482 879 5539 uetrurenter.
1056 5485 1111 5551 tur,
1127 5497 1192 5538 cum
1205 5482 1355 5555 preteritis
1367 5498 1425 5538 non
1439 5483 1589 5540 coherent.
