3896 6170
77 189 129 249 1153
806 183 949 244 MUSiGd·
1626 197 1695 254 tihi

73 316 206 386 utriusque
231 313 403 369 tetrachordi
427 309 556 366 secundae
581 310 748 376 secundam,
770 310 862 364 tertie
870 308 1016 369 Aobscura
1028 310 1087 380 jam
1106 327 1139 365 ex
1160 327 1257 366 eorum
1270 311 1459 370 illustratione
1470 317 1539 372 satis
1553 321 1695 391 perspica-

73 404 183 470 tertiam,
207 410 240 460 et
264 409 370 475 quarta
394 400 565 457 concludunt
586 405 726 471 quartam.
752 399 858 453 Ultima
898 401 968 454 citer
978 400 1067 465 video,
1085 418 1147 472 quae
1162 401 1268 456 dudum
1292 401 1520 475 interrogassem,
1545 408 1599 462 nisi
1621 411 1697 480 quod

72 496 136 560 bina,
152 509 213 564 quae
227 497 335 547 restant
355 490 543 551 tetrachorda,
564 488 741 559 superiorum
752 489 859 542 scilieet
899 505 1033 544 novarum
1049 507 1142 545 rerum
1153 491 1453 564 etdulcedineeaptus,
1468 501 1495 550 et
1511 496 1697 555 admiratione

74 589 96 638 ot
113 582 316 647 excellentium,
333 580 357 634 si
373 587 582 654 comparentur,
600 577 776 632 diatessaron
790 576 858 631 item
899 580 1035 635 attonitus
1047 581 1278 650 jocundissimam
1299 582 1447 637 uerborum
1468 591 1580 640 tuorum
1595 589 1697 643 seriem

73 673 181 726 reddunt
197 672 314 742 speclea,
338 667 575 741 quemadmodum
600 671 629 720 et
656 666 756 737 prima,
782 665 857 736 quia,
899 670 1105 742 interrumpere
1120 671 1447 742 nolui.llideo.inqua1n,
1463 691 1519 728 non
1530 676 1627 731 leuiter
1637 695 1700 748 pec·

72 763 133 816 sicut
146 761 252 814 dictum
265 766 316 824 est,
332 758 429 812 eadem
448 762 515 810 sunt
530 757 559 810 in
582 759 693 810 natura.
704 754 801 809 Prima
814 771 860 810 su·
900 776 977 814 casse
992 760 1140 830 quemdam
1157 775 1188 813 ex
1205 759 1355 824 modernis,
1368 761 1434 832 quia
1444 765 1550 834 species
1561 765 1699 822 diatessa-

72 851 201 922 pariorum
216 855 245 904 ci
269 848 360 920 prima
376 847 571 902 excellentium
592 847 784 900 demonstrarii
800 844 859 916 pri·
900 865 950 904 ron
966 857 994 904 et
1005 848 1136 919 diapente
1146 848 1328 915 constituens,
1340 850 1437 922 prinrae
1451 853 1553 923 speciei
1563 855 1699 912 diatessa-

73 957 145 1006 mam,
161 939 290 994 secunde
304 937 466 1002 secundnm,
491 937 581 992 tertiae
600 935 728 1010 tertiam,
741 942 860 1007 quarta·
899 955 950 993 ron
966 955 984 992 a
997 939 1130 1010 lychanos
1154 953 1261 1002 meson,
1283 939 1335 992 hoc
1354 944 1439 1001 esta
1464 942 1497 995 li.
1518 943 1605 998 sumit
1618 962 1699 1000 exor-

73 1046 117 1102 que
135 1031 238 1084 iterum
262 1029 292 1083 in
317 1027 409 1099 specie
430 1026 529 1098 primae
550 1026 693 1080 continent
717 1031 857 1096 quartam.
900 1027 989 1096 dium,
1005 1034 1033 1081 et
1047 1027 1110 1082 linit
1123 1043 1184 1080 eam
1204 1026 1234 1081 in
1258 1028 1392 1099 lychanos
1406 1028 1540 1100 hypaton,
1557 1031 1585 1086 id
1600 1040 1652 1101 est,
1669 1034 1699 1090 in

72 1121 133 1190 Ergo
145 1119 169 1172 si
180 1119 358 1173 diatessaron
385 1115 492 1188 species
511 1115 586 1170 inter
597 1115 655 1179 illa,
670 1130 731 1185 quae
747 1114 782 1168 ad
796 1113 859 1167 dia·
900 1117 933 1172 D.
948 1116 1001 1172 Sed
1017 1118 1049 1171 i).
1062 1115 1137 1188 quia,
1153 1123 1185 1172 ut
1196 1117 1254 1187 jam
1266 1115 1370 1183 dixisti,
1383 1116 1509 1173 biformis
1521 1125 1572 1186 est,
1584 1126 1642 1176 tam
1653 1123 1699 1178 in·

72 1213 152 1279 pente,
168 1208 212 1262 rel
232 1207 363 1280 diapente
383 1205 491 1276 speeies
508 1204 583 1258 inter
600 1203 658 1268 illa,
675 1219 736 1274 quae
751 1203 786 1256 ad
801 1202 860 1257 dia·
900 1212 944 1261 ter
959 1205 1074 1278 primas,
1087 1222 1170 1276 quarn
1183 1205 1257 1259 inter
1266 1212 1380 1276 quartas
1391 1215 1573 1278 numeratur3
1588 1211 1621 1279 G,
1634 1230 1698 1267 vero

72 1305 187 1352 tessaron
208 1297 360 1368 pertinent,
384 1293 539 1366 quesieris,
554 1292 751 1348 offendiculum
765 1292 860 1346 incur·
901 1296 1066 1367 simpliciter
1078 1295 1185 1366 quartis
1200 1294 1359 1362 ascribitur,
1370 1295 1488 1367 ideoque
1504 1299 1699 1372 specieihujus

71 1388 110 1450 ris,
126 1387 191 1458 quia
207 1392 301 1441 ratum
315 1385 441 1440 ordinem
457 1399 553 1438 earum
566 1381 691 1436 invenire
706 1397 762 1436 non
777 1387 857 1453 pote·
898 1385 1031 1441 iaciemet
1045 1384 1133 1438 solam
1144 1384 1172 1437 in
1184 1384 1277 1437 medio
1289 1385 1371 1455 positi
1383 1385 1524 1440 semitonii
1532 1389 1699 1458 qualitatem

71 1477 110 1531 ris.
129 1475 183 1531 Sed
204 1482 237 1532 ut
260 1475 446 1536 manifestius,
465 1473 540 1545 quod
554 1472 673 1527 dicimus
685 1471 859 1526 animcdrcr·
898 1473 1193 1538 intuitus,interiorem
1206 1473 1377 1528 naturaerim
1389 1479 1418 1528 et
1431 1476 1632 1546 proprietatem
1642 1495 1700 1535 non

72 1571 116 1632 tas,
129 1567 150 1619 si
167 1582 224 1637 qno
239 1565 268 1619 in
284 1565 346 1620 loco
362 1569 464 1634 praeter
482 1562 539 1626 illa,
564 1577 626 1633 qure
641 1561 766 1634 exposita
781 1565 855 1627 sunt,
899 1563 1049 1638 perspexit.
1064 1562 1200 1618 Similiter
1211 1563 1361 1616 secundum
1378 1563 1477 1635 incipit
1492 1565 1520 1619 in
1535 1568 1568 1622 Λ.
1585 1585 1646 1639 quae
1657 1574 1701 1624 est

71 1656 163 1727 species
179 1655 294 1710 easdem
308 1653 458 1724 repereris
475 1652 569 1706 minus
579 1651 721 1721 regulares
737 1667 797 1704 esse
807 1632 888 1704 no·B
899 1657 999 1728 prima,
1018 1653 1208 1724 terminatque
1227 1653 1257 1707 in
1277 1655 1307 1708 E.
1329 1669 1390 1724 quae
1406 1661 1449 1708 est
1465 1657 1603 1724 secunda,
1620 1663 1650 1712 et
1666 1664 1698 1714 ut

71 1746 141 1813 reris,
157 1761 189 1799 eo
213 1743 289 1816 quod
309 1760 365 1798 uno
389 1740 656 1813 eodemqueminus
677 1740 860 1795 includuntur
899 1745 1012 1816 singula
1023 1744 1109 1814 hujus
1120 1743 1225 1797 erroris
1233 1742 1522 1816 pariterbreuiterque
1533 1747 1699 1803 concludam

71 1850 185 1889 numero.
900 1835 929 1889 in
947 1831 1129 1904 disponendis
1139 1847 1276 1886 morosuo
1290 1831 1421 1903 diapente
1432 1833 1576 1904 speciebus
1592 1837 1699 1892 nullam

100 1923 225 1990 Videsne,
237 1923 325 1977 irater
337 1919 501 1976 charissime
515 1921 521 1974 t
537 1919 676 1990 quomodo
694 1918 723 1972 in
737 1919 789 1972 hac
807 1935 859 1972 no·
901 1923 1076 1977 diatessaron
1091 1919 1222 1991 speciem,
1246 1919 1377 1991 primam,
1395 1922 1557 1988 secundam,
1573 1924 1699 1992 tertiam,

70 2019 119 2067 stra
129 2012 285 2084 specierum
295 2011 496 2066 constitutione
514 2009 639 2080 ipsarum
659 2008 816 2079 specierum
831 2018 860 2064 et
900 2011 1024 2067 naturali
1049 2011 1109 2064 loco
1134 2010 1244 2078 inserit,
1263 2015 1365 2080 praeter
1385 2009 1471 2075 illam,
1499 2028 1583 2081 quarn
1598 2019 1700 2084 quarto

70 2101 228 2156 chordarum
240 2109 297 2156 tem
309 2099 431 2154 nominis
446 2115 530 2170 quam
541 2097 695 2168 dignitatis,
711 2102 743 2151 ut
753 2096 859 2151 dictum
899 2103 960 2156 loco
976 2100 1123 2172 ponitque
1133 2105 1170 2153 est
1185 2099 1260 2152 inter
1274 2100 1308 2152 Α.
1327 2103 1356 2152 et
1371 2099 1403 2152 Ι).
1420 2105 1553 2172 utrasque
1571 2102 1701 2157 videlicet

71 2197 114 2254 est,
129 2191 267 2246 naturalis
283 2190 351 2245 ⁰rd⁰
365 2194 502 2252 servatur,
523 2192 552 2242 ci
566 2187 688 2258 qualiter
700 2186 776 2241 idem
791 2186 858 2240 crdo
901 2192 1006 2263 primas
1024 2190 1150 2245 collocat.
1176 2189 1235 2243 Nos
1259 2193 1354 2242 autem
1371 2189 1464 2259 pravis
1480 2191 1634 2246 errantium
1649 2192 1701 2248 viis

69 2283 142 2352 plano
156 2281 262 2336 itincre
281 2295 314 2333 ac
336 2278 397 2333 sinc
418 2275 584 2332 offendiculo
606 2275 794 2347 progreditur,
811 2273 859 2328 ubi
901 2281 1101 2354 compendiose
1116 2278 1286 2334 transcursis
1301 2279 1336 2332 ad
1352 2278 1458 2333 directa
1476 2285 1584 2336 naturae
1599 2282 1703 2338 itinera

70 2371 152 2440 prima
163 2369 273 2442 specics
284 2369 314 2422 in
329 2365 428 2440 primis
442 2365 562 2430 chordis,
583 2364 705 2419 secunda
718 2363 747 2417 in
759 2379 859 2418 secun-
901 2371 1001 2426 festine
1016 2370 1175 2424 redeamus.
1191 2369 1245 2423 Sed
1260 2372 1350 2422 restat
1364 2367 1457 2422 adhuc
1470 2370 1587 2441 questio
1607 2372 1701 2429 minus

68 2461 114 2525 dis,
123 2461 208 2514 tertia
222 2459 252 2512 in
265 2457 367 2522 tertiis,
383 2460 484 2527 quarta
503 2453 531 2508 in
547 2453 654 2525 quartis
674 2458 702 2507 et
725 2452 861 2524 incipitur
900 2460 1107 2532 praemanda,
1131 2458 1198 2530 qnid
1222 2458 1268 2524 sit,
1286 2457 1360 2528 quod
1388 2457 1493 2528 species
1519 2476 1535 2513 a
1558 2461 1702 2517 nonnullis

69 2555 93 2603 ct
106 2551 210 2604 linitur.
226 2547 360 2618 Nunquid
379 2561 435 2600 non
450 2546 533 2616 lrlssrrc
544 2542 687 2614 intelligis,
704 2543 780 2613 ipsas
794 2559 861 2614 quo-
901 2549 1016 2605 musicis
1036 2548 1226 2618 disponuntur
1249 2546 1453 2614 descendendo,
1473 2565 1536 2602 cum
1551 2555 1642 2605 totum
1654 2568 1701 2607 or·

68 2656 115 2709 que
129 2638 236 2710 species
258 2635 426 2691 naturaliter
441 2632 658 2688 accustitutiric
671 2648 767 2686 carum
781 2633 861 2687 chor
903 2639 996 2693 dinem
1013 2638 1169 2710 specierum
1185 2637 1347 2691 earumdem
1364 2636 1497 2691 statueris
1511 2640 1697 2696 ascendendo.

68 2728 105 2781 dis
115 2728 156 2782 rel
168 2727 286 2799 primas,
298 2724 346 2779 sed
358 2723 504 2789 secundas,
515 2721 675 2788 veltertias,
691 2723 735 2776 vel
746 2727 861 2792 quartas
1263 2726 1340 2781 Vlll,

67 2817 173 2870 vorari?
193 2817 294 2870 Nonne
317 2818 346 2867 et
367 2811 548 2866 habitudines
565 2827 663 2866 carum
686 2810 862 2865 manifestius
903 2817 1193 2886 Qttoreaquitasdom
1206 2819 1697 2886 sperr'esdeseendcndodisponantur.

66 2906 189 2970 intueris,
206 2902 347 2976 quomodo
361 2901 452 2974 prima
465 2901 640 2955 diatessaron
655 2900 761 2972 speeies
779 2899 863 2954 semi·
938 2906 1035 2960 Wma.
1056 2906 1089 2959 -ll
1116 2904 1341 2976 quibuscumque
1368 2906 1396 2962 id
1422 2907 1526 2960 lactum
1548 2906 1698 2976 inveneris,

68 2995 170 3050 lonium
187 2993 277 3047 habet
289 2992 319 3046 in
333 2991 444 3058 medio,
468 2989 591 3044 secunda
606 2990 633 3043 in
647 2989 747 3061 primo,
764 3004 861 3042 secun·
902 2995 1055 3049 seeundum
1070 2993 1275 3060 remissionem,
1290 3011 1352 3064 quae
1375 3011 1404 3049 se
1426 2995 1533 3066 speeies
1547 2995 1637 3065 magis
1651 2996 1702 3050 de·

66 3085 125 3138 dum
135 3083 328 3139 intensionem
340 3081 402 3134 dico
414 3098 421 3148 ;
442 3078 527 3134 tertia
540 3079 570 3133 in
588 3078 687 3134 ultimo
699 3097 705 3146 3
731 3078 861 3150 quodque
901 3085 991 3138 clarat
1000 3083 1150 3150 cantando,
1158 3082 1317 3137 ordinatum
1329 3101 1390 3138 esse
1400 3084 1520 3150 noveris,
1532 3100 1589 3138 non
1600 3099 1700 3139 secun-

66 3175 151 3244 prima
164 3174 300 3244 diapente
314 3170 420 3242 speeies
439 3168 525 3224 habet
543 3167 721 3222 semitonium
739 3173 803 3239 post
816 3174 860 3223 to·
902 3174 968 3228 dum
989 3173 1188 3238 intensionem,
1215 3171 1281 3226 lieet
1303 3171 1423 3228 intensio
1444 3172 1549 3244 ubique
1573 3174 1651 3245 prior
1665 3174 1703 3228 sit

65 3279 137 3328 num,
149 3267 253 3334 postea
262 3259 400 3325 ditonum,
413 3257 538 3312 secunda
550 3257 579 3311 in
602 3257 703 3328 primo,
723 3256 806 3311 tertia
831 3257 861 3310 in
902 3278 986 3333 quam
1000 3261 1137 3327 remissio,
1155 3266 1187 3315 ut
1205 3259 1234 3314 in
1259 3277 1335 3328 areu,
1365 3267 1397 3317 ut
1420 3262 1449 3316 in
1472 3261 1576 3332 sagitta
1590 3278 1702 3318 sursum

66 3352 167 3418 ultimo,
182 3353 287 3423 quarta
298 3354 362 3420 post
375 3347 512 3412 ditonum,
521 3352 619 3418 postea
630 3351 728 3400 tonum
739 3345 861 3401 tNonne
901 3351 1015 3415 directa,
1027 3356 1059 3405 ut
1071 3351 1098 3404 in
1115 3350 1207 3422 pluria
1218 3367 1224 3416 ;
1236 3350 1295 3405 hece
1309 3350 1383 3405 enim
1398 3356 1427 3406 et
1438 3351 1598 3421 hujusmodi
1607 3353 1703 3408 omnia

64 3442 132 3494 eiare
146 3439 280 3503 intueris,
298 3437 420 3508 qualiter
438 3436 492 3490 iste
511 3436 668 3506 specierum
692 3435 760 3489 ordo
772 3435 815 3489 vel
828 3451 861 3489 ex
902 3439 979 3512 prius
1002 3440 1196 3506 intenduntur,
1214 3455 1298 3510 quam
1324 3439 1382 3506 illo,
1405 3441 1479 3495 uude
1503 3440 1701 3512 procedebant,

64 3529 110 3584 hcc
124 3529 251 3584 maxime
265 3525 403 3581 naturalis
424 3524 537 3596 probari
561 3529 662 3596 Ρθῐθὸῐ,
686 3523 752 3596 quia
765 3523 862 3596 primae
904 3529 1093 3584 remittantur·
1105 3529 1231 3600 Denique
1242 3535 1270 3584 et
1284 3529 1391 3600 species
1400 3530 1518 3600 singulte
1527 3530 1625 3586 ordine
1636 3547 1705 3603 prae·

63 3619 160 3690 speclei
175 3618 277 3673 sedern
300 3615 400 3670 tribuit
426 3615 457 3668 in
478 3613 569 3685 spatio
598 3613 757 3685 principalis
777 3618 863 3668 tetra·
904 3618 978 3674 dicto
1003 3620 1037 3674 de
1054 3619 1234 3674 tetrachordo
1256 3619 1285 3673 in
1308 3620 1518 3674 tetrachordum
1542 3620 1659 3676 intensae
1679 3621 1705 3676 si

63 3707 260 3780 chordi,quod
276 3708 350 3760 inter
380 3703 535 3776 primarum
562 3703 730 3756 chordarum
746 3702 862 3774 primas,
904 3709 1094 3774 remittantur,
1106 3707 1307 3779 initiosnmpto
1320 3708 1355 3762 ab
1365 3709 1539 3775 ultimis,ubi
1551 3710 1703 3765 terminum

62 3797 85 3850 id
99 3804 152 3862 est,
170 3799 207 3851 A.
221 3801 251 3850 et
260 3796 293 3850 D.
305 3799 338 3848 ut
352 3794 481 3864 superius
492 3792 545 3846 tibi
558 3792 682 3846 nondum
695 3791 864 3862 intelligenti
905 3815 1001 3852 earum
1015 3797 1176 3863 statuimus,
1189 3813 1287 3851 onmes
1302 3798 1400 3854 eadem
1415 3798 1469 3863 via,
1486 3815 1542 3869 qua
1557 3805 1704 3869 venerunt,

62 3885 162 3941 dictum
175 3883 369 3949 est,locatur!
385 3881 538 3952 perpende,
552 3897 655 3952 quaero,
672 3881 865 3951 diligentem&
905 3887 941 3942 ad
956 3885 1109 3957 principale
1123 3886 1333 3940 tetrachordum
1355 3887 1432 3941 velut
1453 3887 1488 3941 ad
1511 3887 1628 3958 originis
1647 3889 1705 3943 sirae

60 3972 123 4029 illud
137 3973 298 4046 perpende,
311 3971 451 4042 quomodo
465 3970 495 4024 in
510 3970 571 4041 ipsa
586 3969 743 4040 primarum
757 3969 864 4040 specie·
905 3976 1011 4030 sontem
1035 3981 1184 4029 recurrunt
1202 3992 1208 4042 ς
1235 3990 1405 4046 quamquam
1428 3977 1520 4030 omnis
1547 3975 1669 4030 melodia
1688 3991 1706 4030 a

60 4079 119 4117 rum
127 4061 261 4118 naturali
271 4060 448 4133 processione
457 4059 644 4130 ipsumetiam
654 4058 864 4113 tetrachordum
906 4063 1052 4137 principali
1074 4063 1208 4134 digressa,
1226 4063 1345 4129 asinali,
1359 4069 1392 4117 ut
1406 4063 1594 4134 prediximus,
1610 4064 1705 4120 mode·

62 4153 140 4208 finale
153 4151 285 4225 quodam
306 4149 415 4205 occulto
429 4149 527 4203 ordine
547 4152 576 4202 et
595 4149 657 4219 lege
680 4153 788 4202 naturae
800 4165 866 4220 pro·
901 4149 994 4217 retur,
1011 4161 1126 4223 regatur
1138 4153 1198 4222 jam
1212 4157 1242 4206 et
1255 4151 1435 4222 dijudicetur.

60 4241 174 4296 ductum
193 4245 251 4296 est.
275 4239 347 4303 Quid
368 4243 411 4294 cst
434 4253 503 4308 crgo
524 4237 687 4293 earumdem
711 4237 865 4309 specierum
943 4243 1029 4299 Orat.
1054 4243 1135 4296 Nunc
1157 4241 1253 4312 igitur,
1271 4241 1468 4296 dilectissime!
1483 4241 1550 4313 quia
1567 4247 1596 4298 et
1608 4242 1638 4298 ia
1652 4241 1706 4298 hae

60 4331 245 4404 principium,
263 4328 318 4383 nisi
332 4327 485 4400 principale
498 4327 709 4381 tetrachordum
719 4326 784 4380 ivel
798 4327 864 4398 quid
873 4319 897 4378 D
907 4331 1060 4403 questione
1070 4329 1311 4402 satisfecisti,post
1320 4330 1537 4402 pulcherrimam
1553 4349 1568 4387 e
1582 4332 1707 4387 naturali

60 4421 187 4492 ipsarum
204 4417 422 4483 consummatio,
451 4416 505 4470 nisi
528 4416 700 4472 tetrachordi
719 4416 811 4471 finalis
833 4433 866 4470 ex
906 4422 1030 4476 thalamo
1044 4437 1095 4476 suo
1109 4419 1264 4492 specierum
1276 4420 1450 4474 diatessaron
1458 4425 1486 4475 et
1500 4420 1632 4493 diapente
1640 4438 1707 4494 pro·

60 4511 216 4584 principali
238 4509 371 4580 genitura
394 4507 522 4578 quaedam
546 4511 574 4561 et
592 4506 760 4578 productio?
775 4506 866 4562 Simili
907 4509 1077 4575 ductionem,
1093 4514 1158 4580 post
1171 4509 1412 4564 tetrachordorum
1423 4510 1708 4583 processionem,post

59 4602 141 4655 modo
171 4600 207 4654 in
231 4594 432 4652 constitutione
455 4595 611 4667 specierum
632 4595 763 4666 diapente
783 4601 869 4651 tetra·
907 4599 1040 4654 subtilem
1054 4599 1219 4670 primarum,
1233 4599 1709 4673 secundarumtertiarumetquar·

59 4689 201 4744 chordum
216 4686 395 4758 superiorum
408 4702 440 4739 ex
455 4685 617 4746 iinali,etex
631 4685 867 4757 subsequentibus
908 4694 1003 4744 tarum
1018 4689 1185 4742 chordarum
1201 4705 1233 4742 ex
1245 4687 1425 4742 tetrachordo
1441 4689 1600 4761 principali,
1616 4706 1648 4744 ac
1658 4707 1710 4762 per

57 4778 214 4850 speciebus
225 4776 362 4831 excellens
378 4791 413 4829 ex
430 4773 568 4846 superiori
588 4774 723 4846 procedit.
749 4773 795 4829 Sic
808 4774 868 4829 sin·
909 4779 962 4834 hoc
976 4776 1130 4832 harmoniae
1140 4777 1237 4836 totius.
1250 4783 1283 4831 ut
1297 4777 1476 4848 promiseras,
1493 4777 1707 4847 derivationem,

56 4869 195 4938 gulorum
203 4863 452 4921 tetrachordorum
462 4863 498 4918 ad
508 4869 653 4936 troporum
661 4864 868 4920 institutionem
910 4868 1044 4938 diapason
1059 4883 1170 4938 quoque
1184 4866 1291 4938 speeies
1306 4867 1405 4921 eodem
1417 4883 1510 4939 quaeso
1525 4868 1637 4936 decore,
1652 4883 1708 4939 quo

57 4956 268 5030 spectantium,
284 4956 382 5026 primae
399 4969 432 5007 ex
447 4952 609 5024 principalis
622 4953 795 5008 tetrachordi
810 4954 870 5026 pri-
911 4962 940 5013 et
958 4956 1090 5023 minores,
1107 4955 1192 5010 iacias
1204 4955 1365 5027 procedere.

58 5064 111 5112 ma,
127 5051 173 5102 sic
188 5060 292 5100 omnes
304 5043 433 5098 secunde
448 5059 481 5096 ex
495 5041 582 5113 ipsius
591 5043 722 5107 secunda,
737 5043 871 5100 sictertiae
1284 5043 1333 5100 IX.

57 5151 87 5190 er
102 5137 211 5196 tertia,
230 5140 258 5188 et
273 5139 380 5204 quartae
394 5148 427 5187 ex
437 5138 537 5203 quarta
552 5132 632 5203 quasi
647 5149 680 5186 ex
695 5138 816 5204 quatuor
826 5133 871 5188 di·
1136 5136 1171 5190 ta
1185 5137 1320 5204 speciebus
1334 5137 1482 5204 diapason.

57 5244 144 5282 rersae
158 5231 279 5279 naturae
292 5222 439 5277 elementis
450 5220 653 5293 producuntur,
676 5222 734 5277 sive
753 5227 820 5279 nata
831 5229 873 5278 to·
947 5225 1043 5280 Wmn.
1057 5225 1098 5280 De
1113 5224 1258 5296 speciebus
1272 5223 1407 5296 diapason
1419 5223 1485 5295 quid
1498 5221 1618 5293 amplius
1628 5237 1710 5278 nosse

57 5316 99 5370 nis
112 5315 305 5371 derivantur.
913 5314 1034 5379 laboras,
1056 5313 1111 5368 nisi
1122 5315 1196 5386 quod
1210 5330 1308 5368 omnes
1323 5312 1422 5368 musici
1432 5311 1712 5371 asseverant,scilicet

92 5407 190 5461 Orac.
211 5402 331 5457 Placent
344 5406 443 5456 cuncto
453 5400 605 5458 admodum
616 5418 677 5474 quae
687 5401 767 5470 dieis,
780 5407 809 5458 et
818 5420 875 5458 non
916 5409 1023 5476 septem
1038 5417 1099 5458 esse
1109 5403 1261 5458 secundum
1277 5399 1671 5474 septemdiseriminuvooum,
1683 5407 1712 5457 et

58 5495 151 5552 solnm
176 5493 248 5549 haec
273 5491 426 5564 perpendo,
443 5490 492 5548 sed
513 5496 542 5546 et
565 5491 621 5546 alia
646 5493 775 5563 quadam
797 5492 876 5566 prius
917 5493 985 5566 quia
1002 5492 1101 5548 eadem
1125 5490 1290 5550 discrimine
1308 5490 1338 5545 in
1360 5487 1550 5545 monochordo
1569 5488 1714 5559 geminata
