3882 6172
87 204 135 262 dli
687 203 900 264 OHDDNIDON
919 203 1115 264 BEDODNSE.
1667 218 1723 280 050

87 347 131 402 par
144 329 224 386 iham
236 328 285 402 qni
300 343 422 402 presens
432 341 495 384 oum
510 325 558 382 illo
574 324 857 401 erat(69}.quisicait
867 335 911 397 :A
953 331 1035 386 Anno
1063 335 1159 390 autam
1175 333 1324 392 millesimo
1338 337 1520 409 nonagesimo
1541 347 1649 416 octavo,
1664 346 1721 404 Aa·

3 427 4 454 ³
86 421 206 475 Attestor
223 419 315 474 Deum
342 433 387 471 me
404 432 478 488 sape
492 414 574 471 illum
590 415 642 470 sub
656 417 783 474 veritatis
798 419 877 474 testi-
918 417 1023 474 seimus
1034 419 1258 494 archiepiscopus
1273 427 1389 482 recessit
1410 429 1446 485 ab
1465 428 1576 500 Anglia,
1592 434 1658 505 quia
1672 451 1721 492 rex

86 507 172 562 monio
186 507 300 563 audisse
309 509 513 578 protestantem
524 505 599 575 quod
609 504 744 564 libentius
756 509 840 564 vellet
848 509 878 564 in
918 505 1093 577 Willermus,
1122 509 1196 566 tilius
1210 510 1349 569 Willcrmi
1372 517 1577 590 (lonquisitoris
1600 523 1717 595 Angliae,

86 595 298 669 congregatione
319 595 530 659 monachorum,
545 594 605 648 loco
621 595 700 667 pueri
721 597 795 653 inter
808 613 879 670 pue·
919 593 991 649 nihil
1002 596 1071 652 recti
1084 595 1113 651 iu
1135 613 1222 670 regno
1237 617 1288 657 suo
1303 602 1365 659 fleri
1383 608 1574 681 permittebat,
1589 612 1637 666 sed
1652 629 1720 683 pro-

86 705 125 742 ms
138 685 190 740 sub
205 686 286 758 virga
310 683 438 756 magistri
452 698 563 755 pavere,
580 699 664 754 quam
687 701 738 757 per
754 691 879 758 pastora-
918 683 1373 748 vinciasintolerabilitervexabat
1390 693 1420 749 in
1435 697 1558 765 tributis,
1575 715 1718 771 quaenun-

85 777 133 832 lem
154 791 254 830 comm
278 774 330 842 toti
345 771 497 828 Britannias
517 771 658 843 praelatus,
687 773 718 828 in
740 781 878 834 conventu
919 789 1004 845 quam
1029 774 1176 831 cessabant
1201 777 1231 832 in
1246 795 1330 850 opere
1345 784 1417 839 muri
1439 786 1513 842 circa
1526 788 1630 844 turrim
1644 790 1719 847 Lon·

84 865 256 938 populorum,
268 860 409 918 cathedra
421 861 573 934 pontificali
585 862 744 934 presidere.
917 861 1018 931 donia,
1045 863 1075 919 in
1101 881 1184 936 opera
1199 867 1271 923 aula
1285 871 1397 942 regalis,
1414 875 1488 946 apud
1502 875 1718 936 westmonster,

114 952 230 1008 Sublato
242 951 279 1006 de
297 951 351 1006 hac
365 950 423 1006 vita
438 948 587 1006 venerabili
603 949 697 1017 Patra,
712 957 745 1008 ut
758 951 878 1010 diximus
920 950 997 1007 idem
1010 969 1058 1008 rex
1071 953 1236 1010 Willermus
1249 956 1302 1013 hoc
1314 975 1388 1016 anno
1397 961 1449 1018 thit
1461 963 1492 1019 ia
1503 965 1719 1038 Northmannia,

85 1041 246 1108 lanfranco,
270 1056 319 1096 rex
347 1039 503 1112 anglorum
521 1037 686 1096 willermus
708 1041 837 1098 ecclesias
851 1048 881 1098 et
919 1055 1031 1114 semper
1057 1042 1182 1112 hosticis,
1196 1049 1225 1100 et
1236 1047 1415 1119 tumultibus,
1432 1058 1460 1107 et
1475 1055 1551 1110 curis
1575 1072 1719 1114 armorum

86 1129 250 1186 momsteria
260 1129 349 1184 lodus
363 1127 471 1198 Angliae
479 1127 558 1198 gravi
569 1127 689 1184 nimium
699 1131 879 1202 oppressione
920 1129 1041 1199 deditus,
1066 1130 1178 1188 tributis
1205 1133 1320 1192 interim
1341 1155 1374 1194 ex
1388 1141 1578 1200 exactionibus
1591 1146 1721 1218 pessimis

86 1218 176 1273 attint
185 1218 258 1289 (70),
274 1217 354 1287 cujus
373 1215 562 1288 oppressionis
575 1233 650 1273 anno
670 1223 781 1290 quarto,
796 1217 878 1274 idest
918 1219 1036 1291 populos
1049 1221 1205 1291 anglorum
1222 1240 1278 1280 non
1293 1226 1440 1297 abradens,
1457 1231 1506 1286 sed
1523 1235 1680 1295 exconans.

87 1307 227 1362 millesimo
252 1305 437 1377 nonagesimo
450 1305 535 1361 tertio
562 1303 597 1359 ab
614 1303 811 1363 incarnatione
825 1309 878 1365 Do·
953 1309 1035 1364 Anno
1051 1309 1206 1368 Dominicae
1223 1312 1427 1372 lacernationis
1441 1319 1590 1378 millesimo
1604 1325 1723 1382 centesi-

2 1423 3 1436 κ
85 1395 324 1464 mini,Anselmas
337 1393 422 1449 abbas
441 1394 585 1450 beccensis
602 1395 741 1463 Ecclesiae,
761 1397 803 1452 vir
817 1414 878 1452 ma·
919 1414 965 1452 mo
983 1413 1067 1466 nono,
1088 1399 1390 1461 undecimolialendas
1405 1406 1481 1474 Maii,
1497 1409 1677 1484 seriaquinta
1691 1413 1722 1471 ia
1823 1393 1825 1398 Ι

85 1502 140 1556 gna
149 1485 310 1540 sanctitatis
322 1484 500 1551 etdoctrinae,
516 1483 661 1550 invitatus,
682 1485 739 1541 imo
751 1487 879 1545 districta
918 1502 998 1541 coena
1017 1487 1141 1556 Domini,
1154 1487 1223 1546 obiit
1236 1491 1289 1563 pia
1298 1500 1441 1556 memorias
1450 1500 1617 1576 venerahilis
1630 1501 1722 1560 domi-
1802 1495 1806 1504 ¹

85 1573 305 1647 interpellatione
317 1572 474 1644 adjuratus,
490 1571 525 1628 ab
538 1573 657 1646 Hugone
668 1575 825 1632 Castrensis
834 1593 878 1632 co·
917 1592 972 1631 nus
998 1579 1147 1636 Anselmus
1162 1582 1373 1642 (lantuariensis
1392 1588 1627 1663 archiepiscopus.
1657 1592 1721 1664 Ipso

85 1664 145 1718 mite
160 1663 317 1734 multisque
334 1661 397 1717 aliis
418 1663 573 1733 Anglornm
601 1663 681 1734 regui
694 1665 875 1738 principibus,
886 1679 993 1755 Banna
1004 1666 1135 1723 ultimum
1147 1669 1253 1727 Pascha
1268 1672 1331 1740 suit,
1348 1676 1469 1747 septimo
1486 1679 1628 1734 Kalendas
1642 1678 1719 1736 Maii.

86 1753 202 1823 quicum
218 1751 505 1807 animarumsuerum
522 1751 661 1807 medicum
673 1757 702 1808 et
713 1753 878 1811 advocatum
955 1753 1072 1827 Scripsit
1084 1774 1149 1813 vero
1163 1757 1239 1814 idem
1263 1761 1306 1816 vir
1329 1767 1498 1822 reverendus
1511 1768 1648 1824 nonnulla
1662 1785 1721 1826 me·

86 1841 231 1912 elegerant,
251 1845 282 1896 εἰ
299 1839 415 1912 insuper
428 1839 556 1896 Ecclesia,
571 1857 629 1897 ευρ
641 1858 721 1913 preco
734 1848 763 1898 ot
778 1861 877 1915 proco-
918 1842 1118 1916 moriaedigna,
1137 1863 1198 1918 quae
1205 1847 1305 1906 subtus
1313 1851 1637 1913 adnecterecuravimus.
1645 1858 1720 1914 Dum

86 1935 136 2001 lm,
159 1947 211 2002 pm
232 1928 375 1984 communi
398 1927 530 1995 utilitate,
558 1936 670 1986 coactu,
692 1931 822 2002 pugnam
837 1933 878 1989 in.
918 1929 1009 1985 adhuc
1021 1939 1096 1988 esset
1108 1933 1188 2005 prior
1209 1935 1238 1990 iu
1254 1937 1385 1995 Deccensi
1399 1941 1524 1998 coenobio
1539 1943 1651 2018 scripsit
1664 1950 1722 2001 tra·

86 2035 189 2089 gressm
202 2017 875 2090 est.Venientioptimatesalacresoccurrerunt;
918 2024 1009 2076 clatus
1022 2025 1097 2090 tres;
1112 2023 1237 2094 primum
1251 2025 1421 2097 Dcocrilctc,
1440 2033 1594 2088 secundum
1622 2035 1659 2090 Dc
1683 2037 1720 2092 tt-

86 2125 127 2162 rsx
151 2108 213 2180 ipse
229 2107 301 2162 solio
320 2105 432 2173 exsiliit,
463 2111 492 2160 et
511 2105 570 2160 viro
589 2107 716 2178 mudens
744 2107 875 2166 occurrit.
919 2109 1019 2164 berteto
1033 2112 1150 2166 arbitrii
1157 2132 1166 2178 ,·
1182 2113 1298 2171 tertium
1313 2118 1350 2172 De
1373 2134 1438 2174 casa
1463 2122 1722 2196 diaboli;atquar-

87 2195 190 2252 laurea
205 2212 257 2250 rex
271 2195 435 2252 willermus
453 2194 532 2266 gravi
558 2194 693 2266 languore
715 2195 876 2266 corripitur,
917 2201 991 2268 tum,
1005 2215 1089 2270 quem
1105 2199 1229 2258 titulavit
1242 2205 1280 2259 De
1292 2212 1488 2276 oramntotr'co,
1511 2209 1541 2266 in
1556 2228 1612 2286 quo
1635 2212 1721 2268 disci-

88 2291 186 2357 otpene
208 2285 246 2340 ad
268 2289 395 2340 extrema
413 2282 586 2355 perducitur.
611 2281 755 2340 Susdctur
768 2284 794 2339 ei
803 2283 879 2341 inter
918 2285 995 2356 pulo,
1006 2303 1090 2360 quem
1104 2305 1199 2346 secum
1212 2291 1404 2364 disputantem
1419 2297 1585 2368 introduxit,
1608 2317 1722 2376 respon·

87 2373 135 2428 ou„
148 2392 165 2429 a
178 2372 365 2447 principibus,
377 2377 410 2427 ut
421 2372 455 2428 de
468 2378 560 2428 matre
579 2373 667 2430 totius
682 2373 772 2444 regni,
789 2373 879 2429 Ecele
919 2374 1005 2429 delet
1019 2377 1123 2432 multas
1136 2378 1297 2438 dialecticas
1305 2385 1473 2455 quaestiones
1481 2389 1613 2462 proponit
1623 2396 1651 2446 ct
1665 2391 1722 2448 sol-

87 2463 260 2518 siasidelicet
271 2461 477 2526 cantuariensi,
490 2462 603 2533 cogitet,
618 2467 716 2518 eteam
731 2462 879 2534 apristina
919 2465 968 2520 vit.
983 2465 1062 2522 Fecit
1075 2484 1187 2542 quoque
1200 2470 1326 2529 libellum
1343 2475 1483 2547 quintum,
1504 2495 1590 2550 quem
1602 2481 1723 2539 Monole-

88 2552 216 2608 sidaitste
229 2558 260 2608 et
280 2551 440 2606 calamitate
454 2567 505 2623 per
519 2550 724 2607 iustitutionem
740 2552 880 2624 pontificis
919 2559 1158 2630 piauappellavit3
1174 2561 1413 2622 solusaniminco
1431 2571 1460 2622 et
1474 2584 1571 2624 secum
1586 2570 1721 2644 loquitur.

87 2641 194 2698 relevet.
219 2638 380 2712 acquiescit
405 2639 453 2695 ille
478 2641 604 2707 consilio,
621 2645 650 2696 et
667 2642 832 2697 Anselmum
851 2639 880 2694 in
920 2660 962 2712 ac,
977 2645 1063 2700 tacita
1081 2648 1157 2704 omni
1172 2651 1340 2708 auctoritate
1357 2653 1457 2711 divinae
1471 2657 1631 2729 Scriptura,
1648 2659 1723 2731 quod
1741 2645 1744 2652 ⁴

87 2745 149 2802 opus
169 2732 224 2786 hoc
237 2729 434 2802 dignissimum
449 2728 564 2784 indicat.
580 2729 659 2786 Tunc
679 2730 726 2785 ille
741 2729 881 2786 contradi·
921 2733 996 2789 Deus
1009 2729 1116 2790 sitsola
1129 2736 1382 2812 rationequaeritet
1393 2743 1515 2814 invenit;
1528 2751 1557 2802 et
1569 2747 1644 2819 quod
1657 2764 1724 2803 vera

87 2835 155 2888 cens,
168 2825 197 2876 et
211 2819 403 2884 reluctansret
418 2817 514 2873 multia
534 2818 623 2873 modis
649 2818 780 2874 omnibus
800 2818 879 2873 obtc·
922 2823 991 2877 fides
1009 2823 1044 2878 de
1060 2823 1117 2880 Deo
1131 2827 1226 2894 sentit,
1242 2827 1398 2886 invincibili
1412 2833 1532 2902 ratione,
1553 2835 1592 2890 sic
1604 2851 1661 2892 non
1674 2837 1724 2892 ali·

88 2913 165 2974 uano,
196 2909 319 2980 capitur,
348 2911 377 2962 et
399 2906 534 2961 violenter
546 2907 575 2962 in
591 2905 710 2962 vicinam
724 2905 877 2972 ecclesiam,
920 2914 965 2964 ter
979 2926 1041 2966 esse
1054 2913 1257 2986 comprobabat
1271 2917 1395 2976 instruit.
1407 2920 1573 2995 Composuit
1588 2924 1674 2980 etiam
1689 2926 1724 2981 li-

86 3013 142 3052 cum
155 2998 265 3071 hymno
280 3003 309 3052 et
323 2995 452 3051 laudibus
467 3001 597 3070 portatur
605 2995 697 3068 magis
708 3012 790 3068 quam
801 2995 911 3075 duci-0
922 2997 1003 3054 hrum
1018 3005 1138 3069 sextum,
1151 3002 1217 3059 licet
1227 3006 1386 3076 parvulum,
1402 3010 1451 3066 sed
1465 3011 1601 3068 suavioris
1615 3030 1648 3070 ec
1661 3013 1725 3071 sub-

1 3079 2 3082 ’
86 3091 136 3139 tur.
163 3088 236 3142 Acta
251 3091 318 3140 sunt
333 3085 391 3141 haec
404 3101 478 3141 anuo
503 3086 558 3140 istc
574 3084 663 3158 pridie
678 3087 774 3141 Nonas
786 3085 880 3140 Martii
921 3085 1059 3142 tilissimae
1073 3091 1319 3162 contemplationis
1336 3097 1461 3168 pondere
1475 3115 1619 3172 magnum,
1641 3119 1724 3176 quem

87 3174 170 3245 prima
182 3175 332 3230 Dominica
354 3174 586 3246 quadragesima,
923 3179 1097 3246 Prosoiooion
1107 3180 1272 3251 appellavit,
1284 3183 1437 3256 alloquitur
1450 3188 1536 3244 etiam
1550 3190 1579 3244 in
1594 3190 1643 3246 illo
1657 3208 1725 3265 ope·

117 3264 198 3319 Anno
211 3280 276 3318 vero
291 3263 420 3335 sequenti
436 3259 535 3330 110911),
550 3262 640 3334 pridie
659 3263 755 3318 Nonas
768 3261 882 3318 Decem·
922 3280 963 3332 re,
991 3271 1042 3320 aut
1065 3265 1197 3340 seipsum,
1218 3276 1269 3326 aut
1287 3272 1387 3328 Deum.
1404 3275 1521 3349 Scripsit
1533 3281 1725 3352 etseptimum

87 3349 149 3419 bris,
163 3351 262 3406 debito
270 3369 335 3408 cum
345 3352 452 3406 honore
477 3351 512 3406 ab
536 3350 882 3423 omnibusepiscopishn·
923 3352 1027 3409 librum
1055 3355 1246 3426 Epistularum
1271 3361 1308 3416 ad
1324 3362 1456 3432 diversos,
1486 3365 1604 3424 diversis
1626 3385 1726 3426 eorum

89 3443 146 3512 glia
157 3443 320 3498 Cantuariae
333 3448 512 3498 consecratus
535 3447 587 3509 est,
603 3442 639 3498 ad
655 3443 766 3498 laudem
783 3446 813 3497 et
824 3442 882 3514 glo·
923 3443 1043 3514 negotiis
1056 3447 1239 3518 respondens,
1256 3450 1300 3505 vel
1309 3467 1343 3505 aa
1358 3468 1420 3524 qum
1433 3470 1485 3510 sua
1493 3454 1650 3514 intererant
1663 3473 1726 3531 pro-

89 3528 153 3586 riam
164 3531 290 3586 nominis
306 3532 428 3587 Domini.
922 3546 1021 3586 curare
1035 3534 1182 3591 mandans.
1195 3535 1274 3594 Fecit
1292 3544 1320 3594 et
1338 3545 1465 3598 octavum
1477 3543 1515 3598 De
1528 3545 1727 3603 incarnatione

119 3619 149 3674 ln
163 3620 245 3690 cujus
260 3620 469 3676 comecratione
484 3619 644 3691 evangelica
668 3617 717 3674 illa
741 3618 883 3674 sententia
929 3619 1014 3686 Verbi,
1037 3622 1111 3694 quod
1135 3640 1205 3696 opus
1219 3626 1362 3698 epistolari
1372 3629 1445 3702 stylo
1459 3633 1648 3706 conscriptum
1664 3652 1727 3692 saa·

89 3723 241 3780 supereum
254 3715 367 3782 reporta
378 3715 438 3764 est:
458 3711 562 3764 Vocooit
579 3709 814 3776 renitentissimi
827 3723 883 3762 ser·
923 3712 974 3762 ctae
989 3709 1121 3768 Romane
1134 3713 1264 3771 Ecclesiae
1277 3733 1388 3775 summo
1402 3721 1527 3792 pontifici
1545 3723 1659 3780 Urbano
1686 3723 1727 3780 di·

89 3813 147 3852 narn
160 3815 245 3852 saum
260 3799 330 3853 loro
344 3813 422 3854 cursa
435 3799 524 3853 dicere
538 3799 675 3864 inuitatis,
701 3802 733 3851 ut
757 3797 883 3852 remeent
924 3798 1005 3852 cavit.
1019 3799 1131 3856 Nonum
1151 3801 1254 3858 librum
1269 3805 1367 3873 edidit,
1384 3824 1468 3878 quem
1479 3811 1537 3868 dur
1547 3812 1619 3868 Deus
1633 3815 1723 3883 issoaio,

87 3889 221 3958 pompam
233 3892 337 3958 porcio
351 3885 613 3960 santornnioiluc.
627 3899 684 3954 xiv,
703 3884 754 3954 ld).
771 3885 882 3952 Quicu·
922 3887 1084 3958 appcllavit.
1096 3890 1241 3946 Decimum
1253 3895 1289 3948 Da
1303 3901 1432 3966 conceptu
1455 3901 1602 3968 uirninaii.
1633 3901 1725 3960 Unde·

85 3975 126 4044 jus
140 3976 234 4032 meriti
261 3975 376 4044 exstitit,
404 3975 433 4030 in
461 3975 528 4030 Vita
541 3975 630 4047 ipsius
645 3979 739 4046 potest
753 3973 879 4047 reperiri.
923 3973 1026 4030 cimum
1042 3975 1077 4030 de
1097 3978 1272 4034 orationibus
1290 3983 1521 4054 contemplativis,
1538 4001 1623 4057 quem
1637 3988 1725 4060 pluri-

1 4099 2 4110 ,
88 4061 163 4120 Rexit
175 4071 270 4120 autom
287 4065 327 4119 sic
340 4063 535 4120 sanctissimus
563 4061 605 4116 vir
625 4062 774 4117 huselmus
789 4059 882 4117 Eccle
922 4062 962 4117 mi
987 4065 1175 4122 limitationes
1189 4073 1302 4136 vocant:
1327 4071 1356 4124 in
1382 4071 1493 4142 quibus,
1509 4073 1666 4145 legentibus
1680 4078 1723 4134 sa·

1 4205 2 4212 ,
86 4153 400 4210 siamCantuarienscm
415 4151 574 4224 quindecim
589 4151 670 4207 annis
684 4149 817 4220 feliciter3
833 4151 881 4222 qui
921 4151 974 4206 cile
989 4160 1107 4225 apparet
1124 4162 1231 4225 quanta
1251 4156 1367 4214 dulcedo
1388 4176 1573 4232 supernorum
1599 4173 1724 4223 mentem

1 4231 2 4299 i
88 4245 234 4301 nsouechus
251 4243 330 4302 aecci
352 4243 512 4300 claustralis
524 4243 670 4297 exstiterat
685 4240 776 4295 tribus
787 4239 878 4306 annis,
921 4241 983 4313 ejus
996 4243 1164 4314 repleverat.
1195 4245 1391 4316 Duodecimus,
1404 4249 1452 4320 qui
1471 4256 1514 4306 est
1527 4252 1644 4309 ultimas
1667 4261 1724 4312 lra-

1 4373 2 4394 ,
86 4333 241 4403 quindecim
256 4333 334 4406 prior
356 4337 420 4406 post
433 4330 620 4387 venerabilem
635 4331 834 4397 lanfrancum,
851 4330 1021 4398 officiatus,
1037 4334 1076 4388 lle
1086 4339 1256 4402 processione
1271 4333 1396 4405 Spiritus
1410 4341 1514 4408 sancti,-
1530 4341 1724 4402 confutaverat

1 4455 2 4458 ,
85 4422 241 4492 quindecim
255 4417 879 4494 obbaspostsanctumilerluinum,ejusdem
921 4419 995 4474 enim
1012 4419 1122 4476 Graecos
1135 4421 1166 4476 in
1177 4422 1293 4478 Darensi
1305 4425 1432 4498 concilio,
1440 4434 1576 4500 negantes
1585 4431 1723 4505 Spiritum

84 4511 201 4568 emnobii
223 4511 354 4568 abbatem
378 4511 511 4584 primum.
525 4509 578 4566 Cui
592 4508 726 4564 successit
736 4507 767 4563 in
781 4507 879 4564 eadem
920 4517 1048 4564 sanctum
1069 4526 1087 4564 a
1101 4509 1171 4566 Filio
1185 4513 1354 4584 procedere;
1368 4516 1443 4572 unde
1466 4524 1579 4591 sumpta
1603 4524 1724 4582 materie

1 4659 2 4666 ἵ
84 4597 204 4657 Ecclesia
216 4601 296 4657 Decci
309 4599 409 4656 tertius
425 4598 511 4656 abbas
533 4599 575 4654 vir
598 4614 708 4670 magna
722 4594 879 4652 sanctitatis
919 4604 1020 4670 rogatu
1039 4599 1193 4657 Hildeberti
1209 4601 1433 4661 Cenomanorum
1453 4607 1585 4683 episcopi,
1601 4611 1677 4672 hunc
1690 4614 1724 4670 li·

1 4725 2 4730 η
83 4693 155 4754 σοι
168 4691 304 4748 doctrina
318 4689 493 4758 Willermus,
518 4686 604 4744 nobili
618 4685 880 4742 Northmannorum
920 4686 1003 4744 hrum
1026 4690 1192 4762 composuit.
1221 4692 1262 4748 De
1276 4693 1389 4750 natione
1403 4696 1505 4765 ejusot
1518 4700 1576 4755 vita
1594 4706 1624 4758 et
1637 4704 1722 4762 mori·

1 4787 2 4838 l
83 4780 213 4853 prosapia
233 4778 372 4852 originem
393 4779 523 4847 trahens3
541 4778 570 4832 iu
586 4775 672 4833 veteri
687 4781 779 4831 castro
795 4791 881 4848 super
919 4775 1150 4836 busdictumest.

1 4921 2 4932 ,
84 4865 197 4936 halam,
208 4867 285 4942 quod
296 4867 400 4923 dicitnr
423 4866 594 4932 Moussortis,
609 4864 694 4921 claris
716 4863 880 4936 parentibus
955 4867 1035 4922 Anno
1049 4867 1163 4923 Domini
1177 4867 1326 4928 millesimo
1344 4875 1496 4934 centesimo
1511 4877 1620 4938 decimo
1636 4883 1720 4941 tertio

83 4964 204 5014 monus.
218 4957 304 5013 Pater
313 4957 374 5028 ejus
387 4956 548 5022 Turstinus,
561 4960 652 5011 mater
663 4970 729 5009 vero
743 4952 881 5009 Albereda
920 4955 1038 5011 fundata
1051 4957 1105 5012 fuit
1118 4958 1234 5014 ecclesia
1245 4961 1274 5016 S.
1289 4962 1382 5020 Neoti.

1 5087 2 5090 η
83 5045 237 5104 dicebatur.
262 5046 376 5118 Rogerii
390 5045 622 5111 daBellornontc,
653 5041 742 5115 patris
764 5041 880 5098 Roberti
955 5045 1718 5131 nononominimillesimocentcsimovigosimoquarto

82 5136 191 5191 comitis
219 5135 355 5202 liellenti,
382 5151 415 5192 er
437 5151 523 5191 uxore
546 5133 658 5206 neptis,
679 5130 728 5204 qui
745 5147 820 5187 anno
833 5148 880 5187 se·
920 5133 1197 5206 obiitpiaernemoriae
1211 5135 1718 5202 domiuusWillermustertiusabbas

84 5225 179 5296 quenti
194 5224 359 5280 benedictus
373 5231 417 5280 est
430 5221 609 5293 Rothomagi,
624 5219 655 5276 in
665 5220 711 5277 die
720 5219 880 5278 festivitatis
920 5223 1068 5280 Becoensis
1093 5223 1235 5292 Ecclesia,
1249 5225 1292 5282 vir
1304 5227 1452 5300 religiosus
1464 5236 1493 5286 ct
1506 5232 1629 5288 honestae
1643 5234 1716 5304 vita,

84 5313 111 5368 S.
127 5313 287 5380 tamnus,
299 5312 335 5368 ab
347 5311 557 5386 archiepiscopo
567 5311 723 5366 Willermo.
920 5311 1119 5368 decimosexto
1137 5313 1278 5372 Kalendas
1301 5317 1378 5388 Maii,
1401 5319 1583 5392 sepultusque
1608 5322 1662 5379 suit
1687 5325 1716 5380 in

118 5417 174 5488 (tet
187 5420 231 5477 De
244 5419 382 5477 Eadmero
396 5420 530 5492 loquitur,
542 5419 590 5491 qui
605 5420 662 5476 heac
671 5416 758 5475 retent
771 5417 802 5474 in
815 5416 879 5474 Vita
954 5418 1008 5490 (70)
1030 5421 1140 5478 Guillel.
1164 5423 1358 5493 Malmesbur.;
1376 5425 1520 5494 Edmerus,
1532 5428 1604 5484 Hist.
1625 5431 1717 5489 Novo·

84 5490 173 5562 ipsias
185 5493 287 5560 madi,
299 5497 328 5548 et
336 5491 366 5548 in
379 5491 503 5548 Historia
518 5491 670 5547 Novarum.
920 5509 998 5561 rum;
1011 5494 1212 5566 harpsfeldius,
1224 5496 1324 5552 soeculo
1337 5510 1383 5550 xii.

205 5592 337 5654 Person.
361 5593 419 5654 (lh.
1561 5607 1596 5665 at
1627 5591 1635 5606 ⁶
