3986 6184
141 310 169 368 el
704 311 798 369 VITA.
820 343 855 353 -
874 311 1026 369 OBsERV.
1049 313 1212 370 PRAEVIAE.
1348 267 1352 276 ι
1743 312 1780 372 2‘2

139 431 285 506 suanngit
298 450 307 488 τ
320 449 334 486 a
349 432 384 488 Et
402 433 439 488 de
452 433 497 489 his
510 433 623 506 quidem
634 449 691 489 non
705 433 801 489 omnia
822 449 884 506 quse
896 432 1041 495 di·Alans
1062 451 1139 502 cura,
1155 451 1220 490 cum
1249 435 1401 491 maximam
1419 435 1615 492 auctoritatem
1635 417 1780 511 sapientiae

139 522 229 578 cende
241 521 443 578 terentaudire
456 523 545 595 potui.
565 542 576 575 i
593 521 676 578 Haud
691 521 809 578 dubium
825 521 904 594 quin,
916 521 940 577 si
981 523 1089 596 pariter
1102 541 1134 580 ac
1150 523 1309 580 sanctitatis
1333 525 1519 598 prerogativa
1530 528 1714 601 compararit,
1733 545 1779 584 se·

137 611 291 683 aliquando
303 611 509 684 illiipsummet
521 611 710 669 Lanirancum
722 611 821 667 audire
842 617 892 668 aut
904 611 941 666 vi·
981 613 1130 670 ceritatem
1145 631 1202 670 non
1216 631 1332 686 parvam
1348 615 1459 687 optimae
1474 617 1655 673 sollicitudini
1665 617 1780 690 promit-

137 699 205 756 dere
214 700 434 769 fnissetdatum,
447 701 477 756 id
490 701 526 756 nd
540 701 761 774 comparandam
772 717 830 758 sua
844 717 941 756 narra·
981 707 1051 760 tere.
1065 703 1160 775 Ipsum
1175 703 1223 775 pia
1236 703 1357 774 quadam
1369 703 1501 760 violentia
1516 706 1681 762 monasterii
1692 707 1780 762 Cade-

136 787 207 845 b'oui
219 789 417 846 auctoritatem
428 806 484 846 nen
499 791 665 846 reticuisset.
981 791 1085 847 mensis
1108 791 1240 847 abbatem
1263 793 1372 861 statuit,
1388 809 1444 848 non
1472 794 1566 850 minus
1594 796 1779 851 reluctantem

171 878 199 936 2.
220 880 315 935 Multa
331 885 399 936 sunt
416 897 478 952 quae
496 879 646 936 Lanfranci
668 881 770 937 merita
785 882 939 954 plurimum
981 880 1163 953 subjectionis
1188 898 1284 936 amore
1314 898 1398 954 quam
1426 883 1534 938 altioris
1547 884 1652 955 gradus
1664 885 1777 940 timore.

138 969 351 1036 commendant,
376 974 437 1024 turn
462 969 492 1024 in
513 986 572 1025 rem
605 971 800 1038 monasticam,
820 976 882 1027 tum
909 973 939 1027 in
981 970 1077 1026 Multis
1097 970 1200 1026 deinde
1220 971 1453 1042 possessionibus,
1469 971 1537 1027 item
1550 977 1676 1044 argento,
1698 990 1777 1042 auro,

136 1057 319 1118 litterariam,
334 1063 395 1113 turn
410 1058 497 1113 etiam
509 1058 539 1114 in
554 1059 706 1114 Ecclesiam
732 1060 934 1119 universalem.
979 1059 1152 1132 diversisque
1166 1060 1340 1116 ornamentis
1355 1061 1557 1116 monasterium
1570 1062 1645 1118 idem
1660 1061 1779 1135 locuple-

136 1147 293 1204 Utarebns
301 1147 464 1204 monasticis
473 1165 619 1204 sumamus
633 1149 789 1218 exordium,
801 1151 938 1206 Beceense
977 1149 1057 1216 tavit,
1071 1168 1083 1201 i
1099 1153 1152 1204 etc.

135 1237 250 1309 insigne
264 1237 477 1305 monasterium,
492 1238 515 1293 si
543 1237 635 1292 nenei
650 1237 869 1308 institutionem,
884 1241 940 1296 sal·
1017 1236 1043 1295 3.
1067 1237 1250 1306 Lamiancus,
1279 1238 1314 1292 ad
1339 1238 1572 1295 cantuariensem
1591 1241 1782 1313 archiepisco·

135 1333 195 1382 tem
215 1327 425 1382 incrementum
439 1331 468 1382 et
482 1326 664 1382 stabilitatem
680 1326 875 1384 debetdlium
890 1330 941 1384 hu·
980 1334 1079 1400 patum
1091 1331 1247 1399 promotus,
1272 1328 1382 1399 majora
1391 1328 1468 1384 dedit
1481 1329 1511 1384 in
1521 1346 1582 1385 rem
1595 1329 1780 1386 monasticam

133 1417 182 1487 jus
197 1416 240 1471 rei
257 1421 359 1471 testem
371 1415 507 1472 adhibere
520 1432 696 1471 necessenon
708 1421 751 1472 est
761 1423 863 1490 praeter
872 1419 941 1474 Her·
981 1415 1175 1488 propensionis
1190 1433 1248 1472 suae
1262 1422 1440 1488 argumenta.
1456 1419 1535 1474 Tunc
1563 1419 1666 1492 quippe
1680 1436 1780 1475 neona-

135 1505 246 1561 lninnm
259 1505 365 1577 ipsum,
381 1504 431 1577 qui
441 1503 585 1560 asserebat
597 1522 655 1560 sea
669 1507 728 1561 Deo
741 1507 838 1562 multis
852 1508 941 1580 lacry-
981 1505 1050 1571 chis,
1061 1506 1216 1578 praecipuas
1236 1506 1384 1576 anglicani
1398 1508 1479 1578 regni
1490 1509 1621 1563 ecelesias
1636 1509 1781 1564 cathedra-

134 1595 189 1649 mis
202 1595 364 1667 postulasse
380 1599 409 1649 et
423 1595 589 1667 impetrasse
617 1595 816 1663 Lantrancum,
833 1601 866 1652 ut
878 1614 940 1653 mo·
981 1595 1022 1650 les
1034 1593 1244 1667 occupantibus,
1260 1594 1423 1650 invidebant
1432 1596 1535 1664 clerici,
1554 1597 1680 1670 nihilque
1695 1597 1779 1653 omit-

134 1683 296 1740 nasterium
309 1701 403 1750 suum,
420 1685 454 1740 ad
471 1684 544 1756 quod
569 1690 645 1740 recte
659 1685 863 1742 instituendum
885 1686 939 1742 im·
981 1683 1087 1750 lebant,
1111 1699 1276 1756 quacunque
1305 1684 1370 1738 data
1396 1686 1551 1754 occasione,
1578 1691 1611 1742 ut
1630 1704 1677 1742 eos
1691 1686 1726 1742 ab
1744 1687 1779 1742 iis

135 1789 235 1846 parem
250 1791 314 1829 sese
327 1773 461 1830 censebat
481 1773 524 1829 vir
540 1779 664 1840 sanctus,
695 1775 756 1846 ejus
778 1777 894 1832 consilio
912 1773 1104 1853 etBacclesiis
1119 1771 1311 1840 exturbarant,
1325 1773 1506 1829 immemores
1521 1775 1593 1830 hanc
1619 1776 1705 1830 fuisse
1719 1776 1779 1848 pri·

133 1880 221 1935 opera
234 1865 463 1918 confirmaretur.
489 1882 503 1918 r
533 1863 683 1931 hiultoties,
712 1862 858 1935 inquiebat
881 1865 938 1932 ille,
980 1878 1057 1916 mam
1076 1861 1236 1932 Anglicanae
1262 1861 1391 1918 Ecclesiae
1400 1862 1578 1935 disciplinam
1593 1863 1628 1918 ab
1640 1864 1701 1936 ipso
1713 1880 1779 1919 san·

134 1953 326 2008 lanfrancum
339 1953 432 2025 ipsum
447 1952 602 2025 alloquens,
620 1969 672 2024 per
685 1967 802 2024 magnes
816 1953 940 2025 gemitus
980 1956 1025 2006 cto
1034 1950 1204 2022 Augustino,
1219 1950 1268 2022 qui
1284 1967 1346 2005 cum
1376 1951 1457 2007 sociis
1485 1952 1544 2008 suis
1572 1953 1677 2008 ordinis
1691 1953 1780 2008 nostri

135 2041 225 2096 Deum
241 2041 350 2114 rogari,
366 2041 517 2096 uberrimis
529 2041 769 2115 lacrymisdivinae
786 2043 940 2116 supplicavi
981 2039 1125 2095 monachis
1138 2039 1324 2111 Anglieanam
1338 2045 1451 2112 gentem
1467 2041 1502 2096 ad
1515 2042 1599 2096 iidem
1614 2042 1780 2110 adduxerat,

135 2130 336 2186 misericordia
350 2135 383 2186 ut
398 2131 484 2185 talem
499 2129 568 2185 mihi
583 2131 674 2185 virum
689 2135 845 2202 praestaret,
859 2132 939 2204 eujus
980 2127 1149 2183 institutam.
1166 2128 1332 2200 Opportuna
1345 2129 1404 2183 visa
1417 2128 1472 2184 fuit
1498 2129 1607 2185 clericis
1626 2131 1733 2186 occasio
1751 2131 1780 2187 in

134 2219 252 2276 consilio
263 2225 293 2275 et
306 2219 412 2276 auxilio
425 2219 517 2275 locum
532 2219 618 2274 istum
632 2220 823 2290 emendarem,
839 2225 867 2276 et
878 2237 939 2294 quae
980 2219 1060 2273 tanta
1085 2232 1182 2272 rerum
1209 2216 1366 2272 mutatione
1389 2217 1575 2289 persuadendi
1590 2235 1661 2276 noio
1674 2220 1736 2292 regi
1749 2225 1782 2276 ut

137 2310 196 2366 Deo
210 2312 307 2364 assent
320 2308 425 2381 placite
449 2309 650 2364 monachorum
675 2309 772 2364 usibus
796 2309 939 2366 instaura·
980 2303 1096 2360 elericos
1110 2305 1254 2360 monachis
1274 2305 1303 2360 in
1318 2305 1443 2360 ecelesiis
1458 2306 1667 2363 cathedralibus
1680 2308 1782 2364 substi-

136 2415 209 2454 rem.
229 2398 264 2454 Et
294 2397 418 2469 quando,
448 2397 536 2452 irater
558 2397 723 2465 Lanlrance,
740 2397 795 2453 huc
808 2403 837 2453 te
865 2399 940 2456 Deus
981 2399 1083 2450 lueret.
1096 2395 1131 2449 Et
1142 2393 1255 2466 quidem
1263 2410 1315 2450 sua
1328 2411 1376 2449 eos
1386 2411 1443 2450 nen
1454 2394 1598 2451 fefellisset
1608 2395 1712 2467 opinio,
1727 2395 1783 2451 nisi

136 2485 263 2554 adduxit,
272 2503 372 2558 preces
380 2485 550 2540 humilitatis
558 2503 627 2542 meae
642 2487 788 2542 exauditas
798 2486 938 2544 credidi.»
980 2483 1155 2539 Lansrancus
1169 2499 1267 2538 eorum
1292 2483 1439 2538 conatibus
1466 2483 1534 2539 totis
1548 2483 1653 2540 viribus
1665 2485 1783 2542 restitis-

135 2575 171 2630 Et
184 2591 217 2630 re
231 2574 347 2646 quidem
363 2590 429 2630 rere
443 2574 573 2630 Herluini
587 2592 666 2647 spem
680 2591 737 2630 non
747 2575 847 2631 fefellit
861 2593 942 2634 even·
980 2577 1033 2628 aet.
1044 2571 1212 2628 (tuillelmus
1223 2571 1326 2645 quippe
1333 2589 1381 2628 rex
1388 2573 1542 2645 episcopos,
1558 2590 1628 2646 quos
1641 2573 1670 2630 in
1681 2575 1784 2648 Anglia

135 2669 181 2720 tus
193 2683 199 2730 ;
213 2663 538 2737 namipsiusLaulranei
548 2680 634 2737 opera
642 2663 724 2720 Becci
737 2667 939 2722 monasterium
980 2662 1015 2718 de
1023 2678 1094 2717 novo
1102 2661 1296 2730 constituerat,
1313 2678 1411 2718 ornnes
1421 2679 1493 2735 pene
1503 2679 1535 2718 ex
1550 2661 1673 2720 clericali
1683 2665 1782 2721 ordine

136 2769 168 2808 ex
177 2753 348 2810 tenuissimo
362 2752 576 2809 celeberrimum
591 2769 708 2809 numero
723 2755 936 2824 monachorum,
980 2751 1114 2822 elegerat,
1123 2749 1296 2823 quiproinde
1305 2750 1470 2806 clericorum
1484 2751 1631 2808 conatibus
1640 2752 1780 2822 favebant,

135 2845 242 2917 pietate
255 2849 286 2900 et
298 2843 426 2900 docuina
442 2843 604 2911 illustrium,
629 2849 714 2917 atque
728 2845 813 2902 etiam
828 2851 938 2918 tempo·
978 2845 1029 2896 aut
1043 2857 1111 2896 eane
1122 2857 1179 2895 non
1189 2840 1311 2895 multum
1326 2840 1555 2909 adversabantur,
1569 2842 1644 2898 unde
1657 2859 1703 2898 res
1714 2842 1781 2916 ipsis

136 2933 239 2989 palium
254 2932 393 2988 bonorum
410 2932 556 2988 affluentia
581 2933 686 3000 evasit3
708 2935 781 3006 quod
795 2951 828 2989 ex
842 2933 938 2990 subse.
979 2928 1049 2984 adeo
1060 2928 1219 2984 indubitata
1233 2928 1389 2994 videbatur,
1408 2949 1420 2981 ί
1437 2935 1471 2985 ut
1484 2931 1663 2987 valchelinus
1677 2932 1781 3003 episco-

136 3021 247 3094 quentis
259 3021 332 3076 Vitae
346 3026 477 3077 contextu
492 3021 593 3076 melius
620 3021 736 3094 patebit.
753 3023 825 3088 Quid
841 3024 875 3078 de
888 3025 939 3080 Ca·
979 3035 1031 3091 pus
1042 3017 1256 3084 wiltoniensis,
1275 3038 1287 3070 r
1305 3019 1571 3090 inquitEadmerua
1589 3019 1639 3074 lib.
1655 3037 1674 3086 1,
1697 3022 1781 3092 «jam

137 3111 263 3166 demensi
277 3116 400 3182 utroque
412 3111 586 3166 monasterio
601 3111 796 3183 proferamus?
817 3129 938 3185 quorum
948 3112 970 3173 G
980 3107 1130 3162 adnutatos
1145 3121 1216 3178 pene
1231 3105 1419 3177 quadraginta
1441 3106 1566 3174 clericos,
1582 3107 1780 3164 canonicorum
1808 3140 1811 3146 ,

138 3201 257 3256 alterum
272 3200 303 3254 in
318 3199 555 3255 honoremsancti
570 3200 704 3272 Stephani
719 3217 769 3272 pre
783 3202 937 3270 monachis,
980 3212 1058 3250 more
1083 3200 1202 3250 tonsum
1229 3210 1261 3249 ae
1285 3199 1360 3250 veste
1387 3193 1533 3250 redimitos
1562 3195 1688 3264 haberet,
1710 3215 1780 3270 quos

136 3289 257 3344 alterum
271 3289 302 3342 in
316 3292 452 3343 honorem
474 3293 577 3343 sanclae
607 3287 753 3344 Trinitatis
773 3307 822 3362 pro
834 3291 938 3346 saneti·
979 3283 1078 3357 ejectis
1103 3283 1248 3338 monachis
1275 3283 1424 3339 Wentanee
1443 3283 1563 3340 ecclesie
1582 3285 1627 3340 cui
1646 3287 1779 3358 preside·

138 3376 317 3444 monialibus,
342 3395 360 3432 a
374 3377 524 3432 Guillelmo
551 3377 622 3432 duce
648 3378 774 3434 construi
796 3385 825 3434 et
847 3380 938 3436 dotari
978 3374 1028 3429 bat
1040 3389 1105 3428 mex
1119 3373 1329 3428 intromitteret.
1347 3373 1455 3428 »Solus
1467 3378 1615 3445 supererat
1627 3391 1779 3432 consensus

135 3467 294 3539 procurant
308 3466 491 3521 haimarus.
508 3467 578 3522 Cum
593 3466 840 3538 enimillegitimas
855 3468 938 3540 hujus
978 3461 1127 3519 Lanlranci
1160 3461 1338 3529 obtinendus,
1359 3478 1443 3534 quem
1473 3461 1578 3534 absque
1603 3463 1716 3536 negotio
1749 3481 1780 3519 se

133 3555 266 3628 principis
281 3555 395 3627 nuptias
408 3555 565 3627 approbare
592 3555 742 3623 renuisset,
765 3555 887 3612 obtinuit
906 3563 938 3613 ut
978 3552 1196 3624 impetraturum
1215 3550 1392 3607 autumabat·
1405 3552 1444 3606 At
1464 3567 1509 3606 res
1523 3552 1606 3624 longe
1622 3552 1705 3608 aliter
1718 3570 1779 3609 eve-

137 3661 180 3699 res
194 3643 228 3699 ed
243 3643 406 3698 Romanum
426 3643 587 3715 pontificem
609 3644 775 3707 deterretur,
788 3644 937 3717 dispensa·
979 3642 1029 3709 nit,
1059 3647 1091 3696 ut
1115 3640 1295 3712 prosequitur
1313 3640 1492 3708 Eadmerus;
1515 3659 1527 3693 ⁴¹
1548 3657 1614 3696 nam
1633 3641 1682 3697 ubi
1702 3643 1777 3714 qu⁰d

135 3732 218 3787 tionis
244 3731 406 3786 obtinendae
430 3732 531 3803 gratia,
554 3749 639 3804 quam
667 3733 724 3801 illc,
740 3739 841 3805 agente
867 3735 938 3790 Lan·
979 3731 1126 3803 episcopus
1145 3730 1292 3786 moliretur
1323 3728 1449 3785 insenuit
1467 3729 1582 3785 auribus
1611 3731 1683 3802 ejus,
1703 3731 1777 3787 illico

136 3821 229 3876 mace
239 3820 364 3876 Villelmi
377 3821 464 3892 ipsius
478 3821 581 3894 legato,
595 3839 629 3877 ea
651 3822 811 3878 conditione
827 3839 958 3879 conces·-
979 3820 1086 3875 sacinus
1101 3819 1256 3887 exhorruit,
1271 3835 1324 3874 nec
1338 3835 1377 3886 se,
1394 3819 1461 3874 dum
1474 3819 1589 3887 vireret,
1601 3825 1634 3876 ut
1648 3821 1777 3877 etiectum

136 3911 180 3976 sit,
188 3910 290 3966 utduo
304 3910 477 3965 monasteria
497 3910 527 3965 in
540 3910 643 3982 piaculi
669 3912 855 3984 expiationem
870 3931 938 3968 corr·
979 3907 1119 3981 quomodo
1144 3907 1209 3962 talis
1234 3906 1386 3962 voluntatis
1414 3906 1555 3962 obtineret
1572 3924 1777 3965 consensurum

137 4000 279 4056 darentur.
296 4000 409 4054 Perstat
419 3999 580 4055 etiamnunc
594 4005 746 4072 utrumque
772 4001 824 4056 sub
839 4002 938 4058 ordine
978 3997 1109 4053 asseruit.
1124 4017 1136 4046 ι
1154 3995 1245 4051 Multo
1255 3989 1466 4067 graviorfuitin
1478 3997 1630 4052 monachos
1643 3999 1777 4071 procella,

137 4095 241 4155 cosmo,
257 4089 294 4143 de
318 4086 421 4159 quibus
451 4087 511 4142 tuse
539 4094 629 4159 agunt
643 4089 778 4144 Acherius
793 4095 888 4145 noster
906 4091 935 4146 in
977 4104 1040 4142 curn
1056 4087 1091 4142 de
1109 4085 1262 4159 primatiali
1286 4085 1444 4141 Cantuariae
1465 4085 1587 4142 Ecclesia
1600 4093 1693 4142 actum
1712 4088 1775 4158 suit,

137 4178 208 4232 nobs
219 4177 255 4232 ad
265 4175 417 4232 Ianirami
430 4177 535 4243 Vitam,
549 4181 578 4232 et
590 4178 711 4234 arturus
725 4179 894 4235 Monsterius
907 4179 936 4234 in
977 4176 1150 4250 proindeque
1169 4173 1270 4246 majori
1289 4174 1325 4230 ad
1344 4190 1406 4229 eam
1438 4174 1590 4230 sedandam
1618 4177 1777 4232 constantia
1814 4175 1815 4180 ’

137 4267 268 4322 Neustrr'a
288 4265 351 4337 pia3
366 4282 400 4321 ex
411 4265 454 4321 his
469 4266 672 4321 monasterium
684 4267 778 4322 Sancti
801 4269 935 4341 Stephani
977 4283 1047 4337 opus
1059 4264 1159 4320 habuit
1172 4264 1359 4332 Lansraneus3
1374 4263 1422 4317 sed
1438 4278 1562 4318 eumaeo
1574 4264 1776 4334 regisauctori·

137 4357 256 4411 virorum
286 4360 389 4410 nostre
415 4355 624 4426 congregationi
646 4356 740 4412 Sancti
766 4357 858 4412 Mauri
876 4358 934 4429 jam
976 4361 1029 4422 tas,
1060 4371 1111 4409 nee
1143 4353 1263 4407 aliorum
1290 4351 1447 4423 principum
1477 4368 1629 4408 consensus
1648 4369 1773 4426 unquam

135 4445 167 4500 ab
180 4445 293 4516 aliquot
305 4443 388 4498 annis
401 4443 563 4514 adjunctum
574 4443 635 4498 luit.
652 4444 692 4500 De
706 4446 785 4515 cujus
799 4423 967 4502 monaste·D
977 4444 1116 4498 adducere
1130 4444 1284 4514 potuerunt
1297 4444 1330 4494 ut
1344 4441 1545 4496 monachorum
1569 4457 1602 4497 ex
1630 4458 1663 4497 ea
1682 4443 1774 4500 Eccle-

134 4534 166 4588 rii
179 4533 345 4589 conditione
355 4537 384 4588 et
397 4533 431 4587 de
441 4533 607 4617 Lansranco,
624 4549 708 4605 quem
728 4537 753 4588 ei
764 4533 931 4592 Guillelmus
972 4541 1014 4596 sia
1023 4538 1179 4612 expulsioni
1190 4536 1375 4606 consentiret3
1390 4556 1401 4589 r
1414 4536 1482 4607 imo,
1498 4537 1592 4610 inquit
1605 4539 1771 4609 Eadmerus,

135 4623 183 4678 loci
198 4621 471 4693 fundawrprifflum
485 4619 615 4676 abbatem
631 4622 764 4694 Plaessscib
788 4623 828 4678 ⁸50
841 4624 933 4696 ¹⁰qui·
974 4656 1009 4694 ne
1028 4643 1092 4710 post
1118 4636 1227 4693 obitum
1252 4652 1335 4692 suurn
1358 4636 1448 4703 tieret,
1470 4636 1545 4707 quod
1568 4653 1598 4692 se
1622 4638 1773 4711 superstite

132 4717 178 4766 ²¹¹¹
191 4712 295 4766 pem
307 4709 497 4777 Piwienffl’
527 4715 625 4764 ³⁰⁰¹&
650 4710 774 4782 aequalisr
795 4709 824 4764 5¹¹
844 4711 932 4782 ipsius
972 4737 1078 4792 sciebat
1086 4752 1136 4808 per
1146 4734 1281 4791 auxilium
1299 4734 1351 4790 Ilei
1364 4750 1542 4806 nequaquam
1557 4736 1771 4806 perficiendum,

132 4799 277 4856 Gummi
288 4798 403 4900 φθερεῖ
419 4817 433 4853 ‘
448 4798 756 4899 Lanfm¹¹⁰⁰¹f¹’inqu‚it'
770 4800 930 4871 quemdam’
972 4836 1099 4891 nesciens
1122 4833 1221 4888 mortis
1241 4849 1299 4888 suae
1317 4831 1393 4887 diem
1411 4833 1454 4887 vel
1469 4835 1576 4900 horam,
1595 4834 1653 4906 egit
1666 4837 1772 4907 sagaci.

132 4889 165 4944 de
178 4906 236 4962 que
248 4893 325 4944 venit
341 4903 370 4943 m
385 4888 474 4956 litem,
490 4887 589 4959 plusne
606 4894 644 4943 sit
663 4893 780 4943 meratus
801 4905 932 4944 reveren-

131 4977 200 5031 tiam
217 4981 304 5048 atque
320 4975 440 5048 gloriam
454 4975 630 5032 secularium
642 4993 674 5030 ac
688 4975 845 5032 divinarum
859 4976 932 5032 litte·

131 5065 378 5138 rarumsingulari
389 5065 540 5138 peritia,an
549 5065 656 5121 ordinis
665 5064 822 5121 monachici
832 5065 931 5138 singu·
972 5128 978 5140 ,
1241 5125 1247 5138 ‚
1597 5127 1603 5139 ,

131 5155 182 5210 qm
206 5153 393 5222 observantia,
420 5154 521 5210 intima
546 5155 738 5210 familiaritate
765 5153 930 5211 Guiqelmus
971 5145 1000 5183 m
1025 5127 1122 5183 eadem
1150 5127 1267 5182 ecclesia
1289 5128 1513 5196 confirmaretur,
1541 5132 1571 5182 et
1596 5129 1767 5195 inconvulsa,

130 5243 248 5311 calebat,
261 5248 296 5300 ut
309 5249 419 5317 patrem
440 5259 586 5311 venerans,
608 5261 707 5300 verens
723 5248 756 5300 ut
776 5249 930 5317 praecepto.
970 5227 1037 5282 dum
1050 5224 1316 5292 saeculumduraret,
1328 5223 1358 5280 in
1371 5228 1538 5298 perpetuum
1552 5224 1767 5282 stabiliretur.»

131 5351 200 5401 m,
215 5331 336 5404 diligen,
346 5337 379 5389 ut
388 5349 555 5404 germanum
574 5337 623 5388 aut
633 5333 750 5405 prolem,
766 5332 811 5389 lui
821 5335 930 5389 consul.
970 5326 1068 5380 Exstat
1081 5340 1114 5379 ea
1128 5323 1162 5378 de
1177 5339 1207 5377 re
1222 5322 1375 5378 Alexandri
1389 5323 1415 5380 ll
1430 5339 1509 5394 pape
1526 5323 1670 5377 decretum
1694 5321 1769 5376 inter

130 5422 275 5477 manime
289 5437 358 5490 suae,
372 5421 413 5476 illi
427 5423 569 5494 speculam
585 5422 747 5495 quamdam,
764 5422 839 5478 unde
853 5423 929 5477 ordi·
970 5423 1040 5478 alias
1073 5422 1156 5492 hujus
1186 5420 1325 5494 pontificis
1358 5422 1500 5494 epistolas,
1521 5419 1595 5493 quod
1615 5420 1768 5478 Eadmerus

129 5511 212 5568 mbos
224 5509 420 5568 ecclesiasticis
433 5528 484 5584 per
507 5528 618 5568 omnem
646 5511 848 5568 Narmarmiam
863 5529 929 5584 pro·
970 5513 1074 5584 aliique
1086 5517 1214 5567 auctores
1227 5509 1369 5582 integrum
1382 5511 1439 5568 suis
1452 5509 1562 5582 scriptis
1576 5509 1757 5568 inseruerunt

129 5601 292 5672 epiceretur,
304 5599 454 5657 commisit.
470 5601 567 5659 Potuit
585 5617 707 5674 namque
722 5601 773 5657 riri
783 5600 848 5657 talis
857 5600 927 5674 rigi·
971 5601 1076 5659 Exinde
1095 5599 1293 5657 benedictinus
1309 5601 1377 5658 ordo
1396 5601 1424 5656 in
1438 5597 1635 5658 cantuariensi
1648 5601 1767 5675 aliisque

972 4937 1030 4988 tate
1049 4938 1078 4987 et
1095 4929 1234 4986 industria
1252 4946 1308 5002 qua
1326 4928 1458 5002 pollebat,
1477 4935 1510 4986 ut
1525 4931 1693 4988 auctoritate
1713 4933 1770 4989 Ro-

973 5047 1063 5086 manae
1086 5036 1115 5085 et
1146 5028 1304 5101 apostolica
1317 5028 1401 5096 sedis,
1417 5028 1618 5085 monachorum
1631 5029 1770 5088 habitatio
