3882 6172
9 393 11 444 3
109 355 161 414 rsa
519 353 605 415 nal
623 357 810 418 wincmari
827 331 981 451 lassus
1001 355 1196 422 ssccsnsrs
1214 355 1344 421 raam.
1577 325 1579 330 Α
1695 361 1749 421 rra

102 483 237 556 plantare
249 482 373 545 volebat.
387 481 446 540 Iste
461 483 616 552 virbonus,
637 486 738 559 dequo
754 465 905 562 loquimur,
916 490 938 551 Ἀ
951 489 1073 546 habebat
1093 461 1170 545 enim
1198 491 1250 546 hoc
1269 459 1481 547 consuetudinis
1492 493 1525 546 ut
1542 489 1567 545 si
1582 489 1695 562 quando
1709 490 1748 546 lo·

102 572 190 628 abbas
217 574 325 630 scilicet
348 573 508 630 Willelmus
523 574 632 648 magnas
650 577 805 649 sapientise,
828 580 909 640 bonis
950 586 1084 652 queretur
1098 596 1162 637 cum
1186 580 1280 651 aliquo
1296 597 1378 652 quem
1392 578 1511 650 alicujus
1527 579 1663 634 momenti
1677 581 1749 635 aesti·

102 663 233 719 moribus
255 669 382 732 ornatus,
401 681 569 736 magnorum
584 664 708 720 uirorum
723 668 906 742 propinquus,
949 678 1050 736 maret,
1062 687 1092 724 se
1106 669 1182 726 illius
1197 668 1370 724 orationibus
1393 667 1612 724 commendaret.
1633 668 1701 722 Erat
1714 685 1747 724 eo

102 752 162 822 regi
176 757 207 808 et
221 753 395 825 primoribus
413 754 494 824 regni
508 760 648 828 acceptus,
662 755 703 810 ita
721 773 750 810 se
770 758 905 828 modeste,
949 762 1076 830 tempore
1091 759 1164 814 cirea
1177 758 1295 814 Beccum
1322 757 1465 830 provincia
1477 756 1592 812 turbata
1615 773 1747 828 quorum-

103 841 252 897 humiliter
265 849 295 898 et
317 847 465 900 mansuete
483 841 604 898 babebat
617 849 650 912 ut
663 841 813 917 aliquando
827 849 907 920 quasi
949 847 1013 904 dam
1028 847 1256 920 praesumptione,
1285 847 1334 918 qui
1360 852 1459 902 contra
1483 863 1579 918 regem
1594 845 1746 904 Henricum

102 932 233 986 nesciens
243 936 272 986 et
282 931 791 1006 peneidiotavidereturquibusdam;
809 953 907 992 verum
948 936 1162 1002 rebellaverant,
1172 935 1468 1008 etaddepraedandam
1483 935 1604 1006 patriani
1619 935 1746 1006 quaedam

103 1021 125 1076 si
139 1021 260 1095 propius
275 1022 433 1088 accederes,
461 1026 490 1090 et
518 1022 598 1078 vnlut
622 1026 824 1098 perscrutando
847 1028 907 1099 eius
948 1027 1064 1084 castella
1079 1025 1260 1093 obtinebant,
1276 1025 1338 1081 ideo
1353 1041 1402 1080 rex
1416 1029 1513 1080 contra
1523 1041 1570 1080 eos
1580 1041 1653 1096 saepe
1665 1024 1747 1085 duca*-¹

103 1125 218 1164 sensum
244 1109 281 1164 de
307 1109 392 1164 rebus
421 1109 513 1165 dubiis
532 1110 729 1180 interrogares,
745 1113 828 1167 aliam
843 1130 909 1186 pru·
948 1115 998 1170 bat
1006 1117 1158 1172 exercitum
1175 1115 1215 1174 ad
1224 1114 1434 1187 reprimendum
1444 1130 1542 1171 eorum
1552 1113 1682 1168 hostilem
1690 1113 1746 1168 im-

103 1197 241 1264 dentiam,
256 1197 427 1270 profundum
441 1199 600 1266 consilium,
612 1201 767 1256 etmaxirne
778 1202 906 1258 honesta·
948 1211 1054 1277 petum,
1073 1211 1102 1260 et
1108 1205 1294 1262 contuendam
1307 1204 1437 1274 patriam.
1449 1202 1548 1273 ltaque
1558 1206 1621 1273 post
1634 1206 1746 1260 octavas

104 1285 140 1338 tis
166 1285 371 1342 documentum
386 1287 538 1343 invenires.
555 1288 623 1342 Erat
636 1305 747 1360 quoque
771 1290 829 1345 Deo
857 1293 906 1346 de·
947 1294 1060 1350 Pascha
1073 1294 1149 1348 renit
1162 1311 1208 1350 rex
1225 1291 1558 1364 Becoum‚ethospitatus
1568 1290 1649 1345 estin
1659 1291 1747 1346 domi-

104 1379 194 1441 sotus,
224 1375 380 1446 majoribus
412 1376 579 1442 submissus,
612 1376 732 1434 subditis
756 1379 904 1451 benignus,
947 1382 1000 1438 bus
1015 1383 1188 1441 monasterii.
1217 1383 1295 1438 Tunc
1309 1381 1441 1436 adierunt
1469 1395 1565 1451 regem
1593 1379 1746 1436 Beccenses

104 1469 270 1530 mensuetus
302 1463 394 1532 bonis,
423 1482 536 1520 severus
564 1465 791 1540 indisciplinatis,
820 1485 906 1542 supra
947 1472 1062 1544 quidam
1075 1472 1215 1538 monachi,
1226 1476 1358 1542 rogantes
1373 1469 1561 1542 utquemdam
1576 1467 1746 1524 familiarem

103 1569 268 1608 mensuram
288 1571 368 1608 suam
384 1555 455 1609 nihil
468 1556 631 1627 usurpabat,
639 1557 740 1611 divinis
752 1557 835 1614 rebus
843 1575 905 1613 orn*
946 1561 999 1616 sibi
1015 1561 1183 1619 monachum
1203 1561 1308 1620 iaceret
1322 1559 1451 1614 abbatem
1465 1563 1530 1629 post
1541 1574 1604 1614 eum
1620 1558 1668 1627 qui
1683 1573 1744 1615 mo·

102 1657 164 1696 nem
191 1644 380 1698 reverentiam
407 1644 544 1716 exigebat,
558 1646 648 1700 Deum
665 1645 790 1713 timebat,
806 1664 905 1719 pecca·
945 1650 1090 1719 riebatur;
1107 1650 1181 1722 quod
1200 1649 1405 1708 cum-audisset
1418 1645 1504 1700 abbas
1519 1645 1679 1701 willelmus
1698 1645 1743 1700 in·

102 1738 169 1798 tum,
181 1732 266 1804 quasi
282 1732 401 1788 mortale
413 1733 489 1789 virus
507 1734 571 1789 odio
586 1733 702 1799 babens,
713 1735 850 1807 fugiebat.
875 1737 904 1793 Si
945 1739 1060 1799 terdixit
1069 1756 1105 1795 ne
1114 1739 1167 1796 sibi
1184 1739 1346 1804 succederet
1356 1734 1654 1810 inregimenEcclesiaa
1662 1733 1744 1792 Becci

101 1821 162 1892 quis
175 1819 403 1878 benedictionem
421 1821 456 1877 ab
481 1839 514 1877 eo
536 1829 673 1895 posceret,
694 1824 785 1880 verbis
812 1809 933 1906 magisss
945 1827 968 1893 is
980 1829 1095 1901 quiipsi
1111 1829 1163 1887 hoc
1177 1830 1260 1886 modo
1283 1827 1462 1900 quaerebatur
1488 1822 1645 1894 subrogari.
1660 1821 1743 1884 Alius

101 1927 182 1982 quara
208 1911 502 1974 manubenedicebat,
531 1912 626 1966 dicens
653 1929 710 1968 uon
733 1931 794 1970 esse
820 1932 900 1970 snum
943 1918 1031 1986 irater
1040 1917 1366 1990 dixitaliquandoeidem
1377 1915 1471 1972 abbati
1479 1911 1743 1986 jocamentum,

100 2015 181 2055 manu
197 1999 376 2068 benedicere,
404 2000 452 2056 sed
467 2001 671 2072 episcoporum.
699 2003 800 2058 Nullus
815 2003 901 2062 abbas
941 2023 986 2062 me
1002 2007 1143 2073 abbatem,
1171 2013 1199 2062 et
1218 2025 1270 2082 ego
1295 2005 1388 2072 vobis,¹
1407 2005 1474 2060 dum
1490 2002 1624 2068 vixeritis,
1636 2000 1741 2072 optime

99 2090 203 2145 exstitit
226 2090 277 2162 qui
298 2091 435 2162 majorem
464 2090 681 2147 sollicitudinem
706 2097 820 2163 gereret
837 2110 902 2149 con·
941 2097 1088 2164 serviam.»
1101 2097 1193 2152 atille
1204 2116 1210 2152 z
1221 2097 1318 2161 «Quia,
1332 2095 1433 2167 inquit,
1451 2095 1504 2148 hoc
1511 2091 1616 2155 dixisti,
1627 2106 1684 2144 non
1693 2103 1742 2160 po·

98 2184 193 2234 reutus
203 2179 268 2246 sui;
283 2179 370 2234 talem
386 2179 465 2234 illum
478 2179 563 2254 fuisse
578 2180 671 2235 sciunt
690 2182 737 2252 qui
753 2182 792 2235 illi
816 2182 931 2243 samin...
940 2186 1010 2241 teris
1016 2187 1137 2258 amplius
1147 2203 1208 2241 esse
1215 2185 1301 2241 abbas
1311 2186 1397 2256 hujus
1408 2182 1470 2238 loci.
1484 2181 1611 2245 »Verum
1622 2178 1741 2234 audiens

98 2268 190 2323 liunus
207 2268 402 2333 adliaeserunt,
418 2268 521 2341 quippe
546 2285 563 2324 a
583 2269 642 2324 Deo
667 2269 708 2325 ita
728 2271 899 2342 compositus
940 2291 988 2330 rex
998 2276 1070 2346 quod
1079 2275 1339 2342 abbasWillelrnus.
1355 2289 1440 2346 quem
1452 2271 1606 2343 plurimum
1614 2268 1737 2335 amabat,

97 2357 176 2412 homo
187 2365 221 2412 ut
230 2373 285 2412 nec
295 2357 497 2430 turpiloquium
510 2374 558 2412 ore
570 2358 898 2429 proterret,scurrilitatis
941 2351 1122 2432 moriebatur,
1141 2365 1217 2425 vernt
1230 2364 1343 2421 visitare
1357 2379 1420 2418 eum
1435 2377 1500 2420 cum
1516 2359 1623 2432 paucis,
1636 2361 1739 2416 etante

96 2462 174 2502 omne
201 2463 295 2518 genus
319 2445 494 2513 abhorreret,
523 2447 731 2502 immunditiam
748 2450 851 2504 mentis
870 2455 899 2506 et
939 2453 1045 2508 lectum
1056 2454 1177 2525 jacentis
1191 2453 1274 2508 amici
1291 2454 1327 2508 ad
1347 2457 1456 2512 ,terram
1482 2449 1628 2504 humiliter
1654 2446 1737 2502 sedit.

95 2537 226 2608 corporis,
242 2541 276 2590 ut
294 2535 382 2605 virgo,
397 2535 433 2590 ab
446 2543 527 2592 atero
543 2536 641 2592 matris
665 2537 819 2608 ignoraret,
835 2539 896 2594 cibo
937 2542 1031 2596 abbas
1051 2531 1126 2599 inter
1136 2543 1312 2614 aliarogarit
1325 2558 1389 2596 eum
1404 2546 1437 2600 ut
1451 2539 1578 2595 Ecclesia
1594 2536 1674 2594 Becci
1692 2536 1739 2590 di-

93 2633 214 2697 potuque
228 2630 416 2696 temperatus,
436 2630 465 2680 et
479 2625 594 2680 honeste
616 2627 789 2682 verecundus
804 2627 897 2684 indole
939 2648 1027 2702 gnum
1056 2639 1148 2700 aetate,
1165 2632 1231 2700 vita,
1245 2630 1380 2696 moribus,
1398 2646 1454 2684 non
1470 2644 1577 2694 senem,
1592 2613 1737 2697 nonjuve·

92 2715 223 2786 seiiglffiss
247 2715 378 2780 demtus,
394 2713 466 2770 bono
484 2714 598 2786 ingenio
612 2732 680 2772 sane
709 2715 892 2788 intelligebat,
937 2737 1012 2788 nem,
1030 2721 1197 2794 quantocius
1222 2720 1380 2794 provideret
1393 2717 1534 2782 abbatem,
1550 2715 1617 2787 quia
1627 2715 1658 2770 in
1669 2713 1736 2769 tali·

92 2801 192 2859 blsndo
206 2820 339 2860 sermone
353 2803 491 2876 placebat,
505 2804 632 2859 doctrina
647 2810 676 2861 et
690 2806 816 2878 exemplo
839 2806 894 2861 uti·
937 2808 988 2865 bus
1014 2811 1113 2866 dilatio
1133 2809 1213 2867 valde
1229 2814 1351 2866 noceret.
1367 2808 1409 2866 Ad
1427 2807 1486 2862 haec
1512 2823 1561 2861 rex
1583 2823 1589 2861 :
1607 2803 1735 2871 «Quem,

93 2893 125 2948 lis
135 2899 208 2962 erat,
219 2901 353 2950 constans
363 2894 462 2950 eratin
471 2893 606 2962 moribus,
618 2911 701 2950 verax
711 2895 740 2949 in
751 2912 889 2962 sermone,
933 2897 1035 2970 inquit,
1045 2899 1170 2970 iubetis?
1182 2918 1195 2952 l)
1205 2898 1299 2954 Abbas
1310 2897 1482 2969 respondens
1494 2913 1501 2949 :
1518 2913 1530 2948 ι
1551 2894 1614 2949 Νοιι
1624 2897 1669 2950 est
1680 2891 1735 2948 hoc

92 2989 188 3038 cautus
203 2985 234 3038 in
250 2983 493 3055 promissionibus,
508 2984 538 3040 iu
549 2984 698 3040 commisso
713 2983 814 3052 fidelis,
829 2990 892 3040 stu·
933 3003 1038 3052 meum,
1053 2988 1102 3056 ait,
1118 2989 1186 3061 quia
1199 2987 1272 3044 sacri
1288 3003 1417 3044 mones
1428 2983 1600 3044 interdicunt
1613 2999 1650 3039 ne
1670 2981 1733 3054 quis

93 3073 186 3130 diosus
195 3074 343 3140 virtutum,
352 3079 462 3129 amator
472 3090 637 3145 pauperum,
646 3072 890 3146 eleemosynarum
933 3075 986 3131 sibi
1001 3077 1128 3134 nominet
1142 3093 1369 3135 successorem.»
1390 3063 1457 3132 Fuit
1472 3073 1548 3129 enim
1562 3070 1733 3128 studiosissi-

91 3160 214 3233 largitor,
233 3162 334 3217 hilaris
349 3163 491 3234 hospitum
518 3168 673 3235 susceptor,
698 3162 845 3218 viduarum
862 3167 997 3228 eternus
1011 3167 1068 3222 oris
1085 3167 1129 3222 sui
1156 3171 1185 3224 et
1208 3167 1281 3234 vitra,
1305 3183 1338 3222 ae
1358 3165 1446 3220 totius
1461 3162 1606 3234 religionis
1624 3167 1729 3227 custos,

89 3252 261 3322 pupillorum
289 3257 442 3324 protector.
460 3252 541 3308 Talia
555 3267 671 3324 gerens,
687 3251 887 3308 benevivendo
930 3255 1015 3310 etiarn
1029 3255 1058 3310 in
1071 3241 1239 3327 ipsomortis
1249 3255 1376 3311 articulo.
1393 3252 1500 3308 Deinde
1518 3267 1576 3314 rex.
1590 3247 1731 3322 accipiens

92 3357 202 3398 cursum
230 3340 344 3408 direxit,
369 3340 442 3398 bene
460 3341 605 3397 moriendo
630 3341 801 3408 terminavit,
823 3359 889 3398 sen·
930 3359 1057 3400 manum·
1070 3345 1215 3400 dexteram
1240 3343 1359 3410 abbatis,
1374 3341 1497 3398 admovit
1511 3339 1599 3395 oculis
1622 3337 1729 3396 suiset

89 3445 158 3498 sum,
174 3430 319 3502 loquelam
333 3435 363 3484 et
376 3430 466 3486 asum
476 3431 615 3502 usquead
627 3431 756 3488 ultimam
773 3430 889 3504 spiritus
930 3433 982 3500 ori,
999 3443 1028 3488 et
1041 3434 1160 3505 benigne
1180 3433 1323 3490 osculatus
1336 3438 1388 3502 est,
1410 3432 1505 3502 sicque
1520 3427 1647 3502 reposuit
1665 3443 1727 3482 eam

88 3519 264 3576 emissionem
278 3521 354 3576 Deus
363 3519 404 3576 illi
418 3519 602 3578 conservarit.
929 3520 981 3577 sub
991 3516 1726 3595 coopertorio,dixitquecircumstantibusmonacbis:

121 3609 186 3664 llaec
199 3610 236 3665 de
250 3609 394 3682 vitaillius
404 3608 525 3682 breviter
535 3608 671 3678 diximum
681 3626 755 3664 nunc
766 3609 887 3682 qualiter
930 3630 942 3662 ι
960 3612 1046 3667 Orate
1057 3630 1107 3684 pro
1117 3614 1176 3679 illo,
1192 3613 1258 3684 quia
1273 3628 1407 3684 magnum
1422 3610 1557 3666 damnum
1572 3606 1683 3664 habetis
1696 3606 1727 3661 in

89 3697 120 3752 de
133 3699 236 3754 saeculo
251 3697 397 3754 transierit
413 3698 603 3769 expediemus.
623 3699 705 3752 Anno
716 3698 803 3768 igitur
816 3699 886 3754 vice·
927 3706 1018 3756 morte
1036 3702 1135 3774 ipsius.
1153 3719 1166 3756 r
1191 3703 1279 3758 Nocte
1300 3717 1364 3756 vero
1383 3700 1520 3765 insecuta,
1544 3696 1663 3754 camilli
1678 3695 1727 3766 qui

89 3787 155 3842 simo
166 3805 244 3844 nono
265 3787 395 3856 abbatiae,
417 3785 513 3842 mense
531 3785 707 3858 septembris,
729 3786 834 3843 decidit
855 3788 886 3844 in
928 3805 992 3844 eum
1008 3790 1203 3848 custodiebant
1212 3791 1366 3846 matutinas
1380 3789 1586 3854 decantassent,
1597 3785 1679 3858 petiit
1694 3791 1727 3839 ut

88 3877 292 3947 egritudinem,
316 3882 415 3948 quaet
431 3881 559 3932 mortuus
577 3881 630 3930 est.
653 3876 720 3940 Quae
738 3875 884 3953 agritudo,
927 3894 991 3934 eum
1012 3881 1155 3952 quiescere
1168 3880 1375 3952 permitterent,
1386 3875 1510 3950 etcoepit
1521 3876 1602 3948 quasi
1623 3874 1732 3931 dormio

88 3967 220 4037 paulatim
235 3983 376 4035 crescens,
391 3983 445 4038 per·
455 3982 561 4022 annum
581 3971 610 4020 et
635 3965 792 4022 dimidium*
804 3967 886 4021 illum
926 3972 997 4036 tare,
1014 3968 1102 4029 donec
1114 3970 1197 4041 plene
1209 3968 1382 4031 obdormiret
1404 3967 1434 4022 in
1448 3971 1578 4022 mortem.
1591 3962 1726 4038 videntes

87 4057 191 4124 alllixit,
202 4057 295 4112 donec
307 4055 449 4111 tricesimo
463 4055 554 4127 primo
565 4070 650 4122 auno,
668 4071 701 4110 ex
712 4071 767 4126 quo
778 4055 883 4110 donum
925 4057 974 4127 qui
987 4057 1135 4112 circaeam
1151 4061 1233 4113 amnt
1245 4057 1320 4129 quod
1335 4057 1395 4127 jam
1409 4055 1612 4128 propinquaret
1625 4053 1661 4108 ad
1676 4069 1724 4107 ex·

87 4144 201 4200 abbatiae
212 4145 349 4218 suscepit,
368 4161 401 4200 ex
414 4145 558 4200 totociroa
569 4144 653 4200 imam
668 4144 772 4199 mensis
790 4145 884 4200 blartli
924 4145 1006 4212 itum,
1019 4145 1053 4202 de
1067 4161 1179 4201 camera
1199 4146 1377 4217 pertulerunt
1391 4145 1470 4198 illum
1485 4145 1515 4198 in
1529 4144 1628 4198 cellam
1643 4141 1725 4197 intir-

86 4235 155 4289 lecto
168 4235 313 4290 decubuit.
328 4235 414 4289 Venit
427 4233 513 4288 abbas
527 4232 884 4304 pratellensisllichardus
924 4250 1046 4302 morum,
1063 4234 1111 4290 ubi
1135 4235 1236 4290 fratres
1261 4233 1463 4301 moriebantur,
1480 4238 1544 4298 ao
1559 4237 1589 4287 et
1601 4231 1723 4288 circum·

87 4324 205 4393 nomine,
228 4323 273 4378 rir
287 4321 435 4394 religiosus
464 4328 493 4378 et
510 4323 667 4377 litterarum
683 4322 801 4378 scienb'a
814 4341 884 4395 pras·
923 4323 1043 4398 uallatus
1058 4329 1170 4380 caterva
1180 4324 1303 4378 liliorum
1317 4330 1424 4400 septem
1433 4323 1567 4394 psalmos,
1578 4337 1642 4375 cum
1656 4319 1724 4374 leta-

85 4412 168 4478 ditus‚
182 4412 297 4467 visitare
312 4428 388 4479 curn,
409 4417 438 4466 et
456 4411 511 4466 luit
525 4410 564 4465 ibi
574 4427 663 4483 usque
681 4411 716 4466 ad
732 4408 971 4468 transitumDnia
981 4412 1200 4479 decantantium,
1215 4413 1298 4485 paulo
1311 4419 1377 4468 ante
1391 4413 1482 4468 lucem
1501 4411 1633 4466 ultimum
1651 4408 1723 4465 emi·

84 4501 178 4569 illrus3
199 4503 379 4572 eteumjam
390 4500 882 4573 mortipropinquarevideretur,vi·
923 4501 960 4555 sit
980 4501 1120 4572 spiritum.
1151 4502 1259 4573 Corpus
1280 4502 1370 4556 lotum
1383 4501 1464 4572 juxta
1490 4499 1721 4555 consuetudinem

84 4593 182 4648 sitatus
199 4598 273 4648 esta
289 4589 423 4647 fratribus
438 4606 516 4644 more
542 4590 711 4656 Christiano,
736 4594 765 4644 et
782 4595 883 4644 cuncta
924 4589 1121 4662 convenienter
1135 4591 1235 4662 panaris
1253 4596 1297 4646 est
1307 4591 1448 4658 indutum,
1465 4608 1498 4648 ac
1507 4591 1630 4666 desuper
1642 4589 1723 4662 quasi

84 4681 269 4737 morientibus
283 4680 379 4736 debita
393 4681 468 4756 circa
482 4679 562 4734 illum
578 4678 721 4752 persoluta
735 4683 811 4746 sunt,
837 4685 882 4734 at·
924 4681 959 4736 ad
991 4680 1107 4735 missam
1137 4681 1224 4735 sacris
1244 4681 1369 4736 vestibus
1388 4681 1519 4736 decenter
1547 4681 1721 4736 revestitum.

85 4788 135 4841 que
146 4775 264 4850 peracto
278 4770 380 4835 olflcio,
396 4785 459 4824 curn
476 4769 536 4839 jam
551 4773 705 4823 conventus
725 4767 817 4823 redire
836 4768 882 4823 de·
923 4769 991 4823 Post
1003 4767 1061 4822 haec
1075 4767 1198 4823 delatum
1209 4768 1292 4824 estin
1303 4768 1460 4830 ecclesiam,
1476 4775 1505 4823 et
1518 4769 1548 4823 in
1562 4769 1647 4823 choro
1656 4773 1724 4822 ante

84 4857 197 4929 buisset,
221 4858 388 4914 venerabilis
407 4849 483 4913 iioso
510 4857 589 4929 prior
612 4856 731 4928 rogabat
752 4874 827 4924 eum,
841 4863 883 4931 ut
924 4857 1121 4929 majusaltare
1137 4858 1268 4928 positum,
1285 4857 1332 4912 ubi
1349 4858 1395 4912 die
1418 4864 1447 4912 et
1460 4863 1541 4913 nocte
1560 4858 1723 4930 frequenta·

83 4965 158 5005 more
186 4953 311 5021 patrum,
338 4947 396 5002 rita
422 4947 560 5002 decedens
575 4945 763 5010 benediceret,
779 4951 808 5000 et
824 4947 881 5002 Deo
924 4946 1009 5002 batur
1029 4947 1104 5002 tristi
1125 4947 1304 5002 moerentium
1319 4946 1452 5019 obsequio
1472 4947 1604 5002 tiliorum.
1629 4947 1725 5002 ltiona-

82 5055 191 5094 summo
204 5037 315 5092 Pastori
329 5036 541 5090 commendaret
551 5035 623 5090 filios
634 5051 701 5090 suos
715 5051 785 5107 quos
794 5035 892 5092 relic-⁴
923 5036 968 5091 clii
980 5035 1058 5108 pium
1073 5035 1301 5092 lamentabantur
1312 5041 1432 5109 patrem,
1448 5037 1546 5092 famuli
1559 5035 1725 5092 ethomines

83 5127 193 5199 quebat,
217 5126 321 5194 Atilia,
338 5126 448 5181 elevata
470 5141 567 5191 manu,
584 5124 726 5180 benedixit
743 5125 783 5180 eis
798 5131 827 5179 et
842 5125 882 5179 di·
923 5124 975 5180 loci
990 5124 1161 5196 plangebant
1169 5142 1198 5180 se
1210 5123 1313 5180 bonum
1326 5125 1454 5181 amisisse
1464 5125 1620 5193 dominum,
1630 5124 1725 5179 nudus

82 5217 119 5271 xit
131 5231 170 5270 ru
186 5217 289 5271 limate
303 5215 484 5270 claustralem
494 5214 594 5278 vitam,
608 5214 675 5286 quia
689 5213 829 5286 reparatio
839 5219 883 5269 est
924 5213 1097 5287 querebatur
1119 5214 1254 5284 iniuriam
1268 5215 1322 5270 sibi
1343 5215 1379 5270 ab
1402 5232 1435 5270 eo
1453 5215 1565 5281 iactam,
1584 5228 1681 5268 omnes
1694 5212 1725 5266 in

9 5283 10 5306 ³
82 5305 187 5360 ordinis
200 5303 301 5372 nostri,
315 5309 344 5360 et
358 5319 394 5358 ne
405 5303 539 5375 quaeratis
551 5302 655 5358 habere
667 5302 842 5372 obedientias
853 5303 882 5358 in
924 5319 1073 5358 commune
1098 5302 1235 5374 lugebant
1252 5317 1386 5375 magnum
1408 5299 1439 5358 sa'
1460 5297 1618 5375 'perdidisse
1631 5305 1726 5373 patro-

82 5395 191 5459 saeculo,
203 5395 272 5466 quia
284 5393 368 5448 multi
382 5389 411 5447 in
428 5392 468 5447 eis
483 5391 606 5463 perdunt
620 5385 729 5446 animas
743 5407 818 5450 suas.
833 5391 883 5446 sed
925 5409 1004 5448 nuni.
1021 5392 1104 5447 Mane
1127 5387 1203 5447 lenit
1226 5407 1275 5448 rex
1289 5392 1324 5446 ad
1339 5391 1495 5454 ecclesiam,
1511 5395 1540 5444 et
1556 5387 1653 5444 videus
1666 5405 1727 5445 cor·

82 5483 248 5554 quantocius
258 5481 390 5537 abbatem
400 5481 506 5553 eligite,
519 5481 585 5553 quia
596 5498 652 5537 non
660 5487 704 5537 est
712 5480 816 5536 bonum
826 5481 884 5538 tale
924 5497 977 5554 pus
1003 5483 1064 5552 jam
1090 5480 1222 5536 decenter
1247 5481 1426 5546 adornatum,
1450 5478 1557 5550 placuit
1568 5477 1621 5544 illi,
1636 5483 1666 5533 et
1683 5479 1726 5534 ia-

82 5589 150 5645 opus
164 5575 314 5629 differre.»
925 5570 1150 5636 cumlaudant,
1166 5575 1194 5625 et
1209 5570 1267 5624 ait:
1286 5569 1424 5624 «Utinam
1438 5554 1540 5622 'anima
1563 5583 1626 5624 mea
1652 5575 1729 5625 esset

9 5687 10 5690 ¹
116 5663 313 5734 Rogavitsaue
327 5669 419 5738 utpro
434 5678 465 5719 se
479 5649 883 5737 Dominumdeprecarentur3
925 5659 973 5716 ubi
986 5660 1081 5716 anima
1100 5661 1163 5731 ejus
1184 5660 1239 5715 estl
1262 5680 1274 5712 ι
1295 5659 1420 5714 Venerat
1433 5657 1553 5716 Beccum
1573 5659 1728 5716 multitudo
