3900 6168
257 246 306 308 set
762 260 957 326 BONlZONIS
975 261 1196 326 PLACliN'l'lNI
1214 262 1389 322 harecort.
1802 269 1845 334 dil

257 378 331 431 ctam
346 375 569 447 hertam,flliam
584 379 697 439 Ottonis
710 387 877 447 etltdaletre
891 390 1257 464 [supralin.Amodemam
1293 389 1381 446 occuli
1412 387 1542 444 draconis
1564 389 1685 446 astutiam
1706 395 1845 454 unanimiter
1909 437 1910 445 .

257 464 439 539 Adalheidae],
452 477 625 542 quampater
638 490 706 529 suus
721 475 887 534 infantulam
902 481 955 536 sihi
968 483 1053 537 dede·
1094 479 1229 535 incitavit.
1246 480 1336 545 Quem
1351 478 1458 534 obrem
1477 478 1580 534 sanctis
1593 480 1723 537 conatibus
1734 487 1815 541 vestris
1825 497 1847 544 et
1909 463 1910 528 i

258 559 304 608 rat
317 555 473 623 infantulo;
489 559 536 629 qui
548 557 601 614 rite
613 561 761 619 celebratis
771 567 1053 642 nuptiisperseregni
1095 570 1179 639 hujus
1196 575 1301 623 sanctae
1319 568 1394 622 sedis
1422 567 1580 639 apostolica
1598 569 1700 624 accedat
1719 572 1791 642 vigor.
1807 577 1847 631 boe

257 643 341 714 coepit
363 651 460 700 tenere
473 647 674 718 gubernacula,
691 669 810 725 moxque
823 665 938 727 rogatus
951 675 968 713 a
983 659 1053 714 Gui—
1094 657 1272 730 ipsumapud
1282 657 1846 728 rosperemniadecernimusobservandun.
1909 663 1910 696 ³

255 727 538 790 donellediolanensi
548 737 758 812 archiepiscopo
767 741 985 802 Cremonensem
997 747 1054 818 epi·
1094 746 1168 818 quod
1183 763 1200 800 a
1214 745 1317 801 sanctis
1329 745 1582 817 predecessoribus
1596 746 1691 800 nostris
1703 753 1729 802 et
1738 765 1753 803 a
1763 755 1847 806 cunetis
1909 791 1910 794 ,

255 825 400 891 scopatum
416 839 467 878 suo
481 827 576 897 nepoti
594 827 708 884 donavit
725 832 852 900 Arnulfo,
869 835 917 906 qui
932 836 1054 907 qualiter
1093 850 1166 907 pene
1177 841 1338 890 enectorum
1353 851 1492 889 canonum
1506 833 1689 889 conditoribus
1699 839 1847 909 nonamlaigi-

255 906 489 966 Cremonensibus
517 920 669 986 antequam
696 918 848 990 eligeretur
876 931 1053 980 sacramento
1094 940 1157 980 mus
1172 923 1342 989 institutum,
1358 923 1496 989 videlicet,
1512 929 1545 977 ut
1559 928 1614 977 tam
1629 923 1772 980 subdiaconi
1783 945 1847 998 quam

252 996 391 1066 juraverit
401 1017 542 1072 quamque
554 1003 580 1058 in
591 1005 744 1076 primordio
757 1009 826 1064 levis
836 1011 961 1068 moribus
970 1030 1053 1085 appa·
1094 1012 1213 1078 diaconi,
1230 1013 1279 1067 sod
1295 1019 1323 1067 et
1332 1029 1383 1084 per
1392 1011 1513 1066 maxime
1525 1013 1685 1078 secerdotes,
1693 1015 1735 1084 qui
1750 1017 1847 1071 mulieri-

257 1085 324 1148 ruit,
343 1087 410 1158 quia
430 1090 525 1146 multis
546 1094 629 1149 credo
649 1097 798 1153 notissimo
812 1099 911 1155 omitto
926 1119 1051 1158 narmre.
1095 1099 1146 1156 hers
1160 1102 1266 1156 carnali
1280 1101 1448 1157 commercio
1462 1100 1659 1156 admiscentur.
1677 1107 1704 1157 et
1720 1102 1849 1158 Simmiam

257 1174 310 1228 Sed
320 1177 478 1233 venditores
493 1179 677 1238 Ecclesiarurn
685 1186 905 1244 Mediolanenses
913 1191 1052 1262 capitanei
1093 1190 1174 1244 sorde
1190 1189 1402 1261 pollutisunt,et
1413 1189 1606 1243 ecclesiasticis
1618 1198 1724 1244 careant
1737 1190 1848 1245 beneficiis

255 1265 284 1312 et
297 1275 481 1330 varvassores,
498 1282 562 1320 cum
587 1268 713 1325 viderent
740 1289 770 1326 se
794 1275 920 1344 pecuniis
938 1276 1050 1343 nudari,
1093 1283 1121 1332 et
1143 1283 1282 1350 perceptae
1301 1278 1446 1350 prirentur
1462 1277 1553 1332 olllcio
1574 1277 1719 1348 dignitatis·
1729 1279 1849 1346 Indignum

254 1348 507 1411 contristabantur.
533 1356 733 1430 occasioneque
762 1367 876 1432 accepto
904 1363 1050 1434 cujusdam
1092 1369 1235 1434 estenim,
1253 1367 1346 1438 utqui
1365 1367 1407 1422 rel
1422 1366 1711 1438 perincontinentiom
1729 1367 1805 1422 caratis
1820 1369 1850 1422 rel

254 1436 461 1505 predicationis
480 1459 563 1514 quam
583 1447 747 1503 venerabilis
761 1450 892 1506 llrialdus
905 1452 1009 1508 fecemt
1022 1453 1051 1508 in
1092 1473 1143 1527 per
1166 1449 1366 1511 commercium
1382 1456 1525 1527 sacrilege
1540 1457 1693 1510 venalitatis
1706 1457 1810 1527 suscepti
1820 1473 1851 1510 or-

254 1525 358 1596 populo
372 1527 476 1594 dicens,
491 1547 545 1586 non
561 1533 644 1589 licere
654 1537 783 1608 jejunare
798 1539 827 1594 in
840 1539 939 1596 diebus
954 1542 1052 1598 Pente·
1092 1543 1167 1599 dinis
1175 1545 1300 1618 privatur
1313 1545 1428 1606 honore,
1442 1546 1630 1600 ecclesiastica
1639 1545 1851 1616 potiaturulterios

253 1617 353 1680 costes,
368 1617 532 1674 seditionem
545 1629 657 1678 movent
670 1625 698 1679 in
711 1627 907 1700 populoquasi
920 1630 1052 1686 hocesset
1092 1633 1235 1689 facultate.
1249 1633 1372 1690 Caeteros
1381 1640 1477 1689 autem
1488 1635 1614 1695 clericos,
1624 1635 1670 1704 qui
1682 1633 1852 1688 videlicetinle-

253 1709 351 1758 contra
370 1703 445 1761 beati
458 1708 599 1766 Ambrosii
619 1711 741 1781 litanias,
756 1715 871 1770 domum
886 1717 1514 1810 cloncorumBrioribuspotiunturofticiis,si
1528 1722 1663 1794 legalibus
1676 1722 1852 1792 conjugilssunt

251 1789 336 1847 simul
359 1793 510 1852 viventium
533 1799 679 1872 diripiunt.
703 1802 852 1875 ipsumque
871 1813 934 1876 post
947 1824 1051 1878 paucos
1092 1793 1208 1881 obligati
1228 1811 1258 1866 in
1283 1811 1341 1866 suis
1361 1811 1496 1882 gradibus
1517 1827 1632 1866 nranere
1656 1811 1820 1882 precipimus,
1833 1817 1852 1864 et

251 1878 311 1935 dies
323 1897 342 1935 a
356 1883 468 1940 civitate
483 1889 634 1960 expellunt.
657 1890 725 1946 Cum
742 1909 859 1964 peregre
873 1895 1051 1966 proficiscens
1092 1900 1279 1970 competentia
1294 1899 1473 1955 ecclesiastici
1485 1905 1616 1972 sumptus
1630 1898 1853 1954 beneficianonne·

252 1970 397 2040 conjunxit
410 1989 473 2029 curn
487 1993 520 2030 eo
535 1978 649 2049 quidam
665 1981 724 2035 solo
740 1982 854 2037 nomine
868 1986 1008 2049 sacerdos,
1022 1991 1051 2040 et
1090 2004 1200 2059 minus.
1223 1989 1277 2044 Sed
1294 1989 1361 2060 quia
1379 1990 1513 2044 nonnulla
1531 1995 1630 2062 praeter
1651 1990 1705 2044 haec
1729 2005 1782 2060 quae
1794 1987 1851 2041 robis

252 2073 317 2112 euru
340 2063 506 2137 propinquis
528 2068 728 2142 archiepiscopi
747 2072 871 2135 tradidit,
885 2089 968 2144 quern
982 2075 1051 2129 acci·
1092 2083 1159 2132 sunt
1170 2078 1323 2132 admodum
1333 2079 1499 2144 necessaria,
1510 2087 1541 2133 ut
1551 2095 1569 2133 o
1580 2083 1675 2135 nostra
1686 2077 1854 2149 respondeatur

253 2148 362 2218 pientes
384 2157 414 2206 et
429 2171 494 2210 eum
509 2157 640 2212 omnihus
663 2159 796 2214 membris
810 2161 989 2218 debilitantes
999 2180 1050 2235 po·
1092 2166 1259 2221 auctoritate
1273 2168 1428 2230 consulitis,
1443 2169 1592 2224 hortamur
1603 2174 1633 2223 ut
1649 2166 1772 2240 synodale
1783 2164 1854 2218 conri-

252 2243 358 2296 stremo
374 2241 402 2298 iu
418 2243 509 2301 lacum
524 2256 695 2304 necaverunt
708 2251 769 2322 [roe
783 2260 952 2309 necaverunt
967 2271 1050 2309 erosa
1091 2254 1172 2318 lium,
1188 2255 1262 2326 qued
1276 2261 1391 2310 auctore
1406 2255 1462 2310 Deo
1478 2261 1540 2327 post
1555 2255 1711 2326 proximum
1721 2255 1812 2308 Pascha
1824 2269 1856 2306 ce

252 2327 338 2382 alteri
350 2333 598 2388 vocfsuhslr'tutar'n
610 2338 889 2412 eoel.].Cujuscorpus
901 2347 1048 2414 postquam
1090 2342 1225 2398 lebraturi
1240 2361 1338 2399 sumus
1349 2344 1501 2416 prudentes
1511 2361 1544 2398 ex
1553 2344 1632 2399 vohis
1645 2344 1715 2398 virus
1724 2343 1854 2397 renirenon

251 2415 347 2472 decem
363 2435 473 2475 menses
488 2423 540 2478 sub
554 2442 626 2497 aqua
634 2427 733 2498 jacuit,
744 2430 897 2485 revelatum
908 2441 960 2486 est.
969 2431 1049 2495 Quod
1090 2431 1195 2503 pigeat,
1210 2433 1256 2505 qui
1272 2432 1354 2487 nobis
1367 2433 1503 2505 quidquid
1517 2432 1685 2504 exigendum
1705 2438 1753 2493 est,
1766 2430 1857 2485 restris·

251 2509 284 2561 ut
298 2507 405 2563 audivit
421 2510 640 2580 llerlirnbaldus,
653 2517 741 2572 frater
753 2519 879 2589 praedicti
906 2520 1047 2585 Laudulli,
1091 2537 1145 2591 que
1159 2521 1329 2577 utilitatibus
1343 2521 1543 2577 conferendum
1562 2538 1619 2577 non
1640 2539 1688 2595 per
1698 2520 1792 2592 judicia
1802 2519 1857 2572 litte

251 2595 676 2673 Germanus,colligensomnem
685 2607 893 2662 multitudinem
902 2607 1049 2663 Poterino-
1091 2625 1196 2671 rarum,
1213 2611 1262 2664 sed
1278 2627 1328 2681 per
1342 2611 1408 2665 viret
1425 2610 1497 2666 vocis
1516 2611 1639 2667 ottlcium
1655 2614 1775 2683 patenter
1791 2624 1857 2678 erpo·

253 2701 326 2750 rum,
353 2688 452 2744 tandiu
475 2697 567 2747 castra
595 2696 816 2766 propinquorum
846 2697 1048 2769 archiepiscopi
1090 2703 1170 2753 nant.
1186 2699 1258 2754 Huic
1273 2699 1349 2754 enim
1361 2699 1444 2756 bello.
1461 2701 1534 2771 quod
1549 2700 1703 2755 aelodivini
1714 2699 1814 2753 ferroris
1824 2713 1858 2749 es·

253 2770 371 2842 obsedit,
393 2775 482 2832 donec
501 2795 602 2853 corpus
616 2783 782 2838 venerabilis
795 2784 903 2839 Airaldi
917 2785 943 2841 ei
957 2785 1048 2839 reddi·
1087 2786 1125 2842 tis
1133 2787 1258 2858 aggressi
1268 2805 1324 2842 non
1339 2788 1524 2860 segniter,sed
1535 2789 1614 2844 omni
1624 2789 1732 2845 virtutis
1739 2785 1859 2848 instantis,

252 2861 364 2917 derunt.
395 2865 474 2929 Quod
498 2869 647 2925 Mediolani
674 2871 799 2928 delatum
819 2873 848 2928 in
877 2873 992 2929 eeclesia
1017 2875 1046 2929 S.
1089 2875 1216 2931 Romana
1229 2877 1310 2932 sedes
1324 2877 1611 2943 accurrit,brachium
1625 2877 1859 2950 porrigitclypeun

251 2949 321 3005 Celsi
349 2969 460 3011 summo
481 2973 544 3012 cum
572 2959 678 3016 honore
696 2962 844 3017 humatum
868 2968 920 3024 est,
936 2961 984 3017 ubi
998 2980 1048 3034 per
1091 2964 1261 3020 defensionis
1275 2965 1399 3038 opponit,
1414 2972 1444 3022 et
1457 2983 1506 3020 ros
1521 2973 1554 3022 ut
1568 2968 1659 3039 magis
1669 2983 1700 3021 ac
1713 2965 1793 3036 magis
1804 2963 1861 3018 circe

251 3039 313 3108 ejus
339 3042 470 3098 meritum
486 3061 574 3116 usquo
590 3047 673 3102 hodie
692 3049 775 3104 varim
799 3049 979 3104 inflrmitates
997 3066 1047 3104 cu·
1058 3029 1080 3089 G
1093 3053 1218 3108 membra
1236 3054 1341 3109 dioboli
1363 3071 1418 3110 non
1435 3056 1576 3110 enerviter
1590 3060 1640 3120 tito
1654 3057 1725 3124 cod.)
1740 3055 1860 3122 insurgere

249 3133 361 3188 rantur.
1089 3141 1224 3210 debeatis,
1245 3143 1383 3201 accendit.
1396 3143 1487 3216 lgitur
1500 3146 1694 3217 unusquisque
1707 3149 1818 3198 vestrum
1829 3139 1862 3193 di·

286 3217 397 3273 lnteree
412 3219 557 3278 Cremona
566 3225 680 3280 verbum
692 3226 743 3282 Dei
758 3226 926 3282 mirabiliter
939 3243 1047 3282 cresce·
1089 3231 1159 3286 vinea
1173 3231 1284 3286 virtutis
1303 3249 1435 3288 mucrone
1456 3235 1622 3306 precinctus
1642 3234 1715 3288 dicat
1729 3252 1734 3287 :
1749 3227 1862 3300 estquis

250 3307 308 3373 bat,
324 3311 445 3381 qualiter
467 3330 533 3369 vero
558 3331 596 3371 xn
616 3317 667 3372 riri
689 3317 747 3373 zelo
766 3319 817 3374 Dei
839 3318 915 3373 ducti
930 3318 1047 3374 consilio
1090 3336 1104 3370 ι
1119 3325 1163 3375 est
1183 3321 1307 3389 Domini,
1321 3323 1459 3393 jungatur
1472 3339 1583 3378 mecum
1595 3325 1689 3392 (and.
1703 3333 1782 3385 xxxa,
1794 3319 1861 3383 tlt·

249 3396 355 3453 domini
377 3401 543 3459 christofori
557 3405 666 3462 abbatis
677 3408 847 3477 juraverint,
863 3412 892 3461 et
906 3407 1046 3478 quomodo
1088 3408 1183 3480 sicque
1195 3426 1258 3464 curn
1272 3409 1370 3483 Moyse
1384 3411 1465 3482 quasi
1480 3413 1607 3484 deporta
1618 3413 1648 3466 in
1663 3417 1767 3483 portum
1780 3412 1865 3462 castro·

249 3485 396 3542 universus
409 3489 606 3547 Cremonensis
620 3495 740 3566 populus
753 3496 804 3550 hos
818 3495 946 3550 imitatus
959 3501 1048 3559 estet
1088 3513 1150 3551 rum
1168 3500 1255 3566 (iota,
1270 3498 1314 3563 tt)
1331 3507 1465 3570 tanquam
1487 3500 1611 3556 fervidus
1626 3501 1742 3555 bellator
1754 3498 1779 3551 in
1794 3493 1864 3549 sacri·

250 3576 389 3648 quomodo
399 3578 544 3634 universos
556 3574 714 3638 sacerdodes
728 3588 757 3637 et
768 3583 866 3639 levitas
880 3583 1047 3638 concubina·
1087 3586 1164 3656 leges
1188 3587 1290 3650 irruat,
1313 3594 1344 3643 ut
1359 3589 1523 3644 Simoniacae
1540 3589 1699 3645 venalitatis
1712 3594 1738 3643 et
1752 3581 1865 3642 clericalis

248 3667 294 3718 tos
306 3663 458 3734 ejecerunt,
479 3675 508 3722 ct
522 3669 643 3740 qualiter
656 3670 747 3742 ipsum
765 3671 937 3743 episcopum,
950 3672 998 3743 qui
1016 3672 1045 3728 in
1087 3675 1217 3730 adulterii
1230 3676 1341 3746 januas,
1358 3695 1409 3750 per
1419 3695 1489 3749 quas
1501 3678 1631 3734 diabolus
1647 3679 1675 3734 in
1691 3683 1803 3732 vestram
1816 3673 1865 3725 fur·

248 3751 309 3824 ipso
325 3753 370 3808 die
381 3753 522 3812 Passionis
536 3758 647 3814 Domini
656 3760 830 3814 sacerdotem
846 3761 1046 3816 Pater-enorum
1087 3769 1132 3816 rat
1146 3763 1288 3834 ingressus
1299 3765 1451 3820 Ecclesiam
1467 3767 1545 3822 cesis
1564 3767 1746 3822 cadaveribus
1759 3761 1862 3818 claudet.

248 3843 484 3915 comprehendere
493 3847 630 3903 nitentem
642 3849 857 3915 verberaverint,
866 3856 894 3905 et
905 3851 1045 3922 quomodo
1086 3852 1283 3924 Omnipotens,
1298 3853 1469 3909 dilectissimi
1481 3855 1540 3922 filii,
1552 3872 1605 3910 sua
1620 3873 1667 3911 vos
1677 3855 1785 3910 dextera
1798 3851 1866 3904 benc-

248 3940 312 4005 post
322 3939 450 3990 sanctum
466 3937 571 3993 Pascha
585 3939 717 3994 honestos
727 3939 800 3995 viros
811 3940 926 3995 nuutios
947 3939 981 3993 ad
997 3955 1043 4010 pa·
1085 3939 1168 4008 dieat,
1187 3947 1215 3996 et
1230 3941 1410 4012 perofficium
1421 3942 1755 4014 beatiapostolisuiPetri
1765 3942 1863 4011 januam

248 4039 312 4094 pem
328 4024 430 4079 misere
443 4025 535 4080 dicere
546 4043 601 4081 non
615 4027 730 4084 curabo.
751 4029 866 4084 Scotum
881 4045 955 4091 vero,
970 4027 1043 4098 quod
1085 4028 1162 4083 vobis
1175 4031 1383 4102 caelestisregni
1394 4031 1512 4102 aperiat.
1530 4051 1543 4086 a
1563 4033 1614 4088 llis
1624 4031 1774 4088 salutiferis
1782 4029 1863 4083 admo·

248 4109 484 4169 Cremonensibus
498 4115 961 4186 pereosdemnuntiosvenerahilis
971 4132 1045 4188 papa
1084 4117 1239 4174 ultionibus
1255 4121 1363 4175 accensi
1378 4123 1592 4183 Cremonenses,
1613 4121 1747 4194 placitum
1756 4119 1803 4175 Dei
1814 4128 1866 4169 mox

247 4201 400 4269 mandarit,
412 4203 476 4257 huic
489 4205 624 4275 opusculo
637 4204 760 4260 inserere
770 4205 921 4260 deliberari
934 4207 1045 4262 :rms-
1085 4207 1231 4278 incipiunt.
1257 4207 1430 4264 Simoniacos
1449 4215 1478 4264 et
1499 4209 1686 4265 fornicatores
1704 4209 1738 4264 ab
1764 4207 1866 4262 Ecclesia

246 4307 618 4349 xsuuaascrvusservorum
632 4293 693 4358 Dei,
703 4294 900 4349 Cremonensis
915 4294 1043 4350 Ecclesiae
1085 4311 1137 4350 sua
1152 4297 1303 4368 expellunt.
1324 4297 1401 4363 Quos
1416 4298 1559 4353 imitantes
1574 4299 1742 4362 Placent-ini,
1753 4298 1866 4351 Romana

246 4378 385 4450 religiosis
398 4380 504 4435 clericis
519 4386 548 4435 et
557 4381 687 4436 tidelibus
698 4381 786 4448 laicis,
803 4383 921 4437 salutem
937 4387 965 4437 et
974 4399 1043 4455 apo·
1085 4401 1115 4440 se
1142 4386 1275 4440 continuo
1301 4385 1454 4458 subjiciunt
1478 4388 1646 4444 obedientia
1671 4395 1700 4444 et
1723 4385 1867 4456 Dionysium

245 4467 372 4522 stolicam
389 4467 623 4525 benedictionem.
636 4472 800 4543 lnspiretori
816 4472 943 4527 omnium
955 4471 1042 4526 bono·
1084 4490 1181 4530 eorum
1206 4474 1367 4546 episcopum
1384 4492 1400 4529 a
1419 4476 1500 4531 beato
1516 4493 1589 4548 papo
1612 4473 1867 4533 excommunicatum

157 4617 159 4622 ᾗ
214 4618 215 4621 ¹
245 4574 308 4612 rum
326 4557 384 4613 Deo
403 4563 432 4612 et
446 4557 524 4614 bonae
538 4560 690 4616 voluntatis
705 4562 812 4616 auctori
828 4561 929 4617 uberes
942 4563 1042 4616 referi·
1083 4563 1230 4634 abjiciunt,
1246 4569 1274 4618 et
1292 4580 1389 4620 omnes
1408 4569 1553 4621 Petemout
1567 4583 1618 4639 per
1631 4571 1802 4622 sacramenta
1817 4575 1869 4615 eon·

245 4662 309 4701 mus
329 4646 445 4717 gratias,
472 4648 519 4718 qui
545 4665 593 4702 vos
623 4649 757 4705 adversus
782 4651 891 4705 hostem
924 4650 1042 4705 humani
1083 4653 1207 4708 fumant.

242 4735 355 4807 generis
369 4735 503 4790 virtutum
524 4753 640 4791 suarum
664 4737 728 4793 telis
746 4739 874 4804 armavit,
892 4747 920 4794 et
940 4740 975 4794 ad
991 4739 1042 4794 de·
1118 4740 1225 4796 Eodem
1240 4747 1367 4814 ternpore
1381 4743 1462 4812 llugo
1477 4743 1624 4804 candidus,
1637 4745 1672 4799 de
1687 4761 1743 4817 quo
1756 4739 1870 4813 superius

244 4824 408 4878 struendam
424 4825 620 4896 Symoniacam
636 4827 764 4882 haeresim
779 4845 812 4882 ac
824 4828 1040 4883 fornicationum
1083 4831 1254 4886 mentionem
1268 4831 1395 4898 fecimus,
1411 4837 1474 4902 post
1491 4832 1594 4887 multas
1605 4833 1734 4888 miserias
1744 4837 1771 4886 et
1781 4831 1867 4888 scurias,

244 4911 394 4984 spurcitias
408 4913 571 4968 clericorum
598 4916 737 4972 ferventer
751 4918 887 4973 accendit.
907 4917 1041 4973 Erexistis
1082 4936 1152 4990 quos
1166 4919 1218 4974 sub
1233 4921 1335 4975 Cadolo
1344 4937 1444 4992 passus
1457 4921 1632 4985 est,tandem
1648 4923 1685 4976 ad
1696 4909 1870 4976 venerabilem

242 4999 404 5060 enimsirot
416 5002 446 5057 in
457 5001 558 5058 litteris
572 5005 672 5060 vestris
681 5007 973 5078 cognovimus,contra
982 5024 1039 5062 rer·
1082 5024 1184 5079 papam
1198 5008 1323 5072 veniens,
1335 5009 1445 5063 veniam
1456 5009 1537 5081 petiit
1545 5011 1755 5082 etimpetravit,
1764 5021 1870 5076 cumque

241 5091 346 5145 sutiam
361 5091 499 5163 serpentis
511 5093 630 5164 antiqui,
642 5095 728 5165 etqui
740 5093 915 5166 velutbieeps
927 5095 1042 5151 coluber
1082 5096 1117 5150 ad
1125 5096 1288 5167 Hispaniam
1297 5097 1381 5168 legati
1388 5097 1508 5168 fungens
1520 5097 1610 5153 officio
1625 5100 1795 5162 mitteretur,
1803 5093 1871 5167 quid·

241 5194 294 5251 per
306 5180 599 5252 fistulasgeminarum
611 5183 874 5255 fauciumnequitiae
888 5201 945 5240 sure
956 5201 1041 5256 super
1082 5185 1149 5255 quid
1157 5185 1325 5254 aedificabat,
1337 5186 1438 5240 iterum
1447 5186 1608 5258 dissipabat.
1622 5189 1697 5242 Nam
1712 5185 1870 5243 simoniacos

240 5286 289 5325 vos
304 5287 410 5326 venene
425 5272 555 5342 nequiter
568 5271 810 5328 evomebatsancti
817 5275 868 5328 aeli
883 5276 1040 5331 vestrozelo
1081 5274 1203 5345 primum
1217 5275 1330 5345 quidem
1345 5274 1517 5329 validissime
1532 5277 1765 5347 persequebatur,
1786 5279 1871 5346 posteo

240 5359 394 5430 perfossum
407 5365 492 5432 atque
503 5359 640 5432 precisum
652 5377 682 5416 se
689 5362 801 5417 virtutis
811 5369 908 5418 vestra
919 5364 1039 5435 pugione
1079 5379 1145 5417 vero
1159 5369 1272 5434 accepta
1287 5363 1405 5435 pecunia
1418 5363 1626 5424 reconciliabat,
1636 5365 1713 5437 quod
1729 5365 1793 5419 dum
1804 5379 1870 5417 com·

241 5447 373 5520 suspirat.
382 5447 522 5519 Planequi
531 5447 768 5520 serpentidudum
783 5449 811 5503 in
822 5450 951 5522 paradiso
962 5452 1039 5506 dam·
1079 5457 1191 5524 pertum
1201 5451 1480 5520 Roruaefuisset,eum
1492 5451 1528 5507 ab
1541 5453 1687 5524 Hispaniis
1695 5453 1789 5509 statim
1803 5465 1872 5505 reru·

240 5535 362 5596 nationis
372 5541 483 5600 remense
495 5535 633 5613 judicium
649 5537 754 5604 intulit,
771 5537 831 5613 ipse
841 5555 890 5594 vos
905 5539 1039 5599 adversus
1079 5545 1154 5606 cant,
1171 5546 1200 5596 et
1217 5539 1312 5598 &mre
1333 5539 1462 5596 habitare
1483 5541 1660 5615 precipiunt.
1677 5543 1757 5598 Hanc
1772 5542 1799 5598 iu
1813 5555 1870 5594 eura
