3986 6184
132 303 168 356 33
890 299 982 358 vius.
1104 253 1109 266 ¹
1736 309 1772 364 3i

132 434 293 500 per-gerent,
309 429 401 486 eonius
415 431 504 486 vintor
524 430 633 485 audivit
646 447 739 486 vooom
755 431 820 496 onii,
835 436 864 486 ot
878 429 966 488 oce-A
978 425 1136 496 prorumpit
1152 443 1157 476 ε
1178 443 1188 476 ι
1209 425 1269 508 ileu
1286 427 1354 482 milri
1370 430 1485 486 animle
1500 432 1635 490 damnum
1650 434 1775 491 minatur

132 516 175 587 pit
191 517 292 572 mirari
313 524 342 574 et
363 518 578 592 circumspicere
603 518 650 573 ubi
674 527 746 576 esset
762 527 841 575 catus
855 519 936 590 cujus
976 514 1070 568 Deus?
1085 514 1132 568 Via
1141 513 1209 568 inihi
1225 515 1273 584 qui
1289 532 1382 572 meum
1395 520 1541 576 consilium
1554 522 1774 594 perdidi,mellm

131 605 267 662 undisono
281 623 398 674 vocem
416 609 529 664 undem
544 608 667 662 advenit
679 609 845 680 magistr-nm
861 609 936 664 Lan·
963 602 1147 673 ¹adjutorium
1163 602 1263 657 amisi!
1281 603 1423 662 Multoties
1445 625 1497 679 per
1512 626 1630 681 magnos
1647 611 1772 682 gemitus

131 692 260 750 limacum
274 694 356 750 illum
366 703 431 767 post
443 713 474 752 ae
482 696 602 767 ligatum
616 695 700 762 serre,
710 697 788 752 etait
801 697 841 752 illi
857 714 863 749 :
879 697 935 752 Dc·
977 691 1064 746 Deum
1080 692 1186 762 rogavi,
1198 690 1348 748 uberrimis
1363 693 1495 767 iacrymis
1509 698 1610 755 divinae
1623 700 1775 772 supplicavi

130 782 218 848 mine,
234 783 302 855 quid
318 783 430 856 portasi
444 785 601 856 Respondit
617 803 623 839 :
638 786 732 840 Mures
745 789 775 840 ct
788 786 842 840 rati
855 786 935 840 valde
976 786 1007 846 4
1021 780 1228 847 misericordie,
1254 785 1286 836 ut
1304 781 1389 837 talem
1412 785 1480 839 milti
1504 786 1594 842 virum
1617 793 1772 860 prestaret,
1821 801 1829 812 ·

130 870 212 926 nobis
226 873 411 939 sentimenti,
437 878 466 929 nt
485 874 589 929 idcirco
603 891 678 929 nunc
691 875 777 930 niter-0
791 881 885 931 eninm
898 875 933 931 nd
975 871 1056 940 cujus
1070 869 1187 924 consilio
1207 875 1237 924 et
1250 871 1354 926 auxilio
1374 872 1465 928 locutu
1481 875 1567 930 istum
1583 877 1773 946 emendarem,

128 961 374 1032 comprimendum
390 962 514 1017 furorem
526 963 650 1018 illorum,
666 964 735 1019 Ecce
747 965 782 1019 ad
799 970 932 1036 quantam
975 963 1005 1013 ei
1022 975 1084 1029 quie
1097 959 1155 1013 Deo
1177 964 1272 1014 essent
1284 959 1386 1030 piaciia
1400 963 1601 1020 monachorum
1617 965 1715 1021 usibus
1729 967 1774 1022 in·

131 1048 328 1105 humilitatem
342 1056 438 1106 tantos
450 1051 493 1106 vir
506 1068 558 1123 pro
570 1053 628 1107 noo
641 1069 701 1108 seon
712 1052 878 1109 submittere
887 1069 934 1108 ou.
974 1051 1145 1104 staurarem.
1166 1048 1201 1102 Et
1226 1050 1346 1120 quando,
1372 1050 1461 1105 irater
1483 1052 1646 1122 Lanirance,
1669 1055 1725 1111 huc
1744 1060 1773 1112 ta

127 1139 218 1205 ravit;
234 1145 264 1194 et
288 1140 355 1212 quia
368 1141 489 1196 multum
508 1157 538 1196 se
564 1141 732 1209 humiliavit,
757 1143 832 1198 Deus
852 1142 932 1196 illum
973 1136 1049 1191 Deus
1074 1136 1199 1202 adduxit,
1227 1153 1323 1208 preces
1347 1139 1515 1194 humilitatis
1536 1157 1605 1198 meae
1627 1143 1773 1200 exauditas

127 1227 255 1282 usitare
269 1227 300 1282 in
316 1231 447 1300 praesenti
461 1247 518 1284 non
533 1229 651 1288 distulit,
973 1224 1088 1280 credidi.
1103 1225 1160 1295 Ego
1172 1225 1202 1279 in
1212 1231 1317 1280 teonus
1328 1243 1419 1282 meum
1432 1229 1586 1285 transferre
1600 1232 1770 1302 cogitabam

162 1315 191 1370 6.
206 1317 314 1372 Verum
330 1317 433 1373 fratres
446 1319 495 1390 qni
513 1320 573 1390 jain
598 1319 714 1376 adunati
728 1325 810 1376 oront
829 1321 932 1394 inipso
974 1329 1026 1384 ego
1040 1318 1068 1370 te
1082 1315 1169 1369 totius
1183 1315 1277 1370 oneris
1287 1315 1343 1371 mei
1353 1317 1492 1372 aaroinam
1502 1324 1668 1390 supportare
1678 1337 1772 1393 spera-

127 1405 200 1470 loco,
216 1421 275 1460 uon
290 1405 410 1460 multum
427 1407 546 1462 litterati
560 1423 612 1463 neo
625 1408 777 1464 admodum
797 1409 932 1479 religione
973 1401 1047 1456 bam·
1065 1404 1146 1458 Nunc
1172 1408 1266 1458 tutem
1282 1404 1376 1459 neseio
1390 1423 1446 1477 qua
1460 1407 1495 1461 de
1508 1423 1593 1463 causa
1607 1408 1772 1466 hiucdisca·

123 1493 259 1548 instructi
272 1492 459 1552 habebantur.
475 1495 600 1550 Gemens
623 1496 795 1553 Lanirancua
810 1497 929 1552 fratrum
972 1491 1047 1557 deve,
1069 1508 1115 1546 me
1141 1492 1246 1557 relicto,
1274 1493 1390 1564 witigis,
1411 1500 1442 1549 ei
1460 1495 1495 1550 ad
1517 1496 1628 1552 deserta
1656 1513 1772 1570 pergere

123 1580 271 1648 inertiam,
287 1583 588 1654 moi-immitam,
606 1585 712 1640 ordinis
726 1587 929 1657 transgressio.
971 1580 1060 1652 cupis.
1089 1601 1100 1632 ι
1128 1582 1302 1637 Lansrancus
1322 1583 1483 1656 intelligens
1504 1586 1676 1642 voluntatem
1690 1603 1772 1642 suam

123 1686 202 1736 uem,
219 1675 358 1726 contuens
372 1671 482 1743 aliquos
497 1672 582 1728 etiam
595 1673 649 1728 sibi
664 1674 797 1741 invidere,
814 1676 862 1746 qui
875 1675 929 1731 sibi
969 1669 1119 1737 deiectam,
1134 1675 1163 1724 et
1176 1671 1349 1742 propositum
1365 1673 1456 1727 cordis
1470 1673 1524 1741 sui,
1541 1675 1615 1745 quod
1628 1675 1769 1731 occultum

122 1757 293 1814 metuebant
306 1775 371 1814 eum
386 1761 593 1831 preficiendum
611 1762 680 1828 fare,
698 1763 847 1834 ignorabat
861 1732 1096 1836 quusspuuban
1123 1759 1267 1813 evidenter
1294 1760 1481 1831 propalatum,
1511 1761 1621 1818 abbatis
1652 1763 1770 1835 pedibus

123 1853 234 1918 qemi,
251 1863 307 1919 qno
322 1865 353 1902 so
365 1849 540 1906 transferret,
556 1851 691 1907 Tendebat
701 1869 765 1908 enm
781 1869 930 1922 converse.
971 1846 1046 1901 illico
1061 1847 1227 1916 advolvitur,
1244 1852 1273 1902 et
1286 1849 1408 1920 qualiter
1422 1848 1472 1904 sibi
1485 1850 1675 1906 innotuissent
1689 1852 1767 1921 talia,

123 1936 389 2007 denisiuhoneste,
397 1937 525 1993 inhiabat
537 1939 670 1996 ardenter
678 1941 714 1996 ad
726 1942 858 1998 solitarie
869 1943 928 1999 dul·
971 1934 1116 1990 humiliter
1129 1936 1295 1991 sciscitatur·
1320 1936 1398 1992 Tunc
1421 1937 1447 1992 ei
1469 1938 1555 1993 abbas
1578 1939 1682 1998 blanda
1704 1957 1770 1996 voca

125 2025 253 2080 minem
269 2025 341 2081 vitm,
353 2026 493 2082 simonia
506 2026 735 2098 igiturnnmnchi
751 2031 927 2100 infirmitate,
971 2023 1105 2079 visionem
1120 2024 1241 2096 aperuit,
1254 2026 1362 2096 etquid
1375 2025 1428 2080 sibi
1444 2027 1577 2083 divinitus
1590 2044 1640 2100 per
1651 2045 1771 2100 puerum

123 2113 316 2168 fulcrannum
324 2115 506 2171 hamptunam
517 2117 627 2187 rogavit
637 2118 930 2189 ntoiqnoiidienffon
970 2113 1124 2168 revelatum
1144 2113 1190 2178 sit,
1217 2113 1290 2168 sicut
1304 2114 1433 2185 superius
1447 2115 1609 2183 reteximus,
1625 2133 1675 2189 per
1693 2118 1769 2173 ordi-

124 2209 171 2256 ret
184 2201 296 2256 radices
310 2204 498 2274 quorumdam
512 2205 692 2268 carduorum,
705 2208 843 2278 quaesibi
856 2225 930 2264 asso.
972 2217 1036 2256 nem
1052 2201 1208 2274 explicavit.
1223 2203 1396 2271 Lanirancps
1411 2203 1567 2260 mirabilius
1580 2205 1656 2261 dictu
1672 2206 1770 2262 obstu-

124 2291 208 2345 rebat
227 2292 328 2346 afferre
352 2291 502 2348 solutionis
523 2294 688 2350 remedium.
704 2296 764 2352 Hoc
778 2303 872 2352 nutem
888 2298 930 2353 fn.
972 2291 1107 2362 pataetus,
1121 2296 1150 2344 et
1161 2291 1211 2345 Dei
1226 2291 1349 2361 gratiam
1364 2291 1393 2346 in
1408 2291 1509 2348 abbate
1519 2293 1700 2350 vehementer
1713 2295 1770 2351 ad-

123 2379 217 2434 ciabat
246 2386 279 2436 ut
298 2397 399 2452 corpus
427 2397 510 2437 suum
537 2383 724 2440 assuefaceret
746 2385 797 2441 tali
824 2387 927 2455 edulio,
970 2378 1099 2446 miratus,
1125 2380 1204 2435 humi
1229 2385 1396 2451 prostratus,
1412 2397 1463 2452 per
1476 2382 1677 2438 consessionem
1693 2385 1771 2440 Patri

125 2468 205 2539 quali
220 2468 313 2524 virere
325 2468 493 2542 disponebat
502 2471 531 2525 in
544 2465 638 2527 eremo
650 2473 691 2540 ιθ).
709 2475 780 2529 Cum
791 2491 857 2546 ergo
868 2477 928 2546 jam
970 2467 1099 2539 protinus
1128 2468 1264 2540 quidquid
1292 2469 1322 2523 in
1347 2469 1492 2525 voluntate
1516 2470 1663 2538 habuerat,
1686 2474 1770 2529 corde

123 2552 254 2608 nmmum
271 2557 301 2607 et
318 2569 421 2626 corpus
436 2562 607 2626 praepararet
620 2558 656 2612 ad
674 2558 770 2629 fugam
785 2565 930 2618 nocturne
970 2562 1155 2628 compunctus
1170 2557 1307 2628 exposuit,
1321 2558 1542 2630 penitentiaque
1556 2566 1670 2632 accepta
1681 2569 1710 2617 at
1724 2561 1772 2617 ab·

124 2642 294 2713 elapsionis,
320 2643 424 2698 domno
439 2644 575 2700 Harluiuo
589 2645 683 2702 abbati
698 2648 768 2702 nihil
782 2648 817 2704 da
831 2649 883 2704 hac
898 2667 929 2706 re
970 2645 1110 2702 solutione
1122 2647 1283 2718 impetrata,
1293 2647 1445 2719 spopondit
1460 2665 1491 2702 se
1510 2665 1656 2721 nunquam
1664 2649 1699 2704 ab
1708 2651 1770 2723 ipso

123 2731 292 2802 suspicanti,
305 2732 373 2787 dum
386 2733 417 2788 in
428 2733 500 2788 lecto
516 2733 682 2806 quiesceret,
695 2737 815 2808 egregiae
826 2739 928 2801 indolis
966 2734 1167 2801 discessurum,
1180 2736 1297 2807 ejusque
1306 2737 1452 2808 preceptis
1459 2753 1510 2808 per
1520 2739 1615 2794 omnia
1628 2738 1770 2813 obtempe-

124 2821 209 2892 Hugo
225 2836 307 2893 puer,
317 2821 367 2892 qui
376 2822 539 2893 nuperrime
549 2822 666 2891 obierat,
680 2825 711 2881 in
725 2831 800 2882 veste
810 2828 929 2882 candida
971 2829 1111 2878 raturum.
1128 2823 1221 2879 abbas
1246 2825 1375 2896 ingentes
1393 2826 1579 2898 omnipotenti
1592 2828 1651 2884 Deo
1664 2829 1770 2900 gratias

124 2910 357 2982 apparuitifilius
368 2911 493 2966 llaldrici
506 2911 541 2967 da
553 2912 736 2982 Sauvarvilla,
755 2931 841 2988 nepos
857 2918 931 2988 ejus·
973 2913 1109 2981 referens,
1126 2929 1210 2984 quam
1226 2913 1309 2968 citius
1327 2914 1428 2985 potuit,
1448 2915 1634 2971 lanfrancum
1647 2917 1770 2989 priorem

124 2999 191 3054 dem
199 2996 429 3070 abbatis).Cujus
443 3007 559 3072 aspectu
574 3002 603 3057 in
619 3003 697 3058 nullo
707 3004 846 3071 turbatus,
857 3022 933 3062 ame·
973 3002 1129 3067 consuluit,
1147 3007 1174 3068 et
1189 3001 1325 3073 quidquid
1349 3003 1449 3057 ditioni
1463 3004 1627 3059 monasterii
1642 3003 1771 3076 subjace-

126 3087 224 3142 biliter
235 3087 277 3142 sic
287 3104 353 3143 eum
365 3088 453 3143 abbas
467 3090 570 3144 affatur
585 3108 591 3143 :
608 3109 621 3144 a
636 3091 708 3156 Quid
721 3096 773 3156 est,
789 3094 845 3149 fuit
859 3051 962 3161 Quo·C
972 3091 1030 3156 bat,
1044 3090 1164 3145 interius
1179 3089 1437 3162 atexteriuaipsius
1447 3107 1521 3146 curae
1531 3093 1680 3147 commisit.
1693 3093 1771 3158 Quos

127 3177 250 3232 madata
263 3175 396 3232 babesiv
411 3178 446 3233 lu
461 3194 532 3250 puer
545 3179 694 3235 alacriter:
713 3199 726 3234 s
742 3181 800 3252 Ego
810 3199 865 3249 me,
881 3182 930 3251 ait,
973 3180 1014 3235 ita
1026 3179 1174 3234 unanimes
1188 3178 1288 3234 tribuit
1300 3195 1361 3234 esse
1375 3178 1470 3234 divina
1482 3181 1628 3250 protectio,
1644 3187 1677 3237 ut
1693 3183 1771 3238 nulla

129 3265 203 3320 boue
228 3267 324 3334 Pater,
350 3265 421 3321 bene
441 3266 540 3329 habeo.
562 3270 630 3340 quia
643 3286 694 3340 per
709 3269 759 3324 Dei
773 3271 932 3327 misericor·
973 3284 1098 3340 unquam
1125 3267 1199 3322 inter
1217 3284 1265 3322 ecs
1280 3272 1343 3322 orta
1357 3267 1443 3322 suerit
1454 3267 1637 3324 dissensionis
1650 3271 1768 3326 occasio.

129 3355 218 3423 dmm,
240 3360 269 3410 et
288 3360 368 3410 tuam
387 3355 626 3424 intercessionem,
655 3357 792 3414 liberatus
809 3377 873 3415 sum
896 3361 933 3417 ab
974 3357 1053 3412 Hauc
1068 3356 1201 3411 visionem
1213 3356 1772 3430 Laniraucnsneovolenspropalare,neo

130 3443 210 3498 omui
218 3450 373 3499 tormento.
388 3444 441 3500 Sed
457 3446 532 3500 Deus
546 3446 625 3502 misit
633 3463 678 3502 me
690 3449 726 3503 ad
741 3453 779 3517 te,
795 3453 829 3504 ut
840 3449 932 3506 dicam
972 3445 1087 3500 omnino
1109 3445 1249 3500 occultare
1269 3444 1313 3513 1¹¹)
1329 3443 1463 3500 indicavit
1478 3445 1556 3500 illam
1578 3446 1689 3502 cuidam
1707 3464 1773 3503 mo-

127 3533 182 3588 tibi
196 3533 275 3606 quia,
292 3534 380 3590 sitibi
395 3551 450 3591 non
466 3538 650 3608 prospexeris,
667 3538 832 3609 magistrum
857 3541 931 3597 Lon.
972 3534 1072 3602 nacho,
1086 3533 1363 3600 nomineWilleimo,
1376 3549 1459 3605 quem
1473 3534 1773 3606 ipaeapueronutrie·

128 3623 260 3678 iuncum
272 3623 309 3678 ad
318 3624 476 3696 pmximum
485 3625 673 3681 nonhabebis.
688 3627 801 3684 »Abbas
815 3629 933 3686 admira.
973 3627 1019 3678 rat
1033 3627 1063 3677 et
1076 3623 1220 3689 docuerat,
1231 3622 1442 3693 plurimumque
1466 3622 1588 3690 amabat,
1608 3625 1772 3698 precipiens

129 3718 175 3767 tus
193 3731 229 3766 :s
246 3712 403 3780 Quomodo,
412 3713 578 3786 inquietin?
595 3716 695 3771 »Puer
708 3716 743 3771 ad
757 3717 816 3773 heo
828 3719 933 3784 :sQnin
974 3727 1009 3766 ne
1020 3711 1065 3767 eui
1078 3711 1327 3782 diceret,quaudiu
1337 3711 1396 3783 ipse
1409 3711 1563 3783 incorpore
1573 3712 1771 3780 viveretQuod

128 3803 290 3856 solitariam
301 3801 386 3857 vitam
400 3803 550 3869 desiderat,
563 3809 592 3860 et
605 3805 639 3860 de
652 3807 824 3863 monasterio
837 3809 933 3880 egredi
974 3801 1021 3856 ille
1036 3801 1158 3856 servavit
1180 3817 1270 3872 usque
1289 3799 1324 3854 ad
1344 3800 1472 3855 ultimam
1494 3807 1680 3861 senectutem.
1705 3803 1774 3858 Post

129 3891 281 3956 deliberat,
296 3891 429 3962 quoniam
445 3908 537 3948 mores
554 3892 673 3948 fratrum
691 3899 719 3950 et
733 3895 789 3950 vita
808 3895 933 3953 sibinen
975 3895 1095 3946 moriem
1107 3905 1173 3944 vero
1183 3889 1414 3957 Ltnffflnssbcum
1425 3889 1575 3960 jtmssttlla
1585 3890 1774 3962 prohibitione

129 3979 247 4050 placent
258 3979 330 4034 Vide
339 3995 406 4051 ergo
421 3980 488 4051 quid
502 3981 598 4049 facias,
609 3983 675 4054 quia
689 3983 740 4038 tibi
752 4001 809 4040 non
823 3987 935 4058 expedit
975 3983 1134 4050 urgeretur,
1148 3977 1260 4049 scripsit
1275 3993 1335 4032 rem
1350 3977 1424 4032 sicut
1437 3977 1576 4046 audierat,
1593 3984 1622 4033 et
1631 3978 1726 4034 abbati
1740 3995 1773 4036 ac

128 4075 164 4123 ut
180 4075 211 4123 te
232 4069 355 4124 desemt.
376 4089 386 4120 a
408 4069 458 4124 llis
481 4069 563 4126 dictis
585 4087 656 4142 puer
678 4071 825 4145 disparuit.
842 4074 935 4130 Abbas
975 4067 1119 4122 monachis
1132 4067 1213 4121 Βθῦῦὶ
1228 4066 1362 4138 scriptam
1377 4066 1440 4137 (tt),
1458 4073 1541 4138 prout
1555 4083 1641 4138 supr&
1654 4067 1774 4139 digessi·

129 4158 273 4212 attonitus
295 4157 326 4211 iu
347 4156 392 4212 his
414 4173 477 4228 que
495 4158 633 4226 audierat,
649 4159 788 4233 reliquum
800 4161 889 4218 noctis
904 4163 933 4218 in
976 4173 1049 4224 mus,
1071 4156 1183 4212 direxit.
1200 4155 1266 4211 Fuit
1285 4155 1360 4210 idem
1384 4155 1539 4211 Willclmua
1554 4155 1640 4210 abbas
1661 4157 1774 4212 Corma·

128 4247 237 4318 vigiliis
246 4251 276 4300 et
290 4245 463 4302 orationibus
476 4246 604 4303 insomne
623 4251 741 4320 peragit.
757 4250 872 4307 Summa
886 4267 935 4308 au·
975 4245 1072 4301 liensit
1085 4243 1212 4300 coenobii·

130 4343 191 4390 tem
202 4350 300 4402 mane,
316 4333 362 4406 (¹⁰)
375 4349 440 4389 mox
450 4338 460 4403 i
467 4333 493 4391 tl
500 4342 508 4400 t
523 4340 557 4391 ut
569 4337 640 4391 hora
652 4337 786 4409 loquendi
799 4355 830 4394 aa
844 4339 930 4408 dedit,
941 4329 966 4391 D
1280 4330 1398 4389 CAPUT
1411 4332 1462 4387 111·

130 4423 326 4480 mucuns
359 4422 485 4492 adscivit,
514 4439 608 4480 secum
637 4425 819 4497 singulariter
837 4428 935 4492 sedere
1012 4423 1039 4477 7.
1055 4422 1098 4478 Ad
1112 4420 1336 4477 administranda
1350 4435 1462 4492 quoque
1474 4419 1561 4475 totius
1575 4421 1673 4492 patrie
1685 4437 1773 4495 nego·

128 4514 220 4580 iesit;
251 4529 301 4568 cor
315 4511 425 4568 abbatis
444 4512 545 4569 intimo
566 4513 662 4571 dolore
682 4515 849 4583 concutitur,
884 4531 935 4570 vox
976 4513 1017 4566 tia
1027 4511 1072 4581 (¹²)
1089 4526 1216 4567 summus
1230 4509 1265 4565 ab
1276 4509 1337 4582 ipso
1355 4509 1595 4566 Nommannorum
1616 4511 1686 4568 duca
1700 4513 1774 4570 wil·
1858 4531 1869 4545 ·

129 4603 212 4658 intra
227 4603 323 4657 lauces
338 4601 488 4674 premitur,
513 4603 643 4674 lacrymae
662 4609 842 4676 erumpentes
856 4603 936 4658 dolo·
977 4601 1060 4656 lelmo
1074 4599 1251 4655 consiliarius
1264 4599 1428 4654 assumitur.
1442 4598 1530 4669 Cujus
1543 4599 1642 4670 gratie
1656 4601 1774 4658 nimiam

129 4709 196 4752 rem
210 4690 305 4746 cordia
314 4689 455 4762 aperiunt.
469 4690 641 4746 Lunirancus
657 4692 709 4746 hoc
723 4691 820 4747 videns
834 4691 864 4747 in
877 4698 936 4747 ter·
978 4687 1228 4762 perturbationem,
1240 4705 1302 4761 que
1316 4692 1432 4759 repente
1446 4686 1538 4757 irruit,
1548 4687 1691 4761 insperato
1700 4691 1775 4746 Deua

129 4797 199 4836 ram
213 4779 422 4853 praeemitum
437 4795 488 4834 cur
501 4778 587 4835 abbas
601 4781 640 4836 sic
655 4781 747 4853 plorat
765 4780 869 4853 aperiri
883 4781 936 4836 sibi
977 4795 1076 4835 sereno
1097 4777 1258 4834 laetificavit.
1285 4775 1477 4842 Quorumdam
1492 4776 1567 4830 enim
1587 4779 1774 4835 accusationi-

130 4868 304 4942 ruppliciter
320 4874 461 4940 precatur.
484 4868 608 4924 Tandem
628 4869 714 4926 abbas
737 4869 768 4926 in
780 4870 840 4925 hec
853 4868 939 4925 verba
977 4867 1029 4924 bus
1043 4867 1200 4924 delatorum
1215 4867 1271 4922 dux
1284 4867 1314 4922 in
1324 4882 1388 4921 aum
1398 4864 1582 4932 ¹vehementer
1592 4867 1773 4936 amaricatus,

175 5010 230 5081 itt)
253 5013 321 5067 Post
344 5011 465 5084 primam
485 5010 591 5066 scilicet
610 5016 638 5066 et
652 5028 747 5084 preces
768 5011 798 5066 iu
815 5011 936 5084 capitulo
978 5011 1111 5067 Orderico
1127 5009 1219 5074 vitali,
1235 5007 1273 5064 lib
1299 5023 1330 5074 u,
1350 5008 1399 5080 qui
1413 5024 1477 5062 eum
1490 5008 1566 5071 inter
1583 5009 1657 5064 viros
1673 5011 1774 5066 sancti-

127 5085 282 5149 recitatas,
301 5089 368 5138 aute
380 5083 456 5138 enim
470 5082 543 5138 istud
566 5088 678 5155 tempus
691 5083 845 5149 silentium,
863 5084 935 5154 quod
978 5087 1036 5138 tate
1051 5087 1079 5136 et
1091 5082 1218 5136 doctrina
1232 5081 1384 5152 precipuos
1398 5085 1535 5141 recenset.
1550 5079 1590 5134 sic
1599 5081 1674 5136 enim
1686 5082 1776 5154 loqui·

126 5157 166 5210 in
187 5155 294 5225 regule
315 5171 376 5225 cap.
405 5153 441 5210 ii
459 5153 585 5210 strictius
601 5154 803 5279 prescribitur,
829 5155 936 5210 salvere
977 5160 1043 5210 tur:
1059 5155 1092 5208 In
1103 5155 1152 5208 itio
1162 5159 1279 5221 tempore
1290 5154 1584 5220 miproueeieutplures
1595 5156 1739 5207 sanctitate
1749 5157 1775 5206 et

127 5227 248 5298 absque
260 5227 339 5296 gravi
353 5224 521 5281 necessitate
531 5241 588 5281 non
612 5225 674 5281 icet.
976 5227 1115 5294 supientia
1134 5225 1271 5293 precipui
1288 5225 1408 5277 doctores
1419 5223 1614 5285 Ecclesiae-um,
1627 5223 1772 5277 noscimus

173 5297 234 5362 (1⁴2)
250 5299 329 5352 lianc
345 5295 492 5369 epistolam
513 5313 547 5351 ex
565 5314 608 5352 ms
642 5297 773 5353 beccensi
787 5297 938 5367 migaruut
976 5299 1079 5352 scilian
1103 5296 1320 5364 archiepiscopus
1347 5293 1577 5348 Contreariorum.
1608 5293 1772 5348 Guilelmus

125 5369 283 5426 lohannes
298 5367 439 5432 i'icardos,
452 5373 587 5424 etnoster
597 5367 710 5423 Gabriel
720 5367 898 5424 Gerberonus
907 5367 937 5421 in
978 5368 1197 5436 archiepiscopus
1211 5367 1478 5433 Rothomapensium,
1496 5364 1713 5432 venerabilesque
1725 5379 1773 5420 ee·

124 5440 216 5498 nous
235 5439 269 5494 ud
296 5438 443 5512 epistolam
467 5438 499 5496 ll
516 5439 565 5494 lib.
588 5453 609 5494 u
632 5437 707 5495 beati
729 5439 864 5495 Anselmi.
892 5439 934 5493 nd
977 5439 1258 5502 nobiorumrectcres,
1276 5435 1658 5506 Hupoobbosdtucioccesis,
1675 5433 1774 5492 derua-

122 5509 316 5568 erlelmum
331 5510 443 5584 scripsit
456 5509 628 5568 Lunnaucus
642 5509 800 5584 epistolam,
835 5526 878 5566 uae
892 5515 936 5567 est
975 5513 1033 5566 sius
1048 5509 1229 5566 eunomus
1243 5513 1268 5563 et
1282 5507 1447 5566 mellarinus
1463 5505 1664 5563 cormeliensis.

122 5581 172 5644 ⁴8
191 5581 505 5640 ducentenarium.
521 5583 597 5642 Obiit
615 5582 691 5640 circa
705 5527 891 5642 annumiiiiii
901 5597 935 5638 ax
