3856 6176
208 217 263 280 lae
700 225 731 292 B.
753 221 961 282 LANFRANCI
978 217 1158 275 CAN'l'UAR.
1180 213 1353 272 ARCHIEP·
1776 219 1822 276 tto

206 345 320 402 dicens:
347 343 512 402 Ambrosius
539 345 570 402 in
596 346 668 402 libro
695 349 736 402 De
763 344 947 401 sacramentis
969 337 1142 412 aitA(Proc.
1152 333 1269 408 x11,‘.’8).
1284 335 1319 392 Et
1331 334 1619 406 bsatmnugustinus
1631 337 1750 408 imprimo
1759 337 1824 396 libro

207 433 267 505 (lib.
279 448 318 502 ιι,
329 451 353 490 e.
365 433 408 506 4):
424 433 587 490 sicutenim
596 439 695 490 mortis
704 436 922 490 similitudinem
931 449 1008 486 sum·
1045 429 1087 484 De
1099 442 1228 482 sermone
1239 424 1353 482 Domini
1362 425 1392 480 in
1402 429 1514 480 monte:
1536 443 1548 477 ι
1562 425 1641 490 Quod
1650 441 1722 494 vero,
1731 427 1823 500 inquit,

203 523 296 593 peisti,
313 525 784 591 ttaetiemsimilitudinenpretiosi
797 523 948 590 sanquinis
963 521 1005 576 hi·
1046 521 1096 572 sut
1110 515 1259 571 obscurum
1282 521 1333 570 sut
1354 513 1508 569 absurdum
1530 513 1572 570 illi
1590 519 1679 582 sonat,
1701 531 1754 570 non
1767 517 1825 572 inde

209 613 260 669 bs's.
278 611 343 666 llaee
351 610 437 666 verbs
448 627 599 683 exponens,
614 611 681 683 quid
691 611 891 682 comparatius,
902 609 1005 682 inquis,
1047 605 1168 662 concitet
1190 603 1442 660 contradictionum
1465 603 1631 671 certamina,
1655 605 1701 658 sed
1723 607 1779 660 oret
1798 611 1827 660 ut

206 698 275 770 quid
296 699 435 754 similius?
456 699 562 771 Negari
579 717 636 755 non
650 704 743 771 potest
757 699 873 756 beatum
886 697 1007 754 Ambro-
1046 694 1219 765 intelligat.»
1237 695 1272 748 Et
1282 691 1312 747 in
1321 691 1392 748 libro
1400 692 1484 748 tertio
1496 692 1540 747 De
1549 692 1684 747 trinitate
1695 693 1761 764 (cap.
1773 692 1826 764 tot:

205 787 281 842 sium
291 793 467 844 sacramento
477 787 608 860 baptismi
618 793 795 844 sacramenta
802 787 1006 860 comparavisse
1050 802 1064 838 ι
1078 782 1142 838 llihi
1165 787 1272 848 autem,
1288 781 1337 846 sit,
1354 781 1423 836 utile
1438 786 1489 848 est,
1506 787 1539 836 ut
1552 781 1725 836 meminerim
1736 781 1828 837 virium

205 876 1007 948 altarisNonestautemversChristimorsinbaptismo.
1048 887 1188 938 mearum,
1198 871 1356 942 fratresque
1366 887 1444 926 meos
1453 870 1832 925 admoneamutmeminerint

203 965 298 1036 Igitur
319 982 371 1020 nee
393 981 476 1022 verus
498 967 559 1036 ejus
579 966 693 1036 sanguis
708 965 735 1020 in
752 966 805 1020 hoc
819 970 1004 1022 sacramento.
1049 975 1175 1026 suerum,
1191 977 1227 1014 ne
1241 959 1317 1014 ultra
1331 975 1414 1030 quam
1429 964 1523 1014 tutum
1538 964 1581 1014 est
1593 959 1714 1013 humana
1725 975 1828 1029 progra-

93 1085 98 1090 -
168 1101 169 1104 ,
204 1052 279 1108 Pace
292 1060 342 1109 tua
356 1054 463 1110 dictum
476 1054 523 1122 sit,
540 1055 661 1110 multum
679 1055 784 1110 falleris
797 1055 828 1109 in
841 1054 893 1108 hac
907 1053 1007 1108 verbo·
1048 1049 1143 1104 diatur
1156 1049 1343 1104 infirmitas.»
1368 1049 1404 1103 Et
1418 1049 1448 1102 in
1462 1046 1534 1102 libro
1549 1049 1654 1102 Contra
1671 1047 1828 1103 Felicianum

204 1159 272 1198 rum
281 1142 477 1214 intelligentia,
488 1159 579 1214 neque
590 1144 665 1198 enim
673 1143 865 1199 similitudinis
875 1141 1007 1197 adverbia
1047 1138 1209 1194 haeretieum
1239 1139 1310 1209 (cap.
1339 1137 1384 1206 ιιι
1415 1137 1652 1208 «scripturarum
1676 1136 1828 1191 auctoritate

203 1231 395 1290 identitatem.
411 1247 461 1286 seu
482 1232 672 1304 aequalitatem
687 1232 790 1303 ubique
807 1231 898 1305 posita
918 1232 1005 1302 signi·
1046 1231 1203 1294 contentus,
1222 1225 1396 1298 simplicitati
1411 1225 1524 1280 obedire
1537 1225 1631 1297 potius
1645 1223 1740 1278 studeo
1753 1241 1827 1295 quam

205 1320 303 1375 iieant.
319 1321 352 1375 In
367 1319 517 1392 Evangelio
530 1337 653 1392 namque
668 1321 796 1376 Salvator
810 1320 895 1374 dicit:
918 1321 1005 1375 dstote
1045 1315 1160 1372 tumori.
1175 1334 1187 1368 s
1211 1314 1249 1370 Ilt
1263 1317 1347 1386 paulo
1361 1320 1425 1387 post
1438 1316 1544 1383 (ibium
1571 1314 1684 1378 «Quam
1703 1313 1828 1367 rationem

206 1409 407 1475 misericordes,
429 1411 501 1462 sicut
524 1414 549 1463 et
570 1409 658 1466 Pater
680 1415 765 1462 uester
789 1411 945 1463 misericors
968 1413 1007 1462 est
1047 1403 1147 1457 aliems
1156 1403 1383 1474 potessipartum
1393 1401 1528 1473 praedicas
1537 1400 1674 1471 Virginis;
1688 1401 1828 1455 siredditos

208 1496 336 1564 tLuc.v1,
352 1495 406 1567 36).
423 1498 486 1551 Non
497 1502 592 1552 tamen
607 1497 715 1566 eadem,
732 1513 782 1552 seu
798 1497 913 1569 aequalis
925 1497 1008 1552 mise·
1047 1493 1141 1548 oculos
1155 1509 1212 1547 non
1227 1508 1314 1563 negas
1327 1492 1417 1559 caecis,
1430 1491 1455 1546 si
1464 1491 1590 1562 sepultos
1602 1488 1730 1544 ostendas
1745 1495 1829 1554 ²50

204 1583 328 1640 ricerdis
353 1589 446 1656 potest
469 1585 562 1639 inesse
587 1585 645 1641 Deo
671 1591 699 1640 et
722 1585 892 1640 hominibus.
918 1585 954 1640 Et
977 1586 1007 1640 in
1014 1581 1153 1681 Bredisse
1168 1597 1185 1634 a
1199 1581 1340 1636 mortuis?
1355 1581 1386 1636 Si
1398 1597 1464 1650 ergo
1474 1581 1579 1634 horum
1592 1583 1622 1632 et
1634 1577 1828 1648 incomprehen-

206 1671 359 1743 Evangelio
373 1673 528 1728 secundum
543 1674 693 1728 loannem:
710 1675 744 1728 Et
761 1691 817 1742 eqo,
834 1674 937 1746 inquit,
953 1677 1006 1729 clu·
1047 1669 1136 1724 sibilis
1150 1675 1194 1724 est
1207 1670 1289 1736 ratio,
1316 1674 1345 1724 et
1358 1669 1461 1724 veritas
1472 1672 1602 1741 prompta
1616 1671 1669 1733 est,
1689 1665 1790 1726 facilius
1803 1667 1828 1720 in

205 1762 321 1815 ritatem
335 1777 420 1831 quom
444 1763 544 1816 dedisti
566 1763 639 1817 mihi
652 1763 715 1816 dedi
730 1765 777 1828 eis,
797 1765 901 1817 etsist
915 1778 1007 1816 unam
1047 1757 1168 1828 negotiis
1182 1757 1248 1812 fidei
1261 1756 1428 1812 testimoniis
1442 1755 1566 1812 creditur
1579 1767 1665 1827 quam
1675 1753 1744 1808 ratio
1758 1754 1830 1808 vesti·

205 1851 280 1904 sicut
294 1854 319 1904 et
333 1865 381 1904 nos
396 1865 488 1904 snum
502 1866 598 1908 sumus
613 1850 705 1917 (loon.
720 1864 788 1916 xvrr,
804 1849 863 1922 22).
877 1852 911 1906 Et
924 1850 1004 1906 alibi:
1047 1851 1132 1916 gatur
1146 1846 1208 1916 lot,
1223 1845 1433 1918 investigatur].
1447 1864 1458 1897 s

206 1938 338 1992 Dilexisti
347 1953 401 2006 eos,
416 1941 489 1993 deut
501 1944 527 1993 et
539 1941 720 1994 meditanti
745 1939 838 2006 (thid,
851 1937 907 2010 235.
926 1939 1007 1994 Unde
1332 1944 1449 1999 CAPUT
1472 1944 1560 2000 xxn.

208 2029 240 2079 ct
249 2024 349 2080 beatus
359 2027 535 2098 Augustinus
549 2027 579 2082 in
594 2027 773 2099 Expositione
785 2029 911 2099 ejusdem
921 2029 1009 2083 Evan—
1084 2032 1214 2088 Probatis
1228 2049 1290 2104 quae
1303 2031 1417 2105 probari
1430 2031 1586 2105 oportebat,
1602 2036 1632 2087 et
1646 2031 1760 2086 exclusis
1775 2045 1830 2101 quse

120 2169 123 2176 ,
207 2113 276 2184 gelii
290 2114 330 2168 ait
347 2115 447 2185 l'l'raot.
465 2113 525 2187 10):
548 2117 641 2185 Neque
655 2120 849 2186 enimsemper
862 2120 1007 2186 ‹equaliter—
1049 2121 1157 2176 excludi
1171 2121 1243 2176 ratio
1259 2119 1404 2188 suadebat,
1414 2121 1474 2190 jam
1485 2119 1600 2174 tandem
1613 2118 1829 2191 quidencredss

209 2207 265 2256 tem
277 2205 418 2271 siqsiftcot
431 2207 482 2274 qut
493 2206 570 2270 dicit,
584 2207 656 2260 sicut
668 2206 751 2270 illud,
769 2208 809 2258 ito
821 2211 846 2260 et
860 2207 948 2261 illud:
964 2207 1008 2260 sed
1050 2214 1078 2264 et
1091 2209 1285 2264 credulitatem
1301 2215 1380 2264 tuam
1393 2209 1461 2280 quid
1475 2213 1619 2279 sequatur,
1635 2207 1782 2263 videamus.
1795 2206 1832 2261 Tu

208 2293 363 2361 aliquando
373 2296 568 2362 contammata
578 2295 707 2360 utillud,
715 2295 873 2361 estetillud,
885 2297 1008 2363 cutqtcic
1049 2297 1140 2352 credis
1160 2313 1263 2369 panem
1287 2299 1439 2369 vinumque
1460 2296 1613 2352 Dominicae
1636 2313 1747 2364 menses,
1767 2296 1832 2352 inter

208 2385 247 2437 cst
260 2382 335 2436 illud
347 2385 380 2435 ut
394 2384 431 2435 sit
445 2387 470 2436 et
483 2384 567 2437 illud.
1050 2386 1280 2454 consecrandum,
1293 2391 1431 2457 quantum
1440 2385 1477 2440 ad
1486 2384 1685 2452 substantiam,
1696 2385 1836 2441 immobilia

503 2479 621 2535 CAPUT
639 2481 713 2538 XXI.
1050 2491 1225 2547 permanere,
1239 2476 1293 2530 hoc
1306 2480 1349 2530 est
1362 2491 1465 2546 panem
1478 2479 1507 2529 et
1520 2475 1617 2529 vinum
1630 2475 1764 2530 exstitisse
1777 2479 1835 2529 ante

244 2567 295 2622 Est
307 2565 385 2622 aliud
403 2567 478 2638 quod
492 2566 623 2637 objicitis,
641 2568 716 2640 quod
731 2583 865 2624 concessa
877 2569 1010 2641 loquendi
1051 2565 1299 2631 consecrationem,
1323 2568 1353 2619 et
1365 2579 1468 2636 panem
1481 2563 1635 2635 vinumque
1653 2563 1766 2619 existere
1779 2568 1835 2635 post

206 2655 557 2712 facultatemultisinlocis
566 2655 854 2724 clamatisetdicitis:
868 2658 1010 2730 «Sipsnis
1050 2653 1311 2718 consecrationem,
1344 2651 1449 2707 Christi
1476 2668 1590 2707 earnem
1621 2669 1654 2707 ac
1680 2653 1835 2724 sangninem

207 2745 239 2800 in
260 2760 356 2800 veram
380 2743 484 2800 Christi
505 2761 619 2800 samem
644 2745 834 2814 convertitur;
858 2751 908 2801 aut
929 2746 1010 2817 panis
1049 2747 1199 2814 propterea
1224 2742 1317 2798 vocari
1345 2741 1428 2813 quod,
1459 2740 1489 2796 in
1516 2742 1684 2796 memoriam
1709 2741 1835 2796 crucibus

205 2832 366 2890 sustollitur
389 2833 419 2888 in
440 2833 551 2900 omium,
577 2839 610 2889 ut
632 2833 689 2889 illie
712 2833 742 2888 in
765 2832 869 2888 Christi
895 2849 1010 2888 carnem
1050 2831 1142 2886 carnis
1152 2831 1225 2886 etde
1236 2832 1324 2887 latere
1338 2830 1421 2885 effusi
1434 2829 1591 2902 angesinis,
1601 2830 1632 2885 in
1643 2830 1763 2886 Ecclesia
1773 2830 1836 2884 cele·

205 2921 405 2988 transferatur,
427 2926 478 2976 aut
497 2937 562 2976 caro
575 2921 681 2976 Christi
695 2922 731 2976 ad
744 2925 852 2975 terram
872 2921 1007 2990 defertur,
1050 2919 1176 2987 brentur,
1189 2923 1221 2974 ut
1233 2919 1408 2975 Dominieam
1420 2920 1579 2991 passionem
1589 2919 1701 2990 perhoc
1709 2919 1834 2973 admoniti

205 3014 242 3064 ut
254 3009 318 3066 istic
331 3010 362 3064 in
374 3025 438 3064 eam
451 3010 532 3080 panis
545 3014 744 3065 commutetur.
759 3009 845 3080 Atqui
859 3025 911 3064 nec
926 3010 1007 3080 panis
1017 2991 1039 3052 C
1049 3025 1161 3080 semper
1172 3009 1339 3078 recolamus,
1353 3013 1382 3062 et
1395 3009 1560 3075 recolentes,
1583 3023 1698 3063 carnem
1720 3013 1836 3062 nostrum

174 3151 177 3156 ,
204 3097 376 3165 sustollitur,
401 3113 531 3152 neccaro
546 3097 682 3152 defertur.
706 3097 770 3151 Non
784 3101 828 3151 est
840 3096 929 3166 igitur
942 3113 1008 3152 vers
1047 3113 1112 3153 cum
1126 3098 1202 3152 vitiis
1217 3103 1245 3151 et
1259 3096 1491 3168 concupiscentiis
1504 3097 1680 3152 incessanter
1698 3095 1833 3166 crucifiga-

205 3201 272 3243 osro
286 3186 316 3241 in
329 3201 414 3258 quam
428 3187 510 3258 panis
523 3187 705 3242 convertitur.
719 3204 731 3237 ι
750 3186 867 3240 llocvos
876 3186 1007 3256 colligitis
1048 3203 1111 3242 mus
1125 3187 1196 3254 (Cot.
1213 3200 1240 3252 v,
1255 3185 1310 3256 24).
1327 3186 1394 3250 Ques
1408 3185 1432 3240 si
1447 3201 1512 3240 vera
1526 3190 1593 3240 sunt
1607 3185 1800 3256 prestantiors
1811 3187 1837 3237 et

206 3275 363 3330 seeundum
385 3275 540 3330 humanam
568 3275 748 3346 sapientiam,
774 3289 830 3328 non
852 3275 1007 3329 secundum
1048 3272 1835 3329 diviniorafuemntsacramentaludaeorumsacramentis

205 3362 341 3418 divinam.
364 3363 497 3418 Humana
511 3367 605 3420 sutem
621 3362 760 3433 sapientia
772 3363 898 3432 perquiri
913 3363 1008 3418 divina
1049 3363 1282 3418 Christianorum.
1306 3362 1376 3426 Quis
1395 3364 1470 3417 euim
1483 3363 1591 3417 nesciat
1603 3377 1710 3418 manua
1722 3361 1792 3434 quod
1805 3361 1835 3414 de

205 3467 293 3524 opera
306 3450 437 3523 prohibet
449 3451 602 3524 Apostolus
615 3451 651 3505 ad
665 3453 806 3506 Romanos
818 3451 928 3506 dicens:
945 3453 1007 3507 Non
1047 3452 1116 3506 ooelo
1130 3451 1244 3524 pluebat
1257 3451 1403 3518 Dominus,
1430 3467 1481 3506 seu
1502 3451 1643 3506 animatas
1657 3456 1686 3506 et
1699 3449 1834 3505 sensibiles

204 3543 269 3610 plus
280 3555 373 3610 supere
384 3555 469 3610 quam
479 3544 580 3610 oportet
588 3555 692 3608 sapere,
703 3541 748 3594 sed
758 3555 852 3609 sapere
862 3541 899 3595 cd
908 3542 1007 3594 sobrie-
1046 3546 1190 3596 creaturas
1204 3556 1274 3612 quas
1288 3541 1407 3611 populus
1421 3540 1469 3595 ille
1481 3539 1640 3594 sacrificare
1652 3543 1832 3602 consueverat,

206 3633 290 3683 tatem
304 3628 393 3697 (Rom.
406 3627 514 3696 x11,3);
529 3633 559 3682 et
572 3626 608 3682 ad
623 3627 795 3684 Corinthios:
809 3629 905 3684 Sermo
919 3645 1004 3696 meus,
1047 3645 1134 3700 parva
1148 3629 1271 3684 buccella
1284 3631 1375 3699 panis,
1390 3629 1555 3700 modicoque
1567 3629 1626 3683 vini
1637 3627 1835 3701 prestantiores

205 3720 232 3770 ct
237 3719 398 3786 predicatio
408 3733 468 3771 meu
479 3731 535 3771 non
545 3719 576 3770 in
583 3718 813 3785 persuasibilibus
824 3717 954 3772 lcumena
965 3733 1007 3772 sc·
1048 3717 1207 3772 exstitisse?
1221 3718 1330 3773 Rursus
1340 3717 1402 3788 quis
1411 3733 1467 3772 non
1477 3717 1618 3787 intelligat
1629 3718 1748 3773 divinius
1758 3715 1835 3770 fiisse

205 3806 317 3874 pientia
328 3806 1005 3874 oerhc's,seds'nostensioncspiritusetuirtutis,ut
1047 3807 1237 3878 praenuntiare
1259 3807 1356 3861 futura
1379 3821 1464 3877 quam
1478 3822 1594 3861 narrare
1609 3806 1760 3878 praetsrits,
1777 3817 1835 3857 cum

204 3895 270 3963 fides
279 3899 369 3948 cestra
381 3909 438 3948 non
448 3895 485 3949 sit
496 3896 527 3948 in
538 3896 675 3962 sapientie
685 3895 843 3960 bominum,
853 3896 939 3950 sedin
949 3898 1007 3949 uir·
1045 3895 1115 3949 illud
1129 3911 1186 3949 non
1199 3895 1287 3965 possit
1300 3894 1391 3950 facere
1406 3895 1460 3950 nisi
1476 3894 1583 3966 Spiritu
1601 3895 1653 3950 Dei
1669 3896 1774 3966 plenus,
1788 3892 1835 3945 hoc

207 3984 323 4038 tutellei
336 3982 360 4054 (Ι
373 3983 434 4040 Ocr.
450 3995 482 4048 11,
497 3980 543 4052 l);
559 3986 588 4036 et
602 3982 638 4036 ad
653 3982 848 4037 colossenses:
870 3983 956 4037 Videte
971 3999 1005 4038 ne
1045 3988 1227 4053 autemsaepe
1250 3983 1335 4038 saciat
1348 3982 1437 4040 idiota
1460 3983 1546 4038 eham
1560 3984 1604 4038 vel
1626 3983 1743 4054 quilibet
1756 3982 1835 4052 impe·

204 4073 494 4142 quisvosdecipictper
497 4071 729 4144 philosophasset
736 4074 850 4126 inanem
857 4071 1003 4138 fallaciam
1044 4071 1140 4126 ritus?
1156 4071 1212 4126 Sed
1225 4069 1299 4125 absit
1311 4071 1364 4125 hoc
1375 4087 1393 4124 a
1405 4070 1529 4126 fidelium
1543 4070 1627 4126 corde
1642 4077 1671 4126 et
1685 4069 1834 4126 Christiana

202 4161 356 4215 secundum
364 4161 543 4214 traditionem
549 4160 705 4225 hominurn,
712 4161 864 4214 seeundum
871 4162 1004 4214 elementa
1044 4159 1243 4230 intelligentia!
1262 4158 1367 4214 Christi
1381 4173 1502 4229 namque
1517 4158 1599 4212 miles
1613 4158 1776 4213 Ambrosius
1790 4155 1834 4209 ills

203 4251 306 4304 mundi
320 4248 386 4320 (Oct.
403 4262 433 4315 ιι,
449 4246 486 4319 8).
500 4247 536 4302 Ει
548 4246 648 4302 beatus
663 4248 825 4319 Gregorius,
841 4249 870 4302 in
885 4248 1002 4302 homilia
1044 4247 1186 4314 inferiora,
1204 4248 1262 4302 haec
1276 4247 1429 4318 potiors‘et
1450 4246 1580 4317 digniora
1594 4263 1656 4302 esse
1669 4247 1699 4302 in
1713 4245 1780 4301 libro
1797 4245 1833 4298 De

202 4336 332 4391 Paschali
348 4335 391 4406 (26
402 4339 434 4390 in
447 4337 583 4406 daunai:
602 4336 789 4402 «Sciendum,
805 4336 907 4408 inquit,
923 4310 1342 4407 nobistysteriissonhrmst
1352 4335 1580 4407 dioens(eap.8):
1599 4336 1738 4391 «Summo
1748 4332 1834 4388 dudio

205 4431 249 4479 est
258 4423 333 4496 quod
341 4423 437 4479 dimna
446 4424 582 4496 operatio,
594 4424 618 4479 si
628 4425 736 4479 ratione
745 4424 1003 4496 comprehenditur,
1045 4427 1173 4480 volumus
1185 4423 1366 4496 comprobare
1378 4424 1447 4495 quia
1457 4429 1486 4478 et
1497 4423 1659 4495 antiquiora
1671 4429 1738 4479 sunt
1750 4438 1834 4478 sacra·

203 4516 316 4567 nonest
334 4511 519 4566 admirabilis.
538 4513 597 4567 Nee
609 4513 678 4567 fides
693 4513 779 4568 habet
799 4514 942 4582 meritum,
959 4513 1004 4569 cui
1044 4519 1141 4568 menta
1163 4514 1292 4568 ussisse
1315 4530 1401 4585 quam
1416 4514 1582 4585 synagogae,
1598 4519 1628 4568 et
1645 4511 1835 4586 prestantiora

204 4600 332 4656 humans
342 4601 416 4655 ratio
426 4599 533 4672 praebet
542 4601 798 4670 experimentum.»
812 4602 964 4675 Propterea
974 4603 1004 4656 in
1046 4619 1133 4673 quam
1143 4617 1248 4656 manna
1260 4607 1311 4656 est.
1326 4625 1339 4652 ι
1355 4603 1390 4656 Ει
1401 4602 1485 4673 paulo
1496 4607 1560 4673 post
1572 4603 1647 4674 (cap.
1658 4603 1684 4672 9)
1696 4621 1703 4656 :
1717 4599 1836 4656 «Proba-

205 4694 286 4744 tanta
307 4705 403 4744 rerum
425 4689 618 4760 profunditate
632 4689 723 4760 magis
743 4691 869 4762 oportuit
880 4695 909 4746 te
923 4707 1004 4756 orare
1043 4697 1106 4748 tum
1120 4697 1163 4746 est
1177 4691 1338 4762 antiquiora
1350 4707 1411 4746 esse
1425 4691 1554 4746 Ecclesia
1568 4697 1755 4758 sacramenta,
1767 4703 1836 4744 nunc

206 4777 578 4850 Deum,utautintelligeres
587 4795 648 4856 quae
657 4779 842 4850 probumana
851 4780 1005 4851 capacitate
1046 4796 1181 4851 cognosce
1194 4781 1339 4852 potiora.»
1360 4781 1395 4834 Et
1408 4784 1472 4850 post
1485 4779 1589 4850 aliqua,
1606 4779 1758 4850 cognomsti
1769 4794 1836 4849 pra-

205 4865 327 4937 intelligi
341 4873 469 4939 possunt,
485 4873 536 4923 aut
547 4868 695 4940 patienter,
711 4872 741 4922 et
749 4869 894 4924 humiliter
904 4870 1002 4938 ferres,
1046 4869 1202 4924 stantiora:
1230 4869 1353 4923 «Potior
1377 4874 1420 4923 est
1441 4869 1489 4922 lux
1515 4884 1600 4939 quam
1613 4867 1724 4936 umbra,
1739 4866 1836 4922 veritas

206 4960 236 5010 et
250 4961 348 5010 tamen
361 4955 490 5012 crederes
502 4973 563 5028 quse
577 4957 607 5012 in
619 4960 699 5011 tanto
714 4973 816 5012 arcano
831 4957 946 5013 humani
960 4959 1004 5012 in·
1046 4959 1255 5029 quamfigura.r
1266 4943 1833 5033 Item,inquertoDesacramenh'slcsp.3t:

205 5044 283 5116 genii
298 5044 371 5099 vires
386 5046 534 5112 excedunt,
551 5051 580 5101 et
590 5046 620 5101 in
629 5046 681 5101 hae
691 5047 749 5101 vita
760 5046 878 5116 intedigi
890 5047 1005 5102 minime
1049 5067 1060 5097 s
1075 5046 1176 5118 Accipe
1189 5063 1250 5116 quse
1262 5045 1334 5112 dico,
1348 5045 1484 5100 diviniora
1498 5061 1559 5102 esse
1576 5051 1753 5102 sacramenta
1764 5042 1836 5098 Chri-

205 5139 333 5205 possunt,
351 5150 437 5206 quam
450 5135 529 5192 litem
540 5151 661 5202 movere,
675 5133 710 5188 ab
720 5134 871 5189 universali
883 5135 1006 5192 Ecclesia
1046 5135 1202 5190 stisnorum
1216 5150 1301 5205 quam
1314 5135 1329 5188 J
1331 5133 1485 5189 udaeorum.
1500 5153 1512 5186 s
1529 5135 1603 5204 Ergo
1616 5135 1689 5190 salsa
1701 5137 1766 5189 sunt
1779 5146 1836 5203 que

205 5222 365 5292 dissentire,
385 5239 489 5281 novum
503 5224 624 5279 schisma
636 5222 728 5278 verbis
742 5228 770 5277 et
784 5223 894 5294 seriptis
907 5229 1006 5280 conns
1045 5223 1188 5296 proponis.

204 5316 366 5367 sanctorum
386 5313 504 5369 Petrum
518 5317 659 5384 praecepta
671 5311 785 5366 inferre.
810 5312 937 5368 Profecto
952 5314 1004 5369 hoe
1080 5313 1218 5384 Amplius.
1236 5311 1266 5367 Si
1279 5327 1376 5366 rerum
1388 5317 1432 5368 est
1442 5313 1517 5384 quod
1525 5314 1560 5369 de
1570 5328 1687 5385 corpore
1696 5307 1798 5367 Christi
1806 5312 1836 5360 tu

204 5398 288 5453 modo
310 5416 409 5470 ageres
433 5401 508 5474 quod
533 5401 579 5472 agi
601 5405 730 5473 oportere
757 5400 883 5471 precipit
909 5401 1005 5472 Legis-
1046 5400 1136 5456 credis
1147 5406 1176 5455 et
1186 5401 1300 5468 astruis,
1311 5401 1414 5456 falsum
1427 5407 1470 5456 est
1478 5399 1596 5472 quodsb
1604 5399 1727 5457 Ecclesia
1737 5397 1835 5466 ubique

204 5485 279 5544 lator
292 5487 405 5544 dicens:
431 5491 471 5546 Nc
495 5491 712 5559 troruqredicris
736 5491 867 5544 terminos
888 5495 1005 5560 petrum
1045 5489 1173 5560 gentium
1187 5489 1222 5544 de
1236 5489 1335 5544 eadem
1351 5505 1382 5544 re
1395 5488 1519 5546 creditur
1533 5494 1562 5544 et
1575 5487 1722 5548 astruitur.
1736 5487 1835 5544 Omnes
