3856 6176
223 217 276 274 lev
707 215 740 271 Β.
761 214 969 272 Lnnsnnnnl
988 205 1169 272 CANTUAR.
1189 219 1358 282 ARCHIDP.
1780 253 1826 326 43⁸

222 342 387 398 remittitur.
403 342 479 398 Nulli
490 342 555 398 licet
564 341 786 405 centumlevare,
802 340 857 394 nisi
867 339 927 411 ipse
939 338 1016 410 prius
1026 342 1049 400 A
1061 340 1107 394 liae
1118 341 1156 396 Sit
1169 347 1202 398 ul
1216 361 1312 401 eorum
1327 349 1453 404 custodia
1468 351 1495 407 ei
1518 361 1701 420 commendari
1730 369 1826 432 debea.

222 429 354 502 incipiat;
371 432 459 502 ipsios
473 435 517 484 est
526 430 766 486 omnesimtresin
776 428 872 483 tabula
881 428 1018 482 adomnia
1368 438 1485 496 CAPUT
1499 442 1546 499 VI.

224 520 316 576 oslicia
330 520 474 586 adnotare,
499 536 555 574 non
578 519 753 574 considerato
768 517 957 572 conversionis
971 534 1017 571 or·
1252 526 1289 578 ΒΘ
1302 531 1448 582 scel'vlffl'l'v
1461 547 1508 585 ⁸⁶¹⁴
1522 539 1645 593 lactitia-

219 608 294 676 dine,
308 615 357 664 aut
369 610 512 664 voluntate
522 625 629 672 eorum,
646 608 695 662 sed
719 608 871 662 secundnm
893 606 968 676 quod
991 605 1016 660 ei
1092 609 1291 666 adsenseum
1308 615 1430 672 cilicium
1446 620 1569 689 pertinet
1582 629 1672 684 omnia
1685 646 1831 696 ornamenta

219 697 307 751 visam
324 697 418 762 fuerit,
434 699 610 752 honestatem
631 701 682 752 aut
695 695 906 750 aedificationem
920 695 950 749 in
963 696 1017 750 hoc
1058 700 1230 767 monasterii,
1243 708 1272 756 et
1286 703 1380 758 omnia
1393 705 1592 780 instrumenta,
1610 721 1638 770 et
1650 723 1832 790 supellectilem

218 785 367 856 vigilanter
380 787 579 841 consideranti.
1057 801 1118 855 quae
1132 788 1168 841 ad
1184 789 1276 860 ipsum
1304 795 1505 852 monasterium
1534 803 1671 871 pertineat
1695 815 1828 884 custodire,

253 875 284 928 In
298 874 496 930 festivitatibus
509 891 570 946 qna
582 875 655 929 liunt
677 874 706 928 in
725 872 830 946 cappis,
846 873 1014 928 secretarius
1056 873 1139 930 horas
1165 880 1307 952 proaedere
1332 882 1374 951 [so
1391 887 1546 954 providere,
1574 896 1613 948 vel
1634 898 1794 973 praevidere]‚
1807 905 1832 960 in

217 962 300 1017 debet
309 963 412 1034 eligere
427 964 501 1036 quod
516 979 585 1034 opus
600 963 685 1018 fuerit
696 964 731 1016 de
744 961 905 1017 melioribus
918 963 1014 1033 cappis
1055 963 1202 1020 duodecim
1217 968 1385 1026 lectionibus
1399 977 1580 1043 pronuntiato
1594 981 1737 1054 Evangelio
1746 989 1773 1044 in
1785 999 1833 1047 ter·

217 1067 313 1106 earum
327 1069 388 1124 quac
403 1053 463 1124 ipso
477 1053 523 1107 die
533 1052 672 1108 habentur
683 1053 713 1106 in
726 1053 821 1112 choro,
837 1059 865 1106 ct
879 1057 944 1106 ante
962 1051 1014 1106 ini·
1055 1050 1093 1106 tio
1107 1060 1253 1124 nocturno,
1268 1064 1297 1112 et
1310 1057 1455 1116 intestinis
1470 1067 1584 1135 octavis,
1601 1071 1688 1127 altare
1702 1075 1832 1151 discoope-

214 1139 287 1196 tium
298 1142 389 1195 missae
400 1158 504 1212 ponere
519 1158 566 1196 eas
579 1158 664 1212 supra
674 1141 799 1195 dextram
815 1141 934 1196 foratam
950 1141 1013 1194 cho·
1054 1141 1120 1208 rire,
1137 1148 1243 1198 textum
1257 1151 1327 1202 tunc
1347 1148 1377 1202 in
1391 1151 1552 1208 vestiarium
1567 1165 1688 1228 portare,
1703 1180 1781 1234 quem
1794 1185 1833 1222 sa·

216 1229 248 1284 ri.
267 1230 372 1284 Cantor
383 1247 448 1284 vero
464 1230 614 1284 distribuat
633 1247 681 1284 eas
707 1229 840 1285 fratribus
866 1229 922 1284 illis
943 1245 1012 1300 quos
1053 1230 1150 1286 cordos
1164 1232 1246 1299 ierat,
1263 1252 1326 1291 cum
1340 1237 1370 1292 in
1385 1256 1474 1312 cappa
1498 1260 1548 1314 per
1571 1247 1694 1319 singulos
1707 1253 1764 1310 dies
1775 1273 1834 1327 pro·

215 1334 309 1373 secum
322 1319 352 1372 in
365 1318 450 1374 choro
464 1319 568 1373 habere
578 1319 715 1387 volaervt;
731 1319 793 1390 ipsa
807 1317 882 1372 enim
906 1335 1012 1390 cappa·
1053 1321 1167 1376 cesserit
1179 1323 1215 1376 ad
1228 1323 1326 1392 altare,
1343 1329 1481 1385 sacerdoti
1495 1332 1530 1387 ab
1541 1335 1623 1391 altari
1637 1340 1672 1394 ad
1685 1345 1833 1415 analogium

214 1423 277 1462 rum
292 1407 453 1462 distributio
473 1425 571 1463 eorum
598 1412 641 1462 est
655 1408 691 1461 ad
715 1407 869 1478 regendum
892 1407 1009 1478 chorum
1052 1424 1162 1465 reverso
1178 1411 1342 1468 absconsam
1357 1422 1553 1476 cnm·candela
1563 1425 1731 1496 ministrare,
1747 1433 1833 1488 sinita-

214 1495 369 1556 advocatio.
395 1497 544 1567 nullusque
568 1513 664 1550 eorum
680 1503 745 1550 ante
762 1498 846 1550 linem
862 1496 953 1550 misse
975 1496 1009 1550 de
1051 1515 1105 1568 que
1120 1501 1235 1556 collecta
1246 1505 1374 1560 eamdem
1386 1507 1549 1569 absconsam
1561 1515 1694 1587 recipere,
1707 1525 1736 1575 et
1749 1527 1837 1592 postea

212 1585 297 1638 choro
312 1583 395 1639 debet
410 1586 540 1639 recedere
555 1585 690 1654 sineejus
706 1585 826 1639 licentia.
1050 1591 1157 1642 textum
1173 1607 1277 1660 ponere
1296 1611 1381 1666 super
1395 1597 1492 1654 altare.

247 1669 353 1724 Cantor
368 1686 441 1737 vero,
466 1671 656 1740 cujuscunque
669 1669 774 1724 ordinis
791 1671 834 1723 vel
846 1670 936 1724 aetatis
959 1653 1041 1736 sit,B
1085 1677 1176 1747 Ipsius
1203 1685 1246 1734 est
1271 1681 1351 1753 signa
1371 1686 1493 1755 pulsare,
1510 1691 1553 1744 vel
1568 1693 1690 1762 qualiter
1702 1698 1838 1767 pulsentur

209 1756 239 1812 in
254 1758 453 1814 medioeorum
465 1758 548 1813 debet
562 1775 622 1813 esse
633 1759 660 1813 io
671 1760 765 1813 choro.
783 1758 1008 1829 Quotiescunque
1050 1764 1112 1819 aliis
1125 1766 1259 1830 indicare,
1275 1770 1310 1824 de
1324 1772 1401 1828 nulla
1415 1775 1620 1836 benesonanda
1630 1799 1647 1837 a
1656 1787 1751 1856 quovis
1762 1787 1838 1843 licen·

209 1851 302 1902 textus
315 1852 365 1902 aut
375 1847 549 1902 thnribulum
561 1848 679 1902 affertur
692 1847 744 1912 eis,
761 1852 912 1919 atrumque
930 1847 1008 1918 prius
1049 1854 1117 1908 tiam
1132 1857 1213 1925 petit,
1228 1858 1283 1914 nisi
1296 1859 1330 1914 de
1349 1862 1408 1916 sola
1435 1865 1527 1936 prima
1541 1873 1569 1923 et
1584 1871 1743 1939 collatione,
1766 1893 1838 1932 ence-

209 1935 318 1990 canlori
333 1937 475 2000 offeratur,
489 1936 543 1990 nisi
558 1935 659 2007 aliquis
669 1937 825 2007 episcopus,
847 1936 889 1990 vel
910 1935 1005 2000 abbas,
1048 1947 1096 2012 pto
1110 1944 1145 1997 de
1158 1946 1242 2000 tertia
1256 1953 1284 2001 et
1298 1951 1430 2021 vesperis,
1445 1969 1509 2008 cnm
1519 1956 1701 2028 loquentibus
1712 1963 1837 2021 fratribus

209 2039 259 2078 sea
271 2024 362 2094 major
374 2025 460 2094 prior,
485 2025 529 2079 vel
543 2024 590 2078 ille
610 2025 660 2094 qai
684 2030 763 2079 tenet
776 2025 903 2079 ordinem
918 2024 957 2079 ibi
970 2025 1007 2080 sit
1047 2029 1133 2086 abbas
1145 2033 1175 2087 in
1190 2035 1312 2092 claustro
1326 2040 1414 2095 sedet.
1430 2042 1568 2100 candelas
1584 2064 1637 2119 per
1646 2051 1773 2108 officinas
1786 2054 1837 2109 dis·

208 2112 283 2166 inter
307 2128 363 2166 cos.
405 2113 510 2167 Cantor
535 2113 565 2166 in
593 2113 690 2168 dextm
711 2114 795 2168 choro
824 2131 934 2186 semper
957 2115 1002 2180 sit,
1045 2119 1153 2188 tribuit,
1182 2125 1335 2180 secundum
1350 2130 1425 2199 quod
1443 2148 1514 2202 opus
1527 2133 1624 2198 fuerit,
1650 2145 1680 2194 et
1701 2140 1784 2196 abbas
1798 2143 1837 2198 vel

210 2204 239 2253 ot
252 2199 320 2254 dnm
334 2189 539 2256 tenetchorum
555 2200 691 2272 quidquid
705 2201 812 2272 incipit,
840 2203 896 2256 sive
920 2204 1005 2270 aava
1045 2208 1123 2278 prior
1137 2214 1310 2285 preceperit.
1333 2216 1374 2272 De
1388 2221 1548 2290 sepulturis,
1566 2230 1627 2281 tam
1643 2231 1838 2288 monachorum

206 2290 317 2355 cle-ison,
333 2289 390 2344 sive
404 2289 479 2344 aliud
495 2289 667 2359 hujusmodi,
694 2289 791 2345 dexter
811 2290 911 2346 choras
925 2293 1003 2364 prius
1045 2314 1130 2369 qaam
1142 2300 1288 2372 laicarum,
1303 2321 1399 2362 curam
1421 2310 1504 2379 gerit,
1518 2317 1549 2367 ut
1564 2314 1698 2373 videlicet
1722 2319 1798 2387 liant,
1813 2327 1839 2378 et

205 2377 341 2448 suscipiat
355 2378 428 2449 qnod
439 2377 473 2433 ab
489 2395 522 2432 eo
536 2378 688 2450 inceptum
704 2379 797 2446 luerit,
815 2385 843 2434 et
869 2385 1003 2452 sequatur
1043 2385 1092 2441 ubi
1105 2389 1184 2444 fiant.

204 2465 307 2538 ipsum,
1078 2475 1127 2531 Sui
1139 2478 1223 2534 ollicii
1238 2487 1281 2536 est
1301 2484 1401 2540 calices
1420 2485 1462 2543 bis
1481 2490 1510 2544 ia
1534 2491 1726 2562 hebdomada,
1742 2503 1799 2564 aut
1818 2496 1840 2553 si

240 2555 345 2610 Omnes
360 2556 408 2627 qui
426 2557 455 2610 in
480 2558 564 2612 choro
574 2561 650 2622 sunt,
667 2557 792 2613 inclinati
809 2558 922 2630 quidem
937 2576 1003 2614 can·
1043 2580 1112 2634 opus
1136 2566 1230 2636 fuerit,
1248 2571 1349 2642 saepius
1363 2574 1465 2640 lavare,
1480 2582 1638 2650 corporalia
1653 2601 1765 2658 quoque
1779 2593 1840 2642 ante

202 2643 400 2710 tentSonclas,
414 2652 533 2710 sanctus,
551 2653 671 2712 soractae,
696 2647 749 2702 nisi
768 2663 864 2702 versus
879 2648 1001 2719 interpo·
1042 2654 1147 2710 Pascha
1162 2673 1274 2730 semper
1289 2667 1317 2715 et
1331 2665 1440 2733 quoties
1454 2667 1651 2738 reliquisanni
1662 2675 1791 2746 partibus
1801 2695 1842 2732 ex·

203 2737 308 2786 uantur
322 2751 329 2798 ;
345 2733 430 2787 erecti
450 2750 514 2788 vero
530 2736 663 2790 Donata-us
681 2739 751 2790 ilcvu
766 2738 887 2803 sabaotb,
910 2744 939 2791 et
951 2755 1001 2792 cec-
1040 2743 1125 2814 pedit,
1140 2751 1300 2820 utrumque,
1316 2751 1341 2806 si
1354 2752 1487 2810 diaconus
1501 2765 1552 2814 aut
1566 2762 1720 2835 presbyter
1732 2766 1790 2834 sit;
1819 2766 1843 2820 si

202 2825 273 2873 tera.
293 2821 399 2876 Cantor
411 2821 491 2876 atilli
502 2822 622 2893 quicum
635 2827 844 2878 cosanttotom
858 2825 942 2879 erecti
956 2841 1000 2878 ca·
1041 2849 1106 2888 vero
1122 2835 1237 2904 nonsit,
1254 2839 1341 2909 priori
1355 2843 1398 2896 vcl
1418 2843 1512 2901 abbati
1540 2848 1681 2920 indicare,
1707 2860 1737 2909 et
1759 2855 1844 2927 ipsius

199 2909 335 2965 nant.lld
346 2910 476 2964 collectas
486 2927 592 2974 omncs,
609 2917 637 2965 ct
647 2913 848 2967 cumsaccrdos
858 2912 925 2967 dicit
934 2915 1153 2990 Ora-clicentia
1181 2925 1274 2992 alieni,
1301 2930 1349 3000 qui
1376 2932 1459 3002 hujus
1472 2937 1579 2993 ordinis
1593 2941 1642 3008 sit,
1660 2942 1736 2997 hanc
1749 2960 1843 2999 curam

199 3001 223 3050 lc
238 2999 351 3064 [ratres.
367 2999 549 3054 etcdtotum
565 3002 646 3056 Pater
661 3006 750 3055 noster
762 3001 940 3066 inclinentur,
951 3002 1000 3056 sed
1041 3014 1254 3082 commendare3
1271 3017 1395 3075 lavandis
1410 3026 1601 3095 corporalibus
1632 3033 1846 3105 quantapossit

198 3086 233 3139 ad
249 3089 332 3140 linem
355 3086 444 3158 ipsius
472 3091 551 3142 Pater
579 3094 678 3152 noster,
695 3106 830 3161 responso
844 3089 893 3144 Sub
909 3093 996 3145 libera
1038 3099 1384 3176 diligentiaadhibeatnr3
1398 3126 1565 3181 vasaaenea,
1596 3119 1636 3172 ad
1665 3121 1762 3176 nullos
1776 3122 1843 3176 alios

197 3191 246 3230 12⁰³
261 3191 279 3229 a
294 3177 377 3242 itala
394 3175 548 3246 erigantur,
565 3178 638 3248 quod
658 3179 721 3233 aliis
735 3195 790 3234 1¹⁰ss
808 3179 881 3234 licel-
1036 3206 1105 3244 usns
1119 3191 1269 3255 destinata,
1285 3195 1320 3250 ad
1336 3197 1472 3270 hocopus
1491 3203 1656 3262 habeantur
1669 3229 1677 3277 ;
1703 3227 1847 3283 aquaque

234 3263 338 3319 Eodem
352 3264 436 3318 modo
452 3267 494 3330 lit,
507 3281 571 3320 cum
597 3269 627 3320 in
649 3267 728 3321 festis
743 3268 771 3322 in
782 3267 853 3322 albis
867 3269 943 3324 solus
953 3269 996 3322 vel
1037 3278 1175 3346 lavantur,
1190 3280 1261 3337 sicut
1270 3288 1298 3338 et
1312 3285 1440 3355 calicum,
1452 3289 1481 3343 in
1492 3294 1653 3350 sacrarium
1668 3299 1844 3369 projiciatur3

196 3367 260 3405 cam
275 3352 466 3407 aliischorum
481 3358 567 3419 tenet,
588 3356 662 3425 quod
679 3373 735 3410 non
763 3355 828 3410 licet
856 3356 881 3410 ei
904 3356 995 3428 quiin
1036 3366 1109 3433 lotis,
1126 3369 1193 3424 dum
1213 3371 1361 3442 siccantur,
1389 3393 1424 3431 ne
1444 3379 1545 3452 aliquae
1560 3385 1666 3440 sordes
1682 3387 1849 3444 adhaereant

194 3439 347 3494 Dominicis
361 3444 389 3494 et
403 3441 564 3510 hujusmodi
579 3443 662 3499 sestis
677 3443 913 3499 hebdomadarius
928 3462 995 3499 can·
1036 3456 1167 3512 omnibus
1181 3459 1271 3516 modis
1285 3463 1474 3534 provideatur,

195 3533 241 3583 tor
255 3528 371 3585 exstitit.
1070 3545 1144 3600 Cara
1158 3547 1279 3604 faciendi
1292 3551 1398 3608 hostias
1409 3567 1620 3627 supereumcst
1633 3581 1639 3630 ;
1652 3581 1719 3636 quae
1725 3535 1849 3622 utmnuss

230 3617 261 3672 ΙΙ]
277 3616 407 3672 omnibus
417 3619 563 3691 praecipuls
586 3621 820 3684 solemnitatibus.
847 3639 910 3678 cum
933 3640 994 3680 eve·
1034 3633 1149 3691 dissime
1164 3641 1193 3691 et
1208 3637 1405 3698 honestissime
1427 3645 1505 3714 liant,
1522 3665 1716 3725 summopere
1732 3655 1848 3710 studere

192 3705 318 3761 niuntin
345 3707 497 3763 Dominicis
522 3708 630 3776 diebus,
648 3710 829 3766 scribaturin
845 3713 991 3768 tabulaad
1033 3721 1125 3778 debet.
1154 3726 1185 3779 In
1214 3727 1321 3798 primis,
1337 3729 1550 3805 silueripotest,
1575 3739 1765 3798 frumentum
1781 3761 1846 3799 cum

193 3794 316 3849 osticium
328 3795 428 3860 missae,
457 3803 485 3851 et
503 3814 566 3852 cum
581 3815 613 3852 eo
628 3800 683 3854 duo
698 3815 768 3870 quos
781 3801 840 3872 ipse
855 3803 985 3861 volucrit.
1031 3805 1133 3882 magno
1149 3814 1242 3869 studio
1254 3819 1396 3886 ganeam
1406 3821 1537 3892 eligatur,
1549 3826 1681 3885 electum
1691 3833 1724 3888 jn
1735 3834 1847 3888 sacculo

193 3882 460 3957 Dethuribulopost
471 3886 641 3942 offerendam
652 3888 677 3942 ei
688 3889 847 3956 descrendo,
860 3891 989 3962 superius
1031 3901 1146 3968 mundo,
1163 3909 1190 3956 et
1205 3903 1240 3958 de
1251 3903 1325 3960 bono
1340 3925 1432 3978 panno
1446 3911 1520 3967 facto
1534 3919 1562 3968 et
1575 3915 1613 3970 ad
1631 3917 1691 3974 hoc
1701 3937 1776 3993 opus
1786 3928 1848 3976 tan-

192 3971 297 4028 dictum
312 3977 364 4028 est.
1030 3991 1090 4043 tum
1105 3995 1235 4058 ponatur,
1253 3998 1281 4046 et
1294 4009 1312 4048 a
1325 3995 1430 4052 famulo
1446 3997 1510 4054 boni
1536 4003 1630 4060 studii
1646 4007 1687 4062 ad
1704 4011 1848 4066 molendi-

226 4062 296 4116 Cum
311 4063 344 4116 sit
356 4079 426 4134 opus
441 4080 586 4131 manuam,
602 4064 690 4136 ipsius
705 4071 746 4121 ost
766 4073 816 4122 aut
832 4068 925 4139 legere
939 4074 989 4124 aut
1029 4093 1097 4130 nuni
1112 4078 1263 4134 deleratur.
1281 4083 1340 4147 Quo
1353 4086 1445 4141 delato
1470 4089 1594 4147 famulus
1610 4095 1698 4152 aliud
1715 4099 1847 4154 frumen·

180 4151 478 4222 -magistroinfantum
493 4154 707 4226 ostenderequo
721 4155 751 4210 in
765 4157 987 4214 locoinfansde·
1028 4171 1088 4220 tum
1116 4167 1145 4221 in
1173 4168 1234 4240 ipso
1247 4170 1405 4230 molendino
1420 4177 1577 4249 moliprius
1590 4183 1698 4252 faciat,
1717 4189 1848 4254 utillud,

189 4238 410 4296 beatlectionem
423 4241 555 4313 incipere.
993 4245 1100 4310 Dunde
1114 4257 1212 4312 hostiae
1228 4259 1289 4314 fleri
1304 4261 1415 4328 debent,
1442 4265 1503 4320 sine
1528 4268 1630 4340 aliqua
1661 4276 1754 4330 sorde
1780 4279 1850 4332 moli

222 4330 255 4383 ln
268 4329 420 4384 Dominicis
434 4331 533 4387 diebos
547 4338 576 4388 et
587 4334 749 4404 hujusmodi
765 4334 852 4403 festis,
865 4335 986 4410 incepta
1026 4349 1123 4416 postea
1137 4347 1237 4402 valeat.
1253 4349 1407 4420 Repertata
1429 4352 1520 4410 farina
1534 4362 1721 4419 secretarius
1745 4382 1798 4422 vas
1822 4373 1852 4422 et

187 4418 331 4473 offerenda
345 4419 460 4474 accedat
473 4421 521 4492 qui
545 4422 661 4478 choram
675 4429 754 4479 tenet
780 4425 815 4480 ad
829 4430 982 4495 cantorem,
1026 4433 1117 4489 locum
1132 4452 1188 4506 quo
1198 4436 1290 4492 surina
1303 4437 1425 4496 buletari
1439 4439 1531 4510 debet,
1545 4445 1721 4508 incircuitu
1735 4457 1851 4510 corana

185 4505 324 4576 iaciatque
339 4506 381 4560 illi
403 4507 515 4577 signum
540 4509 691 4581 incipiendi
705 4529 801 4568 versus
825 4515 981 4572 offerendas.
1024 4529 1123 4594 paret3
1139 4525 1258 4596 ipsemet
1271 4544 1346 4590 vero,
1361 4527 1476 4586 indatus
1500 4532 1565 4588 alba
1590 4543 1623 4591 ct
1653 4541 1758 4598 velato
1774 4544 1850 4600 ami·

185 4593 229 4648 Ad
243 4593 334 4665 ipsum
346 4594 419 4648 enim
431 4597 553 4666 pertinet
566 4603 633 4652 tunc
647 4599 770 4673 incipere
785 4619 833 4658 eos
847 4604 942 4673 etiam,
958 4606 982 4661 si
1024 4617 1070 4667 ctu
1085 4613 1184 4684 capite,
1200 4615 1253 4672 hoc
1271 4633 1341 4688 opus
1354 4623 1429 4690 agat,

186 4687 333 4737 succentor
346 4683 462 4738 chorum
478 4689 583 4740 teneat.
600 4688 769 4745 Cantorviso
779 4690 983 4762 signoinclinet
1058 4701 1099 4756 Ea
1113 4707 1208 4758 autem
1221 4705 1267 4760 die
1280 4723 1335 4777 qua
1345 4707 1510 4765 hostiaelieri
1520 4711 1849 4789 debent‚secretarius,

184 4771 220 4838 ei,
232 4777 261 4825 ct
274 4772 509 4830 hebdomadarius
522 4781 620 4833 cantor
632 4778 762 4834 similiter
775 4779 838 4852 ipsi.
850 4783 882 4837 ln
891 4789 982 4855 coepto
1023 4796 1052 4845 et
1065 4791 1166 4846 iratres
1180 4793 1228 4863 qui
1244 4811 1308 4850 enm
1320 4796 1419 4866 juvare
1446 4798 1558 4866 debent,
1585 4810 1761 4879 ariteqoam
1777 4813 1856 4880 inci-¹

183 4876 353 4934 unoquoque
368 4878 459 4929 versu,
474 4869 571 4920 cssssmr
597 4873 663 4922 mlle
690 4874 718 4924 el
740 4873 816 4924 reim
841 4871 935 4938 saciat,
951 4879 980 4928 el
1021 4880 1110 4952 piant,
1124 4897 1225 4937 manus
1238 4889 1268 4938 et
1288 4884 1372 4940 iacies
1386 4887 1487 4946 lavent.
1506 4889 1577 4946 albis
1597 4892 1790 4968 induantur,
1807 4919 1854 4958 oa.

184 4965 282 5004 Omnes
296 4949 417 5006 infames
428 4951 576 5012 inclinent·
1019 4969 1080 5040 pita
1091 4970 1240 5026 amictibus
1252 4971 1354 5040 velent,
1368 4981 1543 5047 preteream
1567 4981 1620 5051 qui
1648 4985 1738 5044 ferra
1752 4996 1854 5048 tentu-

218 5039 310 5111 Ipsius
325 5047 368 5095 est
384 5040 528 5098 notificare
557 5044 651 5099 abbati
668 5063 765 5102 omnes
784 5053 883 5104 canius
909 5070 979 5124 quas
1019 5075 1069 5114 rus
1081 5059 1183 5114 eliade
1196 5061 1351 5118 serviturus
1365 5069 1415 5120 est.
1429 5066 1536 5122 Horum
1553 5085 1632 5127 unus
1649 5091 1750 5148 super
1764 5081 1853 5136 tabu-

180 5128 240 5200 ipse
252 5135 348 5185 cantat
373 5130 416 5185 vel
441 5131 548 5203 incipit.
577 5135 653 5188 Cura
679 5133 820 5204 Brevium,
837 5139 885 5210 qui
903 5141 978 5197 foras
1018 5147 1075 5202 lam
1091 5148 1304 5206 mundissimam
1316 5151 1405 5224 ipsam
1421 5155 1539 5212 farinam
1550 5175 1632 5230 aqua
1648 5177 1853 5242 conspergat,

180 5219 257 5274 mitti
272 5221 363 5275 solent
376 5235 426 5292 pro
436 5219 575 5276 defunctis
594 5222 738 5294 fratribus,
760 5233 790 5282 et
800 5244 867 5284 cura
880 5247 978 5287 nume·
1019 5242 1048 5292 et
1059 5237 1189 5294 manibus
1201 5238 1313 5296 fortiter
1325 5243 1485 5316 compingat
1506 5253 1535 5302 et
1548 5261 1706 5322 maceret;
1742 5259 1850 5325 frater,

181 5309 263 5363 randi
278 5308 429 5364 tricenaria
439 5315 468 5364 et
478 5312 647 5382 septenaria,
655 5314 689 5368 ad
701 5331 765 5370 cum
774 5317 896 5388 pertinet
911 5340 917 5388 ;
942 5321 977 5376 de
1019 5326 1067 5398 qui
1081 5328 1165 5394 ferra,
1179 5327 1209 5382 in
1223 5327 1324 5398 quibus
1348 5340 1515 5405 coquantur,
1529 5341 1620 5406 tenet,
1640 5358 1762 5403 manus
1792 5350 1856 5405 chi.

180 5397 318 5452 aniversis
332 5399 496 5454 monasterii
508 5399 586 5455 libris
596 5417 692 5458 curam
716 5411 806 5476 gerat,
833 5413 863 5462 et
886 5425 934 5466 eos
947 5410 976 5467 in
1018 5415 1254 5472 rothecishabeat
1267 5416 1416 5476 involutas.
1443 5424 1559 5480 Interim
1584 5425 1666 5486 dum
1699 5435 1780 5506 ipsae
1795 5438 1852 5492 ιω.

181 5486 308 5544 custodia
321 5503 374 5542 sua
388 5487 500 5558 habeat,
512 5489 535 5545 si
549 5491 610 5562 ejus
624 5493 721 5564 studii,
736 5500 832 5564 280
844 5503 873 5553 et
886 5499 976 5555 scien·
1018 5504 1078 5558 stite
1088 5505 1367 5578 fiuntetcoquunlur‚
1380 5509 1475 5567 dicant
1483 5512 1568 5570 iidem
1577 5515 1700 5578 fratres
1711 5525 1856 5596 psalmos
