3872 6162
249 265 301 324 927
774 281 803 338 S.
824 283 1020 341 GUlLLELlss
1039 285 1192 342 ABBATIS
1209 283 1380 348 fllusnuu.

322 395 356 453 In
370 399 464 455 Altha.
1055 415 1079 476 Α
1157 413 1370 485 salzburgense.

320 485 355 542 In
370 486 543 561 Declingen.
1029 512 1033 518 ’
1159 503 1191 557 ln
1207 503 1393 557 Heldrnhem.

321 577 506 635 Ottcnbiiren.
1160 591 1327 645 Sanctorum
1343 591 1421 645 Petri
1436 597 1464 647 et
1477 591 1558 646 Pauli
1573 590 1600 646 ln
1614 590 1693 664 Nigra
1706 594 1781 666 sylva.

319 666 351 720 ln
365 667 546 742 Alberspach.
1158 679 1192 734 ln
1208 680 1378 750 wiblingen.

320 755 570 818 Benedici-buren.
1158 769 1418 841 Sancti'lrutperti.

320 845 353 900 ln
367 846 539 908 Glaubiiren.
1158 857 1189 912 ln
1205 858 1309 914 Trube.

323 933 354 988 ln
370 935 547 992 Necashaim.
1159 946 1192 1001 In
1209 945 1375 1016 Elwangen.

320 1022 511 1081 Schluchtcra.
1159 1037 1192 1090 In
1206 1035 1426 1106 Thiethuupten.

320 1112 353 1167 ln
368 1113 563 1172 Oxenhausen.
1159 1125 1178 1180 S
1204 1125 1320 1180 loannis
1333 1125 1363 1180 iu
1376 1124 1504 1181 Thurini.

321 1201 415 1257 Sancti
431 1203 524 1258 Blasii.
1158 1212 1345 1284 Faburgense.

322 1289 460 1346 Muclrurt.
1159 1303 1190 1357 ln
1206 1303 1312 1356 ‚ludex¹

320 1377 411 1433 Mure.
1158 1391 1191 1447 In
1206 1391 1383 1462 Fischingen.

320 1467 465 1524 Nawense.
1162 1481 1194 1535 In
1209 1481 1484 1536 Blanclshenstetten.

325 1557 511 1618 'tharisiense

288 1683 352 1738 Haec
366 1687 480 1742 nomina
494 1692 727 1747 monasteriorum
744 1694 851 1749 ordinis
867 1697 955 1750 nostri
972 1694 1133 1768 conscripto
1149 1697 1314 1752 invenimus.
1331 1714 1392 1768 quae
1404 1697 1447 1750 rel
1465 1713 1482 1750 a
1497 1695 1634 1778 principio
1643 1695 1795 1777 fundationis
1806 1711 1847 1748 sue

250 1756 379 1810 monachi
396 1757 606 1832 llirsaugiensis
618 1763 741 1818 Coenobii
758 1766 840 1836 primi
854 1767 1043 1822 inhabitantes
1059 1769 1214 1834 reputarem
1247 1769 1390 1822 tentavere
1401 1767 1588 1836 disciplinam.
1600 1768 1641 1820 rel
1654 1773 1793 1838 antiquitus
1803 1765 1848 1818 lun·

250 1823 317 1878 datu
331 1833 360 1880 et
374 1829 460 1885 nimia
471 1841 618 1899 vetustate,
631 1836 687 1889 sire
701 1838 826 1907 neglecta
839 1837 1016 1893 institutione
1030 1839 1196 1908 deformato,
1208 1788 1246 1894 ud
1255 1839 1391 1910 regularis
1403 1839 1587 1894 observantie
1598 1839 1735 1892 tramitem
1745 1837 1848 1892 retorna·

250 1903 327 1950 runt.
345 1900 481 1956 Hactenus
495 1905 595 1958 (flii-on.
612 1909 745 1976 llirsuup.

285 1970 426 2026 Monemus
440 1990 523 2041 porro
538 1979 673 2040 tectorem,
690 1982 897 2034 mnslitutiones
913 1983 1120 2048 llirsoupiemes
1135 1999 1197 2036 eum
1221 1983 1300 2035 tibris
1327 1983 1480 2036 llctulricio
1496 1984 1573 2036 euobis
1592 1998 1645 2035 esso
1665 1981 1776 2044 cellolas,
1789 1986 1848 2046 utque

251 2044 346 2094 osonio
358 2045 537 2113 sinputoqua
546 2065 578 2100 cc
587 2051 667 2102 dictis
676 2052 799 2104 t'dutrici
809 2054 889 2105 lituis
899 2054 1041 2122 desumpto
1052 2058 1117 2106 sunl
1128 2056 1157 2106 in
1168 2058 1241 2106 tectu
1250 2055 1350 2106 litteris
1361 2069 1405 2107 iro.
1416 2057 1585 2112 iiotociinus:
1597 2069 1628 2106 co
1638 2069 1697 2105 uero
1706 2058 1848 2134 quarendus

169 2132 173 2140 ·
256 2109 415 2166 Willielmue
426 2117 534 2170 addidit
544 2121 553 2140 ⁶
562 2123 671 2173 stellato
682 2123 865 2175 distinximus
876 2142 883 2186 ,·
900 2140 958 2192 que
971 2127 1084 2178 varient
1095 2127 1195 2178 titteris
1207 2139 1267 2179 vnn.
1277 2126 1498 2192 desipnuoimus:
1509 2130 1537 2177 ul
1552 2125 1605 2178 lioc
1614 2127 1717 2176 ratione
1726 2128 1850 2204 primodo·

251 2182 302 2232 tim
316 2183 424 2236 intentu
435 2191 528 2253 putent
538 2192 606 2257 quid
616 2192 823 2256 llirsoupienscs
834 2211 866 2246 cr
878 2198 1121 2250 consuetudinibus
1132 2196 1358 2250 Cluniocensitms
1369 2197 1528 2260 usuum-int,
1542 2198 1662 2275 quidque
1674 2195 1742 2275 illud
1749 2201 1788 2252 stt.
1797 2193 1850 2272 dudd

250 2255 314 2304 unte
324 2253 550 2312 Cluru'ocensium
566 2263 728 2315 institutum
737 2271 848 2316 sanetus
863 2267 1021 2319 Willietmus
1034 2283 1050 2319 a
1062 2283 1149 2336 puero
1163 2283 1189 2319 m
1211 2266 1333 2320 nasterio
1345 2265 1437 2320 Sancti
1454 2267 1655 2320 Emmerommr
1670 2265 1798 2347 didicerat.
1813 2264 1850 2316 ln·

250 2322 282 2374 do
297 2326 380 2378 ctiam
395 2329 477 2392 taciti
491 2334 595 2396 riuqotio
605 2336 710 2400 collinet
724 2337 850 2388 crriditus
866 2338 948 2390 lector
961 2338 1029 2404 quid
1037 2340 1146 2404 disserat
1156 2339 1306 2406 disciplina
1319 2340 1471 2394 riionostico
1484 2354 1543 2405 quse
1553 2341 1584 2390 in
1600 2338 1689 2394 Gallio
1698 2337 1850 2405 doriictutso

249 2411 307 2462 que
317 2399 349 2450 in
360 2399 509 2453 Gerinouio
522 2417 574 2454 usu
586 2409 689 2471 recepto
699 2405 764 2470 suit.
778 2406 831 2471 Oui
843 2411 935 2460 tornum
945 2417 1051 2461 rectum
1067 2411 1118 2461 linc
1127 2410 1158 2460 dc
1174 2425 1203 2461 re
1213 2411 1356 2475 judicium
1369 2411 1515 2475 efformare
1524 2411 1652 2469 uoluerit,
1663 2411 1759 2476 oportet
1769 2411 1795 2458 ut
1804 2407 1849 2457 ltu·-

251 2468 336 2520 nordi
345 2485 449 2538 quoque
461 2473 587 2526 ordinem
600 2475 806 2529 litteru'oeensem
818 2494 882 2531 cum
894 2479 936 2531 liis
946 2481 1188 2532 constitutionibus
1199 2481 1339 2546 coiilcrul:
1350 2483 1489 2533 nonnullo
1500 2482 1575 2533 enim
1584 2483 1677 2546 capito
1692 2482 1797 2560 istorum
1807 2492 1852 2528 con·

249 2540 427 2595 stitutionem
438 2545 472 2596 ut
485 2544 611 2597 [ilderico
624 2550 808 2612 pretermisso
821 2551 850 2601 in
864 2553 913 2602 illo
923 2552 1020 2603 ordine
1031 2552 1227 2619 contincutur;
1241 2567 1299 2620 qua
1313 2555 1416 2618 tomen,
1430 2567 1463 2604 ne
1473 2567 1540 2620 opus
1553 2566 1686 2605 nioncum
1698 2551 1851 2613 inutilemque

250 2611 434 2678 redderemus,
449 2615 494 2668 tu'e
508 2633 540 2669 ea
550 2618 657 2684 intcpm
670 2620 742 2686 typis
755 2623 838 2672 ctiam
854 2621 971 2674 describi
984 2637 1155 2674 curavimus.

352 2888 1054 3035 CONSTITUTIONES
1104 2901 1773 3039 HIRSAUGIENSES

1035 3139 1108 3201 SEU

599 3297 1512 3427 GENGENBAOENSES

740 3503 748 3520 ·
851 3477 916 3555 [Ee
935 3497 1003 3539 mss.
1022 3478 1284 3555 Einsidlensibus.]

820 3721 1025 3816 LIBER
1051 3723 1305 3820 PRIMUS

542 3909 743 3965 PROLOGUS.
1053 3910 1192 3976 Bliensis,
1208 3911 1366 3982 apostolicae
1384 3911 1458 3966 sedis
1482 3911 1626 3982 legatione
1646 3911 1763 3972 iunctus
1777 3906 1807 3960 ad
1820 3918 1858 3955 uos

281 3995 432 4066 Postquam
451 3995 519 4066 (ἰδ’)
536 4015 588 4068 ego
603 3999 689 4053 trater
704 3999 883 4066 wilhelmus,
899 4001 950 4055 Dei
965 4001 1042 4056 <rdi=
1084 4001 1206 4063 devenit,
1222 4000 1419 4072 integrumque
1434 4001 1492 4055 iere
1506 4017 1614 4055 annum
1626 3998 1784 4054 dilticultate
1794 3993 1861 4049 confi·

246 4084 369 4154 natione,
387 4090 415 4139 et
435 4085 540 4141 tratum
555 4086 950 4160 Hirsougiensium'electione
966 4091 1043 4161 ejus-
1084 4089 1176 4146 ciendi
1198 4089 1318 4155 itineris,
1337 4089 1410 4161 quod
1434 4088 1551 4156 volebat,
1573 4089 1722 4154 inhibitus,
1737 4085 1859 4141 uobiscum

245 4173 310 4227 dem
333 4174 387 4228 loci
406 4177 531 4246 provisor
554 4194 616 4231 sum
640 4179 819 4244 constitutus,
836 4179 925 4233 indidi
948 4179 989 4232 eis
1013 4179 1043 4233 in
1084 4179 1185 4250 exegit.

246 4262 354 4333 primis,
365 4279 459 4334 quasa
469 4281 555 4336 puero
566 4265 719 4321 didiceram
730 4269 759 4321 in
768 4267 937 4322 monasterio
948 4267 1043 4322 Sancti
1119 4269 1172 4332 Qui
1187 4269 1228 4323 uti
1243 4267 1360 4322 sollicito
1374 4267 1492 4322 fratrum
1508 4267 1759 4329 conversationem,
1775 4268 1800 4316 et
1813 4273 1860 4313 mo·

245 4351 446 4407 Emmerammi
458 4355 596 4424 regularis
608 4357 964 4412 ritaeconsuetudines.Sed
977 4357 1042 4428 quia
1084 4357 1200 4412 naslerii
1215 4357 1303 4412 nostri
1328 4363 1432 4411 statum
1456 4356 1583 4427 pervidit.
1602 4357 1725 4427 quodam
1749 4353 1790 4406 die
1803 4349 1861 4402 iuter

245 4440 334 4495 multa
348 4441 376 4495 in
398 4442 438 4497 eis
453 4452 543 4509 erant,
559 4461 620 4516 quae
636 4447 770 4516 paulatim
788 4447 952 4501 succedente
968 4447 1042 4501 desi·
1083 4452 1183 4500 caetero
1198 4445 1346 4516 colloquia,
1368 4445 1407 4500 sic
1428 4463 1472 4499 me
1493 4445 1683 4516 compellavit.
1707 4463 1718 4495 ι
1736 4443 1771 4498 Ut
1788 4439 1861 4497 rideo,

245 4527 292 4583 dia
306 4546 323 4584 a
335 4532 488 4586 monastico
503 4533 604 4604 rigore,
622 4540 650 4587 et
664 4534 699 4588 ab
713 4535 787 4590 illius
798 4542 885 4607 partae
897 4552 1043 4590 conversa·
1085 4555 1097 4587 e
1118 4535 1206 4589 trater
1217 4535 1390 4598 clarissime,
1407 4535 1484 4589 locus
1505 4534 1559 4597 iste
1576 4534 1730 4588 admodum
1744 4535 1819 4602 aptus
1829 4529 1864 4578 est

244 4617 328 4673 tionis
358 4619 505 4675 nobilitate
534 4621 701 4677 videbantur
727 4623 922 4694 degenerasse,
948 4624 1042 4679 statim
1088 4625 1325 4680 «conversationi
1342 4625 1511 4684 monasticae,
1529 4631 1557 4678 et
1571 4625 1626 4694 ipsi
1645 4625 1746 4678 fratres
1760 4622 1828 4690 juste
1839 4631 1864 4668 ac

245 4707 321 4779 apud
331 4725 385 4770 me.
397 4717 428 4764 ut
438 4709 596 4780 ubicunque
611 4711 716 4781 aliquid
724 4712 1044 4768 informandislratrum
1088 4733 1100 4766 u
1121 4720 1215 4769 sancte
1225 4713 1334 4768 vivendi
1344 4711 1542 4768 ardentissimo
1552 4712 1686 4767 ridentur
1696 4713 1808 4781 flagrare
1818 4711 1865 4757 stu·

247 4797 373 4852 moribus
387 4800 540 4868 proficuum
557 4799 617 4855 risu
634 4801 674 4854 iel
691 4801 799 4866 auditu,
813 4803 1045 4858 relcortelectio·
1088 4823 1100 4856 u
1122 4804 1177 4857 dio.
1203 4804 1257 4857 Sed
1279 4819 1361 4857 nosse
1386 4802 1477 4866 velim,
1498 4819 1568 4872 quos
1587 4801 1763 4871 potissimum
1783 4801 1865 4849 vestm

246 4901 281 4940 ne
291 4901 433 4941 sacrorum
449 4887 583 4942 librorum
596 4889 778 4962 perciperem,
789 4898 880 4946 totum
895 4892 947 4946 hoc
962 4893 1041 4964 quasi
1087 4912 1098 4944 r
1121 4891 1465 4961 institutionismogistros
1474 4889 1611 4954 habeatis,
1620 4898 1735 4961 etaquo
1745 4885 1865 4981 praecipue

246 4974 321 5028 uiros
334 4974 440 5046 lapides
455 4977 489 5030 ad
501 4977 656 5049 spiritualis
669 4986 816 5034 structurae
827 4981 960 5035 lubricam
978 4998 1043 5036 con·
1087 5003 1098 5033 e
1121 4981 1290 5036 monasterio
1305 4981 1444 5035 derivatas
1456 4981 1675 5034 consuetudines
1692 4977 1864 5032 observetis.»

245 5064 348 5118 terrem
372 5065 449 5129 Quod
466 5068 638 5138 propositum
656 5085 748 5123 meum
763 5070 867 5123 domei
890 5071 938 5140 qui
953 5072 1044 5141 replet
1085 5071 1189 5134 Nostri,
1210 5071 1335 5141 inquam.
1353 5079 1396 5124 est
1409 5068 1495 5123 studii
1513 5069 1656 5138 quoslibet
1670 5065 1809 5160 religiosos
1822 5061 1866 5111 hu·

244 5153 275 5208 in
289 5152 369 5208 bonis
380 5153 549 5210 desiderium
561 5157 685 5212 lidelium
697 5175 824 5223 suorum,
836 5159 941 5213 sedulis
956 5160 1043 5230 preci·
1080 5158 1127 5229 jus
1142 5159 1204 5212 ritae
1218 5175 1292 5212 viros
1305 5174 1356 5228 pro
1372 5173 1451 5227 posse
1467 5164 1561 5210 nostro
1581 5155 1689 5209 imitari
1707 5175 1713 5209 :
1729 5151 1776 5207 sed
1790 5167 1811 5203 sr
1825 5159 1867 5200 nos

246 5242 300 5297 bus
314 5245 555 5299 commendarem:
574 5245 631 5300 Deo
646 5247 739 5300 omnia
757 5247 930 5308 mirabiliter,
946 5263 978 5300 ac
994 5232 1112 5304 mi-Din
1127 5248 1221 5318 aliquo
1241 5248 1385 5302 deviantes
1406 5245 1562 5316 dignamini
1578 5245 1611 5298 od
1638 5245 1712 5298 viam
1738 5241 1865 5296 reducere,

246 5333 425 5387 sericorditer
434 5334 610 5406 disponente.
620 5336 786 5390 venerabilis
796 5336 846 5396 ric.
859 5353 890 5390 ac
906 5336 1043 5390 bonorum
1085 5339 1180 5408 procul
1191 5337 1275 5392 dubio
1286 5351 1452 5408 quocunque
1463 5351 1512 5390 nos
1525 5334 1663 5406 sapientis
1678 5329 1784 5387 consilii
1794 5338 1868 5426 manu

247 5423 373 5477 omnium
389 5425 526 5478 memoria
540 5425 641 5494 dignus
658 5425 817 5480 Bernardus
836 5426 921 5480 abbas
942 5425 1043 5481 Massi·
1085 5427 1195 5490 ducitis,
1215 5424 1416 5496 promptissimi
1436 5422 1639 5495 subsequemur
1669 5422 1711 5476 Ad
1731 5421 1787 5474 hirc
1806 5415 1865 5468 ille:

284 5529 356 5602 tlli')
377 5531 513 5604 Prologus
532 5531 576 5585 hic
593 5531 621 5584 iu
643 5531 736 5586 codice
752 5531 918 5587 Einsidlensi
935 5533 1043 5587 deside-
1085 5541 1183 5604 postea
1195 5531 1302 5587 editum
1318 5531 1409 5604 reperi
1421 5535 1498 5618 lll¹¹²⁰
1512 5527 1550 5584 IV
1566 5534 1617 5583 ret.
1635 5527 1836 5583 Analectorum.

248 5609 339 5670 ratum
353 5604 483 5658 eumdem
493 5602 619 5688 suppleri
629 5619 662 5657 ex
673 5620 724 5659 ms.
733 5603 950 5680 Weingortensi,
958 5621 1040 5675 quem
