3934 6174
648 281 679 336 Β.
699 277 1105 336 mammillarum.
1125 271 1293 335 buculus.

228 641 233 648 .
286 569 579 666 EPISTULA
607 493 670 664 ΙΒ.
689 573 888 668 PAULI
925 571 1210 669 APOSTOLI
1247 571 1331 664 AD
1369 567 1668 668 EPHESIOS

473 747 566 814 reru
584 747 872 818 lunaelacus
892 751 931 818 n.
956 749 1216 818 ceurennum
1236 747 1481 817 craeseus.

893 895 1074 928 W

195 990 402 1046 Anonnnarnu.
417 991 760 1063 —presiisuutdsiani
779 995 825 1060 lli,
846 1000 958 1068 accepto
999 995 1160 1067 Apostolus,
1187 995 1311 1050 scribens
1331 995 1372 1050 eis
1395 1011 1410 1048 a
1431 995 1530 1061 Roma,
1551 994 1586 1052 de
1605 1009 1725 1062 carcere,
1746 1009 1797 1069 per

160 1077 389 1145 verboveriutis,
406 1081 590 1151 perstiterunt
609 1081 638 1136 in
658 1082 722 1140 fide.
740 1083 797 1139 llos
818 1083 960 1142 collaudat
999 1085 1152 1161 Tychicum
1167 1083 1324 1142 diaconum.

828 1203 944 1258 CAPUT
967 1204 1125 1268 PRIMUM.

197 1310 222 1367 1.
232 1311 337 1368 Paulus
346 1313 497 1385 Apostolus
506 1314 694 1381 iesuObristi,
708 1318 899 1384 nonirmaie,
911 1336 962 1390 per
968 1321 1139 1374 voluntatem
1146 1321 1207 1386 Dei,
1217 1335 1274 1374 non
1282 1322 1463 1385 meritissuis,
1474 1321 1688 1386 oetbominibus,
1701 1321 1793 1376 omni-

162 1398 215 1454 bus
225 1400 339 1468 sanctis,
352 1403 507 1470 baptizatis,
520 1403 568 1475 qui
579 1411 646 1459 sunt
653 1405 764 1476 Ephesi,
778 1412 806 1460 et
812 1407 950 1474 fidelibus,
959 1409 1171 1473 catechumenis,
1183 1409 1212 1463 in
1224 1408 1335 1464 christo
1342 1409 1457 1474 lesuin
1471 1409 1531 1476 tide.
1548 1409 1656 1476 Gratia,
1668 1414 1796 1465 remissio

162 1494 347 1557 peccaterum,
358 1489 434 1546 vobis
444 1496 473 1545 et
482 1507 544 1563 pax,
554 1509 609 1561 qua
620 1497 836 1550 reconciliamur
846 1499 897 1551 lieo
905 1500 994 1565 Patri,
1003 1499 1045 1553 oei
1056 1501 1230 1554 obseruantia
1246 1500 1380 1552 botrorum
1391 1513 1515 1567 operum.
1530 1514 1589 1568 que
1601 1513 1657 1566 pac
1670 1505 1709 1553 est
1719 1501 1797 1553 inter

162 1579 250 1633 licum
261 1583 285 1632 et
299 1578 432 1644 domines,
445 1596 462 1634 a
474 1580 531 1635 Deo
543 1581 625 1636 Patre
636 1585 892 1640 nostroetDomino
907 1591 1002 1653 180
1010 1589 1078 1643 lesu
1089 1587 1210 1642 christo.
1220 1586 1236 1644 i
1245 1586 1422 1647 Benedictus.
1439 1586 1664 1653 laudetur,1leus
1674 1586 1797 1642 etPater

163 1665 275 1720 Domini
283 1667 372 1721 nostri
381 1669 395 1722 J
398 1684 448 1723 esu
458 1669 572 1736 Christi,
582 1673 629 1741 qui
637 1670 790 1737 benedixit,
799 1677 936 1740 auail,oet
948 1678 1056 1740 ditavit,
1064 1677 1151 1731 nonin
1162 1675 1439 1732 omnibenedictione
1448 1675 1598 1747 spirituali,
1608 1692 1661 1730 nau
1670 1679 1793 1741 mensali,

159 1755 235 1808 siout
251 1757 375 1824 priorem
385 1761 529 1825 populum,
541 1761 586 1812 sed
595 1763 752 1828 spirituali,
766 1763 795 1816 id
805 1767 852 1828 ast,
865 1767 973 1830 celesti,
985 1768 1126 1832 existente,
1138 1769 1166 1834 3,
1176 1766 1204 1829 l,
1213 1766 1240 1819 t.
1252 1765 1283 1820 in
1298 1763 1468 1832 celestibus,
1484 1766 1514 1818 id
1523 1772 1571 1826 est,
1585 1779 1670 1834 quam
1685 1767 1716 1819 in
1729 1767 1793 1820 cela

159 1845 376 1913 participamus,
389 1845 419 1900 in
432 1845 554 1912 Christo,
568 1848 642 1903 sicut
653 1850 738 1922 elegit
752 1866 813 1910 nos.
825 1855 865 1904 ita
875 1854 1024 1914 benedicit,
1037 1858 1068 1908 ut
1081 1856 1296 1924 pradestinavit.
1309 1851 1336 1910 6.
1352 1853 1382 1908 in
1395 1853 1464 1926 ipso.
1483 1853 1599 1920 Christo,
1613 1857 1679 1908 aute
1693 1855 1793 1911 mundi

160 1932 401 1999 constitutionem,
418 1937 454 1988 ad
468 1936 516 1990 bac
529 1940 618 2005 clepit,
631 1945 663 1992 ut
672 1955 798 1994 essemus
808 1941 897 1996 sancti
909 1948 938 1994 et
950 1943 1124 1997 immaculati
1137 1944 1167 1998 in
1181 1949 1331 2014 conspectu
1343 1943 1414 2013 ejus,
1431 1959 1487 1997 uon
1504 1945 1611 1996 meritis
1626 1945 1737 2007 nostris,
1748 1944 1797 1997 sed

164 2022 191 2077 ’1.
207 2021 236 2077 in
251 2023 387 2079 charitate
401 2043 462 2078 sua.
473 2027 535 2081 Ecce
545 2029 617 2096 quad
628 2030 710 2096 dicit,
728 2031 816 2098 clepit.
829 2030 854 2086 8.
872 2031 925 2096 Qui
940 2030 1150 2101 praedestinavit
1165 2047 1218 2086 nos
1232 2031 1262 2086 in
1277 2031 1458 2102 adoptionem
1477 2031 1610 2096 liliorum,
1629 2036 1660 2086 ul
1675 2047 1795 2086 memus

164 2114 265 2176 sancti,
281 2112 441 2185 pertesum
456 2114 597 2170 Christum
613 2115 638 2172 9.
650 2117 679 2172 in
690 2117 797 2189 ipsum,
817 2121 888 2174 idem
904 2121 976 2188 quod
985 2123 1093 2190 inipso,
1109 2121 1383 2182 scilicetcrediluros,
1397 2119 1435 2174 10.
1449 2115 1603 2172 secundum
1615 2116 1791 2188 propositum

164 2199 316 2254 voluntatis
325 2217 392 2264 suae,
401 2204 742 2273 idemquodiucbaritate,
755 2205 784 2260 in
800 2208 913 2262 laudem
923 2208 1020 2278 gloriae
1031 2208 1130 2279 gratia
1140 2225 1206 2273 suae,
1214 2212 1245 2262 ut
1253 2209 1384 2263 laudetur
1393 2210 1514 2276 pluriora
1529 2205 1728 2275 pratiasua,in
1737 2221 1796 2277 qua

162 2289 332 2359 gratificavit
349 2307 399 2345 nos
413 2293 468 2345 sibi
475 2291 504 2345 in
513 2293 690 2350 dilecloFilio
699 2312 759 2362 suo,
777 2300 807 2350 in
822 2296 876 2368 lide
894 2299 988 2351 dilecti
1000 2299 1068 2354 Filii
1079 2301 1133 2352 sui.
1148 2289 1181 2353 In
1191 2314 1257 2370 quo,
1272 2298 1302 2351 id
1313 2301 1360 2362 est,
1372 2312 1523 2366 perquem,
1534 2294 1671 2350 habemus
1682 2294 1791 2349 redem-

163 2377 287 2448 ptionem
296 2379 482 2447 (transpectum
495 2387 642 2451 posteriusl
653 2401 704 2455 per
715 2385 881 2455 sanguinem
892 2387 927 2452 (et
936 2389 1028 2454 prius)
1041 2387 1103 2456 eJ'us
1119 2388 1181 2455 (tenc
1194 2393 1230 2441 est
1247 2402 1330 2441 causa
1346 2383 1474 2456 prioris),
1489 2385 1684 2440 remissionem
1696 2400 1792 2455 pecca-

162 2470 267 2532 torum,
279 2468 431 2522 secundum
446 2468 475 2525 ll
500 2470 611 2526 divitias
619 2473 717 2543 gratiae
728 2474 798 2546 ejus,
810 2491 872 2546 quas
881 2472 1121 2544 superabundavit
1130 2473 1159 2529 in
1174 2473 1315 2540 nobis,12.
1332 2473 1453 2530 inomni
1468 2473 1615 2545 sapientia,
1625 2477 1653 2527 et
1667 2472 1789 2542 pruden-

159 2555 210 2619 tia,
227 2561 259 2610 ut
273 2563 370 2611 notum
386 2557 955 2616 iaceretnobiseacramentumroluntatis
970 2580 1037 2628 suae,
1053 2566 1219 2633 quodpenus
1232 2566 1389 2619 burdanum
1403 2563 1509 2618 saluere
1525 2565 1621 2628 uoluit,
1632 2561 1789 2616 secundum

161 2641 367 2715 beneplacitum
378 2647 449 2717 ejus,
466 2663 522 2702 non
537 2647 651 2704 turritis*
661 2652 803 2717 burnonis,
819 2650 858 2706 13.
877 2652 951 2723 quod
961 2659 1169 2707 sacramentum
1180 2652 1412 2725 proposuitineo,
1422 2653 1540 2718 inFilio,
1551 2651 1594 2706 ll.
1606 2651 1790 2722 indispensa-

159 2731 237 2788 lione
244 2733 289 2790 15.
299 2735 483 2806 plenitudinis
492 2741 663 2809 temporum,
674 2755 730 2793 ecce
737 2742 963 2811 quodproposuit,
973 2739 1132 2796 instaurare
1139 2741 1267 2797 omniain
1276 2741 1463 2814 Christo,quae
1470 2741 1500 2797 in
1510 2741 1598 2808 coelis,
1605 2743 1795 2795 imminutum

836 2856 1130 2914 COMMENTARIUS.

195 2967 274 3024 OAP.
291 2967 318 3027 1.
340 2999 368 3012 ·-
387 2968 415 3028 1.
434 2969 704 3026 inanescentem
726 2970 775 3026 illa
797 2971 872 3027 bona
893 2976 1058 3042 quaeArum
1072 2969 1262 3042 adoptionem,
1288 2970 1323 3026 ab
1348 2987 1380 3026 ea
1406 2970 1481 3042 quod
1505 2969 1615 3024 dixerat
1637 2973 1749 3024 mactas
1765 2972 1796 3023 et

158 3057 286 3114 Christus
296 3057 375 3113 nobis
388 3075 439 3114 suo
451 3058 573 3114 adventu
584 3060 713 3131 praestitit
725 3077 788 3116 cum
798 3060 956 3132 gratiarum
996 3059 1201 3115 immaculatos.

157 3146 276 3202 mbone.
296 3147 397 3204 Postea
410 3148 514 3203 transit
531 3149 566 3202 ad
586 3149 706 3202 ethicam
721 3149 955 3212 exhortationem,
1033 3149 1061 3203 9.
1077 3149 1108 3203 ln
1128 3153 1228 3218 ipsum.
1250 3148 1389 3212 Quoniam
1413 3147 1483 3202 dixit
1505 3165 1511 3200 :
1533 3145 1741 3218 praedestinavit
1764 3145 1796 3199 in

58 3221 61 3231 '
156 3234 197 3290 sic
210 3236 368 3290 inchoans:
391 3236 501 3291 Obsecro
519 3253 575 3302 aas,
594 3253 641 3304 epo
663 3241 773 3291 uinctus
786 3240 818 3292 ia
841 3240 956 3292 lietuino
996 3237 1175 3307 adoptionem
1196 3238 1328 3302 liliorum,
1349 3237 1486 3292 incertum
1510 3242 1572 3291 erat
1590 3236 1670 3306 cujus
1688 3235 1798 3289 dicaret

158 3326 259 3393 (infra.
274 3333 320 3388 lut.
997 3325 1068 3380 filios
1082 3342 1144 3380 esse
1158 3326 1312 3398 adoptivae,
1334 3325 1458 3396 adiecit:
1473 3325 1503 3380 in
1521 3325 1625 3396 ipsum,
1641 3322 1693 3378 boc
1707 3327 1750 3377 ast
1764 3323 1795 3377 in

191 3409 218 3470 2.
240 3414 398 3467 Benedictus
418 3415 498 3468 Dius.
521 3413 681 3468 Benedictio
700 3431 762 3485 qum
781 3415 813 3469 fit
833 3414 862 3468 in
885 3415 952 3479 neo,
995 3413 1150 3484 suiipsius,
1166 3414 1284 3471 utillius
1298 3414 1348 3469 lilii
1363 3429 1566 3486 nuncupemur.

156 3499 293 3554 confessio
308 3501 367 3556 sola
381 3507 424 3555 est
436 3501 643 3575 bonorumque
657 3503 784 3575 praestita
793 3503 953 3561 suntabeo.
1033 3500 1073 3560 10.
1088 3501 1245 3558 Secundum
1260 3505 1439 3573 propositum.
1454 3503 1557 3556 Valens
1571 3517 1604 3556 ex
1618 3502 1694 3556 omni
1715 3506 1796 3572 parte

156 3588 319 3644 Benedictio
338 3606 401 3661 quae
417 3592 477 3646 tila
491 3594 559 3658 Deo,
575 3593 604 3647 in
624 3591 704 3648 nobis
720 3592 864 3663 impletur,
886 3592 953 3648 dum
995 3589 1049 3646 ista
1077 3592 1209 3646 extollere
1232 3592 1306 3663 quod
1332 3592 1422 3648 multa
1447 3591 1533 3661 digna
1560 3590 1617 3645 sint
1638 3590 1794 3660 gratianum

156 3677 217 3748 ejus
231 3677 373 3734 beneflciis
386 3679 545 3751 implemur.
993 3679 1112 3744 abbone,
1129 3680 1292 3752 frequenter
1305 3681 1374 3736 dicit
1394 3696 1446 3752 per
1465 3679 1682 3744 ordinationem,
1699 3683 1728 3732 et
1742 3675 1796 3730 bo-

193 3764 218 3822 ³.
235 3769 269 3822 ln
281 3770 438 3823 celestibus.
455 3769 515 3823 Hoc
530 3775 574 3824 est
591 3785 674 3840 quam
696 3769 726 3823 in
743 3769 817 3828 ,cmlo
838 3770 952 3840 partici-
994 3784 1060 3822 num
1074 3767 1217 3840 placitum,
1234 3768 1454 3824 etrolunlatem.

156 3851 306 3924 pabimus3
323 3855 478 3911 dicitenim
493 3857 800 3928 resurrectionemque
814 3858 954 3929 perspici·
1031 3856 1073 3914 ll.
1088 3857 1192 3912 Laura.
1215 3859 1315 3912 llioilis
1338 3860 1437 3924 pratia
1461 3872 1526 3911 sua.
1552 3855 1608 3910 Per
1630 3869 1715 3926 quam
1729 3867 1794 3922 gra·

156 3946 217 3996 tum
232 3942 312 3997 nobis
326 3944 426 4010 aderit,
441 3951 471 4000 et
488 3961 524 4000 ne
542 3946 604 4018 ipsa
622 3946 732 4001 novitas
757 3951 879 4001 mentem
893 3952 953 4003 tur·
993 3945 1062 3999 tiam
1079 3961 1134 4000 non
1148 3946 1238 4000 solnm
1253 3944 1381 4000 remissio
1390 3941 1796 4016 etredemptin,sedsapientia
1819 3973 1826 3979 -

156 4029 253 4099 beret,
271 4033 403 4104 quoniam
429 4051 485 4089 non
508 4041 574 4090 ante
592 4041 672 4090 tanta
700 4036 840 4100 donasset,
861 4051 952 4107 neque
993 4041 1061 4106 (qua
1073 4033 1186 4100 dicitur,
1200 4034 1317 4106 sapitur)
1334 4039 1363 4088 et
1376 4032 1527 4104 prudentia
1538 4047 1658 4087 morum.

155 4126 252 4192 aperte
267 4121 401 4190 dixisset,·
425 4140 486 4194 que
507 4123 564 4178 sint
582 4124 636 4179 illm
657 4099 819 4195 spirituales
841 4123 953 4178 benedi·
1033 4123 1077 4180 li.
1095 4125 1128 4177 ln
1138 4127 1217 4177 omni
1230 4126 1378 4192 sapientia,
1390 4121 1419 4177 id
1433 4126 1486 4186 est,
1502 4121 1573 4176 dans
1585 4119 1665 4176 nobis
1679 4133 1792 4174 omnem

154 4208 270 4276 ctiones,
286 4211 399 4283 utrique
420 4211 573 4284 respondet
593 4211 688 4266 dicens
704 4230 710 4265 :
728 4211 772 4268 Sic
794 4211 879 4283 elegit
901 4229 953 4267 nos
994 4211 1171 4283 sapientiam,
1187 4213 1217 4266 in
1228 4211 1371 4282 agnitione
1383 4211 1439 4276 sui,
1453 4213 1482 4266 et
1495 4208 1673 4281 prudentiam
1681 4221 1791 4292 morum

155 4314 189 4353 ex
215 4299 276 4370 ipso
298 4305 364 4354 anta
389 4301 487 4356 mundi
506 4301 735 4356 constitutionem
755 4317 816 4356 esse
840 4305 1163 4364 sanctoanostrorum.

155 4401 250 4442 coram
265 4403 308 4442 eo.
484 4425 486 4432 ·
1031 4389 1073 4446 13.
1090 4390 1165 4459 Quod
1190 4391 1341 4459 proposuit.
1369 4389 1478 4444 Bonum
1499 4386 1634 4458 placitum
1655 4401 1738 4440 suum
1761 4384 1793 4438 in

190 4475 217 4529 1.
231 4476 355 4534 Auousr.
375 4477 409 4531 ln
418 4479 575 4532 celestibus.
592 4478 624 4532 ln
639 4477 807 4545 celestibus,
823 4478 902 4550 qnasi
917 4478 952 4532 de
993 4479 1104 4534 Christo
1118 4479 1192 4534 Deus
1208 4479 1291 4534 l‘ater
1305 4477 1460 4550 proposuit,
1475 4477 1504 4532 id
1513 4481 1566 4544 est,
1578 4476 1671 4548 palam
1685 4473 1794 4529 mundo

155 4561 321 4618 celestibus.
344 4564 417 4629 Quia
431 4581 514 4621 omne
537 4565 634 4621 datum
655 4567 803 4638 optimum,
822 4573 851 4622 et
869 4582 952 4621 omne
993 4568 1126 4634 ostendit,
1140 4567 1236 4623 diceus
1251 4584 1257 4620 :
1275 4569 1325 4623 ilic
1348 4572 1386 4622 est
1408 4567 1498 4621 Filius
1524 4582 1599 4620 meus
1621 4566 1735 4618 dilectus
1760 4565 1794 4616 in

156 4651 260 4707 donum
274 4653 427 4724 perfectum
441 4654 588 4710 desursum
600 4661 651 4710 est.
993 4672 1047 4726 quo
1060 4658 1133 4711 mibi
1150 4659 1213 4712 bene
1227 4657 1392 4726 correptecui.

192 4738 219 4796 5.
239 4741 344 4798 Leaen.
361 4745 395 4798 tu
408 4745 565 4798 celestibus.
586 4744 716 4800 Ooelestia
729 4751 810 4800 vocnt
823 4745 948 4809 virtutes,
1033 4745 1072 4801 ll.
1088 4747 1123 4802 ln
1136 4747 1339 4814 dispensatione
1354 4743 1550 4814 plenitudinis.
1561 4740 1612 4796 Vel
1639 4743 1705 4794 tunc
1727 4753 1792 4794 cum

154 4844 207 4901 per
220 4846 340 4902 quarum
354 4830 559 4887 observantiam
573 4833 631 4888 itur
644 4833 678 4888 ad
695 4834 806 4899 coelum,
815 4832 952 4904 inquibus
992 4832 1160 4906 disponebat
1171 4834 1268 4888 omnia
1278 4839 1409 4904 tempora
1421 4831 1464 4887 rel
1478 4831 1579 4902 inipso
1593 4827 1725 4884 milliario
1735 4844 1795 4899 quo

155 4917 224 4974 dicit
237 4935 266 4974 ss
280 4918 384 4975 babere
399 4936 511 4975 omnem
527 4919 702 4992 spiritualem
726 4923 834 4994 copiam
850 4924 880 4977 in
896 4922 950 4978 lide
992 4928 1076 4978 natus
1090 4923 1282 4989 asthristus,
1298 4921 1373 4993 quod
1394 4921 1450 4977 luit
1473 4918 1666 4993 plenitudinis,
1682 4916 1749 4988 quis
1762 4918 1794 4972 in

156 5007 273 5064 Christi.
629 5039 633 5046 ·
992 5027 1025 5066 eo
1039 5011 1179 5084 completa
1198 5016 1265 5066 sunt
1281 5011 1427 5083 promissa.
1443 5009 1495 5065 Vel
1509 5008 1575 5081 quia
1589 5007 1645 5062 alia
1663 5011 1794 5077 tempora

189 5095 216 5154 6.
232 5100 267 5154 la
277 5101 343 5167 ipso.
358 5098 390 5153 ln
404 5097 475 5169 ipso.
495 5097 721 5155 subaudiendum
735 5105 778 5154 ast
790 5107 953 5170 permantu-
991 5117 1079 5156 vacua
1088 5101 1203 5156 luerunt
1216 5117 1233 5154 a
1248 5100 1349 5156 salute.

154 5202 201 5242 ros
213 5207 220 5256 ;
233 5187 274 5243 rel
288 5187 317 5242 in
331 5187 392 5258 ipso
407 5186 500 5258 elegit,
508 5187 575 5259 quia
584 5188 678 5242 omnia
687 5189 717 5243 in
727 5187 866 5260 sapientia
875 5189 950 5257 fecit,
962 5179 984 5241 d
1025 5189 1071 5246 15.
1087 5191 1284 5245 Plenitudinis.
1297 5190 1330 5245 In
1340 5187 1558 5260 dispensatione,
1574 5185 1603 5239 id
1618 5189 1670 5251 est,
1685 5184 1716 5238 in
1729 5200 1795 5239 con-

153 5291 214 5346 puae
227 5280 271 5331 est
284 5274 422 5332 Christus.
995 5277 1192 5334 summatione.
1205 5276 1324 5350 Exponit
1333 5276 1399 5348 quid
1409 5274 1520 5331 sitillud
1534 5273 1639 5328 bonum
1658 5273 1793 5345 placitum

189 5367 216 5420 7.
232 5367 355 5422 Auanos.
366 5365 551 5421 tuebaritate.
563 5365 602 5421 Ex
617 5367 669 5422 hoc
684 5353 849 5438 magnitudo
862 5374 953 5423 osten·
994 5366 1056 5430 Dei,
1069 5366 1197 5423 videlicet
1207 5367 1323 5437 impleto
1338 5373 1466 5437 tempore
1478 5362 1664 5419 ordinationis
1677 5378 1735 5416 sum
1748 5361 1793 5417 in·

155 5453 233 5510 ditur
244 5453 432 5510 liberalitatis.
994 5463 1122 5513 staurare
1136 5457 1165 5512 in
1181 5458 1264 5512 fidem
1280 5455 1386 5512 Christi
1399 5455 1490 5528 quiin
1511 5454 1587 5509 ooelis
1602 5458 1678 5519 sunt,
1694 5451 1723 5509 id
1737 5457 1792 5519 est,

189 5543 216 5598 8·
230 5543 283 5610 Oui
293 5544 508 5612 predestinavit.
534 5543 622 5614 bajus
642 5549 686 5598 est
708 5545 781 5616 quod
796 5545 864 5600 dicit
885 5545 954 5600 iilic·
994 5563 1145 5602 numerum
1167 5545 1332 5616 angelorum
1347 5544 1396 5617 qui
1409 5543 1566 5600 diminutus
1583 5548 1653 5608 erat,
1678 5545 1707 5597 et
1730 5557 1793 5612 qua
