3896 6170
242 274 310 334 1135
756 269 786 325 S.
806 267 1001 324 GUILLELMI
1020 266 1172 324 ABBA'I'IS
1191 269 1360 327 HIRSAUG.
1783 285 1840 344 1136

238 399 313 472 quod
328 401 425 471 postea
439 395 541 468 agitur,
558 395 601 449 vel
617 394 691 448 infra
707 393 861 464 quamlibet
881 393 1230 465 processio-Acantantes,
1239 398 1348 464 placebo
1363 398 1490 464 Domum,
1506 405 1536 454 et
1545 400 1610 458 illuc
1618 405 1749 462 venientes
1760 409 1841 480 adjun.

237 477 302 546 n'em
322 504 403 543 cruce
414 488 473 557 jam
488 485 518 540 in
538 483 704 538 vestibulum
727 484 845 553 perlata,
861 481 959 537 tabula
971 499 1035 552 per·
1075 489 1147 552 gunt
1158 500 1187 538 se
1201 485 1364 555 psalmodia
1379 503 1486 554 eorum,
1501 490 1621 560 quesibi
1635 493 1841 554 inveneringsjoe

237 580 444 642 cutitur,nemo
459 574 558 638 currit,
570 573 623 628 nisi
636 573 702 626 item
712 572 813 644 quibus
821 572 898 643 prior
911 572 1035 628 innuerit
1075 579 1168 626 autem
1182 579 1258 628 totus
1279 581 1440 638 conuentus,
1457 578 1513 633 sire
1533 595 1565 634 er
1593 589 1668 652 parte
1692 592 1783 652 cunat,
1796 589 1841 642 cir·

235 684 299 723 cum
317 665 457 738 praedictis
483 660 703 718 obedientiariis.
731 659 802 728 (uu.)
827 660 856 714 Si
885 665 980 715 autem
1003 660 1032 714 in
1074 668 1246 716 cumstantes
1262 663 1376 718 fratrem
1390 664 1433 720 bis
1448 667 1490 722 rel
1505 673 1549 722 tor
1564 670 1645 725 Credo
1656 675 1684 726 in
1700 690 1778 728 unuin
1789 693 1841 731 can·

234 756 381 812 refectorio
395 755 439 808 uel
453 753 488 808 ad
500 751 677 806 collationem
708 749 800 803 adhuc
829 750 936 811 sedent,
967 750 1031 804 inde
1072 751 1841 828 tant,s1nondumfmivit.luo.)Tuncagendaest,d0mn0

234 861 345 918 quoque
358 842 517 915 prosiliunt.
537 840 737 893 Verumtamen
762 838 852 892 lavato
871 854 987 908 corpore
1003 845 1032 893 et
1071 837 1171 894 abbate
1190 841 1232 894 vel
1246 841 1338 911 priore
1346 845 1555 913 pronuntiante,
1565 847 1670 914 litania,
1681 852 1840 924 etunicuique

231 933 418 989 iaecclesiam
434 931 591 1001 deportato,
620 927 677 980 'si
704 927 829 982 nondum
861 927 944 981 lectio
965 945 1030 982 cum
1071 929 1178 983 nomini
1193 936 1353 985 sanctorum
1368 932 1597 1004 subjungendum
1621 943 1672 1004 est,
1690 956 1735 994 oro
1754 958 1838 1010 moen,

230 1041 313 1079 uersu
326 1025 442 1091 Agimus
455 1021 506 1073 tibi
523 1021 629 1087 pretias
655 1016 735 1070 finita
760 1021 830 1078 erat,
854 1023 1030 1072 revertentur
1071 1017 1120 1070 Est
1134 1023 1229 1072 autem
1239 1019 1432 1092 prolonganda
1446 1023 1489 1077 uel
1501 1023 1660 1092 brevianda,
1669 1035 1746 1098 prout
1758 1033 1840 1102 parmi.

231 1130 328 1170 omnes
342 1113 371 1167 in
385 1108 578 1166 refectorium:
595 1112 624 1160 et
636 1105 660 1159 si
675 1105 766 1160 adhuc
781 1105 933 1160 comesturi
948 1112 976 1162 et
991 1105 1029 1160 bi·
1070 1107 1138 1160 serit
1152 1109 1286 1180 temporis
1305 1110 1393 1179 rati03
1411 1117 1438 1165 et
1453 1115 1606 1170 secundum
1627 1117 1699 1187 quod
1723 1119 1750 1173 in
1771 1137 1840 1176 eausa

229 1203 316 1259 bituri
328 1205 418 1266 erant,
430 1197 542 1269 quando
553 1196 638 1250 ictum
653 1193 755 1248 tabula
768 1194 918 1258 audierint,
930 1201 1029 1266 postea
1069 1195 1340 1269 migraturiperspici
1349 1200 1666 1270 potuerit,uelaestimari
1674 1206 1839 1278 prolonganda

229 1291 376 1348 comedent
390 1295 419 1344 et
431 1286 535 1352 bibent,
560 1283 670 1338 etiamsi
688 1283 726 1337 sit
742 1284 772 1337 in
795 1284 1025 1355 Quadragesima.
1068 1284 1110 1338 vel
1129 1292 1289 1342 sanctorum
1305 1289 1430 1358 {nomina
1443 1292 1605 1362 repetendo,
1623 1295 1665 1348 uel
1684 1295 1737 1350 alia
1757 1297 1838 1368 adjun-

226 1380 302 1452 (un.)
316 1379 396 1446 Quod
410 1378 433 1432 si
443 1377 478 1431 ad
489 1375 611 1430 sonitum
618 1371 719 1427 tabulae
731 1389 828 1426 omnes
837 1372 895 1440 lam
910 1372 1026 1428 dimise·
1065 1375 1177 1444 gendo,
1193 1375 1345 1430 brevianda
1356 1394 1421 1433 uero
1448 1381 1576 1451 quaedam
1588 1385 1785 1455 supprimendo.
1799 1387 1838 1440 fi·

226 1473 285 1527 rint
297 1468 453 1532 comedere,
465 1470 494 1520 et
504 1463 586 1518 lectio
594 1478 657 1516 cum
673 1477 754 1516 versu
765 1460 844 1514 finita
854 1460 956 1528 fuerat,
968 1461 1025 1518 loto
1066 1463 1133 1518 nitis
1148 1481 1212 1519 vero
1232 1471 1392 1522 sanctorum
1415 1469 1575 1526 nominibus
1596 1473 1738 1528 confestim
1757 1474 1838 1530 subiu-

225 1577 351 1632 corpore,
361 1564 389 1614 et
403 1557 432 1611 in
445 1553 589 1610 eeclesiam
606 1552 634 1606 S.
653 1550 747 1604 Mariae
760 1549 853 1604 delato
871 1549 899 1604 in
912 1551 1025 1621 majori·
1064 1551 1172 1607 fertur:
1192 1555 1332 1622 Propitius
1341 1562 1404 1618 esto,
1418 1573 1501 1626 porca
1512 1563 1546 1622 ci,
1569 1561 1692 1626 novaria,
1712 1579 1770 1618 cum
1788 1565 1839 1618 reli·

224 1650 341 1707 ecclesia
353 1663 416 1702 curn
430 1645 537 1716 psalmo
551 1643 678 1695 Miserere
706 1642 769 1701 mei,
803 1640 878 1704 Ocres,
909 1640 1021 1706 finiunt,
1064 1641 1134 1712 quis,

223 1742 234 1765 '
249 1739 354 1795 Eodem
365 1735 448 1791 modo
463 1733 497 1787 ad
506 1730 685 1786 collationem
699 1728 827 1793 redeunt,
853 1728 876 1782 si
898 1729 956 1800 jam
983 1730 1022 1784 le·
1030 1753 1054 1814 Β
1099 1729 1193 1786 Finita
1209 1731 1318 1797 litania,
1334 1732 1358 1787 si
1375 1734 1494 1790 necdum
1509 1736 1610 1804 finivit,
1628 1737 1671 1793 bis
1693 1742 1733 1796 vel
1751 1746 1790 1796 tar
1805 1742 1837 1795 vel

221 1830 342 1886 θῑῑθῐῑθῐῐὶ
357 1820 560 1880 1¹⁰¹lsl1¹ieli¹¹t=
1060 1820 1170 1891 quoties
1198 1820 1260 1892 ipsa
1287 1839 1332 1878 res
1354 1823 1492 1892 docuerit,
1511 1825 1546 1880 ab
1571 1828 1709 1894 omnibus,
1725 1836 1754 1884 ut
1775 1829 1837 1902 prius

255 1920 287 1974 ln
297 1922 379 1972 nocte
393 1929 514 1985 quoqne,
531 1910 554 1964 si
569 1907 724 1980 percutitur
737 1906 843 1972 tabula,
859 1923 924 1962 eom
938 1911 1018 1964 tanta
1060 1910 1143 1966 Credo
1159 1915 1191 1966 in
1206 1918 1441 1982 unairreantatur,
1455 1919 1483 1968 et
1490 1914 1513 1969 si
1526 1916 1645 1972 necdum
1654 1919 1837 1990 spiritumemi·

217 2006 383 2064 festinantia
393 2001 523 2058 omnibus
539 1997 718 2062 currendum,
731 2002 762 2050 ut
772 2013 823 2050 nec
832 1996 918 2050 etiam
931 1997 1017 2052 lec-tos
1058 1998 1105 2064 sit,
1120 2000 1212 2071 priore
1225 2000 1361 2056 innuente
1376 2002 1481 2056 recedit
1493 2012 1657 2074 conventus,
1674 2008 1782 2062 retentis
1789 2007 1837 2078 qui·

218 2115 284 2153 suos
296 2113 331 2151 ea
344 2095 412 2158 uice,
428 2092 450 2146 si
464 2089 572 2144 suntin
587 2086 762 2152 dormitorio,
774 2086 954 2156 cooperiant3
967 2089 1016 2142 sed
1057 2084 1185 2155 busdam,
1204 2088 1252 2160 qui
1270 2094 1386 2144 cantant
1396 2089 1435 2144 ibi
1450 2092 1572 2160 psalmos
1598 2111 1650 2148 seu
1673 2096 1764 2166 legant
1784 2113 1836 2168 pas·

214 2195 311 2245 tamen
326 2188 355 2242 in
368 2185 427 2240 sola
441 2181 550 2237 cuculla
559 2184 588 2234 et
603 2177 712 2249 pellicio
722 2194 835 2232 currere
848 2178 1014 2247 nonlicebit,
1056 2176 1157 2240 siones,
1183 2178 1207 2232 si
1227 2178 1363 2234 memoria
1396 2178 1512 2234 redierit
1537 2189 1715 2254 aegrotem.)
1742 2186 1766 2240 Si
1784 2202 1835 2240 vero

214 2293 266 2332 nec
274 2273 435 2347 juvenibus,
451 2269 503 2325 nisi
517 2267 632 2322 laternis
645 2265 777 2320 accensis.
790 2265 824 2320 In
841 2267 912 2322 festo
929 2267 1013 2324 etiam
1055 2269 1154 2322 mortis
1161 2267 1309 2322 articulum
1322 2268 1428 2323 instare
1438 2269 1740 2344 denuoperspererint,
1750 2274 1835 2330 nihilo.

146 2373 147 2378 ’
211 2356 1012 2430 Albarumfratribusexpartealbisindutis,quinondum
1053 2355 1148 2410 minus
1166 2355 1262 2412 tabula
1289 2358 1456 2428 percutitur,
1483 2360 1640 2433 eodemque
1666 2363 1767 2434 ordine,
1791 2381 1834 2435 quo

211 2456 329 2511 chorum
339 2451 493 2515 intrabant,
504 2454 547 2502 est
554 2445 733 2501 currendum.
744 2445 785 2500 De
793 2461 891 2500 rasura
901 2463 1012 2518 quoque
1053 2445 1131 2517 prius
1148 2446 1183 2500 ab
1197 2446 1338 2516 omnibus,
1353 2448 1479 2504 curritur
1491 2449 1566 2516 illuc,
1580 2457 1610 2505 et
1621 2451 1772 2523 symbolum
1782 2449 1835 2507 fidei

211 2551 241 2601 et
253 2544 386 2616 capitulo,
400 2541 464 2594 lieet
477 2541 574 2609 postea
589 2534 728 2600 liniendis,
745 2535 819 2588 etde
830 2534 937 2602 litania,
950 2553 1011 2608 quae
1052 2536 1186 2607 adjuncta
1211 2535 1311 2590 litania
1336 2536 1457 2604 canitur,
1488 2543 1516 2592 et
1541 2539 1706 2610 hujusmodi
1733 2542 1833 2596 fratrum

210 2640 276 2707 post
289 2631 410 2705 primam
424 2629 467 2683 uel
482 2632 547 2682 ante
572 2625 686 2679 missam
716 2624 836 2691 canitur,
848 2624 908 2679 sine
931 2642 1010 2681 mora
1051 2624 1189 2679 revocatio
1200 2622 1361 2696 litaniaeque
1384 2626 1514 2698 repetitio
1533 2627 1640 2684 totiens
1665 2629 1762 2700 agitur,
1775 2645 1833 2700 quo-

209 2723 341 2779 curritur.
359 2718 639 2775 Recedentesautem
666 2713 805 2768 Litaniam
829 2729 844 2766 a
864 2713 934 2780 loco,
962 2714 1009 2769 ubi
1050 2711 1124 2766 tiens
1138 2729 1208 2784 opus
1222 2728 1283 2767 esse
1294 2713 1413 2768 videtur.
1424 2714 1494 2768 Cum
1505 2720 1602 2770 autem
1610 2718 1670 2787 jam
1682 2716 1833 2772 nondubita·

208 2813 326 2868 dimissa
340 2814 393 2879 est,
406 2810 548 2878 repetunt.
564 2805 595 2858 In
611 2808 692 2857 nocte
702 2802 882 2856 etiamflnitis
896 2810 1009 2858 noctur·
1050 2801 1144 2855 verint
1166 2818 1230 2856 eum
1247 2801 1349 2856 obiisse
1372 2803 1505 2859 dicuntur
1528 2821 1545 2858 a
1561 2804 1668 2860 domno
1691 2805 1782 2860 abbate
1798 2805 1832 2860 rel

206 2903 260 2970 nis,
273 2902 316 2956 uel
328 2900 352 2955 si
365 2905 432 2954 sunt
454 2893 599 2951 duodecim
619 2891 763 2958 lectiones,
786 2893 909 2963 perlecto
924 2909 1010 2964 super
1050 2889 1142 2961 priore
1156 2890 1199 2946 hm
1211 2891 1348 2946 collectae:
1365 2893 1420 2946 Pia
1431 2894 1632 2949 recordationis
1646 2899 1749 2963 affectu.
1764 2897 1830 2956 Deus,

207 2991 369 3062 analogium
388 2985 532 3057 evangelio
545 2989 575 3038 et
597 2982 732 3046 oratione,
749 2981 773 3035 si
789 2981 912 3035 nondum
928 2981 1006 3050 obiit,
1049 2982 1097 3032 cui
1110 2983 1204 3034 cilinio
1219 2983 1327 3034 vivunt.
1345 2981 1456 3050 Susripc
1480 2983 1596 3037 Dunense
1621 2988 1745 3040 animam
1763 2988 1829 3038 semi.

207 3099 305 3136 omnes
317 3083 445 3146 currunt,
460 3081 488 3131 et
502 3075 587 3129 allato
601 3087 716 3142 corpore
731 3071 760 3125 in
775 3070 921 3124 ecclesiam
942 3088 1006 3126 mox
1049 3068 1229 3123 'Praemissis
1244 3069 1288 3124 his
1299 3068 1440 3124 uersibus:
1457 3071 1496 3124 Ne
1507 3074 1604 3126 intres.
1623 3074 1643 3128 A
1661 3079 1737 3134 porto
1750 3077 1830 3142 inseri,

204 3169 338 3226 matutini
352 3167 501 3223 lectionem
519 3161 673 3233 incipiunt;
694 3160 772 3231 pn‘us
800 3165 896 3214 tamen
923 3159 1004 3216 dictis
1046 3161 1180 3213 Dominus
1194 3161 1342 3214 uobiscum.
1358 3160 1518 3214 Conventus
1532 3161 1630 3217 exiens
1645 3169 1677 3218 ut
1695 3161 1829 3224 consideat,

204 3260 322 3332 psalmis
336 3254 530 3316 familiaribus,
547 3253 571 3306 si
586 3249 697 3304 dicendi
721 3254 797 3303 sunt.
829 3249 863 3303 Et
882 3251 906 3303 si
930 3249 1005 3304 inter
1045 3252 1111 3302 ante
1127 3248 1264 3318 capellam
1281 3248 1309 3304 S.
1321 3247 1418 3302 Mariae
1428 3253 1525 3304 cantat
1539 3265 1673 3322 vesperos
1688 3267 1736 3324 pro
1749 3252 1831 3307 defun·

204 3349 356 3406 familiares
371 3346 502 3419 psalmos,
520 3341 561 3395 vel
576 3338 744 3394 etiaminlra
764 3337 888 3408 aliquam
908 3339 1005 3410 hujus·
1045 3336 1097 3390 etis
1111 3353 1167 3391 non
1187 3337 1243 3391 alia
1265 3337 1390 3402 collecta,
1420 3354 1504 3409 quam
1531 3355 1565 3393 ea
1588 3341 1652 3397 sola
1673 3358 1777 3413 semper
1791 3356 1828 3394 se·

204 3439 281 3494 modi
292 3435 477 3510 psalmodiam
491 3433 549 3485 laec
567 3426 736 3498 interruptio
755 3427 858 3497 agitur,
876 3428 1002 3498 psalmus
1045 3432 1157 3496 querite,
1174 3427 1348 3494 Omnipotens
1363 3431 1526 3496 sorapilerne
1539 3429 1625 3492 fleus,
1643 3434 1699 3485 coi.

203 3527 306 3599 aliquis
315 3542 348 3580 ex
361 3529 441 3596 parte
452 3524 590 3584 cantatus,
605 3522 636 3572 ut
650 3533 674 3570 v.
690 3533 718 3586 g.
745 3516 870 3587 psalmus
896 3516 943 3587 qui
967 3517 1003 3571 de
1081 3515 1129 3569 Est
1147 3518 1242 3569 autem
1257 3515 1439 3582 consuetudo,
1456 3521 1488 3569 ut
1509 3518 1638 3588 quandiu
1668 3536 1739 3590 ager
1758 3535 1828 3590 super
1909 3569 1910 3572 ,

203 3613 350 3670 refectorio
371 3611 501 3666 canitur:
520 3612 584 3678 post
603 3605 725 3660 reditum
743 3621 760 3658 a
780 3605 871 3676 capite
891 3612 935 3659 est
961 3605 1003 3660 in·
1043 3603 1161 3658 cilicium
1174 3605 1304 3674 jacuerit,
1320 3605 1497 3672 secretarius,
1510 3606 1558 3677 qui
1574 3607 1750 3679 horologium
1769 3613 1828 3662 tem·

203 3705 356 3762 choandus.
379 3703 457 3757 ldem
471 3704 500 3754 et
520 3695 625 3752 infirmi
651 3694 768 3754 iaciunt,
789 3699 902 3766 excepto
927 3695 1002 3767 quod
1043 3697 1133 3764 perat,
1149 3697 1213 3764 post
1227 3693 1439 3764 completorium
1449 3710 1512 3748 cum
1522 3692 1661 3752 absconsa
1671 3697 1734 3752 illuc
1742 3696 1827 3768 pergit,
1907 3735 1908 3765 ,

202 3796 302 3851 horam
316 3792 473 3864 regularem
485 3783 622 3859 posteaab
631 3783 712 3839 initio
722 3783 893 3838 recitandam
905 3785 1002 3840 andita
1043 3787 1072 3836 et
1082 3782 1248 3853 priusquam
1261 3782 1300 3837 ibi
1310 3783 1470 3848 decesserit,
1478 3787 1508 3838 et
1515 3789 1672 3856 antequam
1683 3785 1769 3857 pulset
1775 3784 1827 3838 scil·
1906 3821 1907 3832 ,

202 3887 301 3942 tabula
313 3884 470 3945 dimittunt,
501 3881 652 3931 nocturnos
668 3877 762 3928 autem
783 3873 824 3926 vel
845 3875 998 3928 matutinos
1039 3873 1094 3926 lam
1112 3872 1147 3926 nd
1171 3873 1355 3941 matutinum,
1371 3877 1399 3927 et
1413 3872 1496 3927 etiam
1513 3873 1542 3926 in
1562 3873 1620 3939 die,
1647 3880 1677 3929 et
1693 3875 1827 3929 seeundum

201 3976 327 4032 nondum
341 3972 436 4028 finitos
449 3987 465 4024 u
477 3969 547 4033 loco,
562 3963 763 4019 ubidimissum
770 3966 823 4032 est,
834 3969 998 4032 percantant
1041 3960 1114 4032 quod
1129 3960 1168 4015 ibi
1182 3960 1391 4032 deprehendere
1404 3961 1512 4032 potuit;
1528 3961 1726 4034 sictemperet‚
1738 3969 1764 4017 et
1775 3977 1824 4034 pro
1904 4001 1905 4004 ,

201 4068 237 4122 Et
263 4072 296 4122 ut
320 4061 400 4118 brevi
424 4064 488 4115 utar
513 4054 699 4123 conclusione,
723 4051 883 4122 quicunque
918 4053 997 4126 ordo,
1040 4049 1143 4116 videat,
1156 4065 1192 4105 ne
1206 4050 1365 4105 deservitio
1377 4049 1827 4122 DeipropterobitumFratrisuc·

200 4157 306 4226 absque
319 4152 373 4218 his,
385 4167 446 4222 quae
459 4150 573 4216 excepta
587 4146 662 4208 sunt,
674 4156 724 4212 pro
739 4139 901 4211 hujusmodi
915 4157 1000 4197 causa
1039 4139 1176 4211 gligentia
1188 4140 1310 4195 eveniat.

200 4240 425 4313 interrumpitur,
439 4238 496 4293 loto
510 4248 627 4305 corpore
639 4235 667 4285 et
683 4229 764 4292 tsicut
777 4229 882 4284 dictum
901 4235 951 4284 esti
969 4230 998 4285 in
1334 4229 1453 4286 CAPUT
1466 4229 1548 4284 miv,

199 4334 344 4390 ecelesiam
359 4329 454 4393 allato,
464 4324 582 4389 reditur,
608 4326 639 4376 ut
659 4318 734 4373 idem
758 4318 826 4372 ordo
852 4323 993 4378 serretur.
1269 4321 1305 4375 110
1319 4321 1419 4383 eodem,
1436 4321 1610 4375 cumam-ft

198 4419 358 4480 lufirmario
370 4423 465 4472 autem
480 4409 686 4486 procurandum
698 4411 750 4472 est,
779 4405 803 4460 si
825 4413 921 4462 tamen
935 4393 1029 4463 neni)
1073 4409 1135 4464 'Ut
1153 4413 1248 4464 autern
1262 4407 1372 4474 obierit,
1385 4423 1449 4462 mox
1458 4411 1658 4480 caputcapello
1672 4409 1825 4482 cooperitur,

197 4517 299 4584 potest,
315 4525 351 4564 ne
364 4503 514 4576 aliquando
522 4500 618 4556 tabula
627 4498 704 4569 prius
713 4496 897 4568 percutiatur,
911 4513 996 4568 quam
1038 4502 1066 4552 et
1082 4497 1181 4553 ultimo
1192 4503 1344 4570 properant
1353 4496 1489 4563 conversi,
1500 4499 1576 4568 (uu.)
1586 4505 1618 4553 ut
1626 4500 1737 4571 pulsent
1743 4497 1825 4553 omnia

197 4607 266 4656 tuuc
283 4599 392 4652 instans
407 4593 475 4650 ordo
487 4591 638 4662 impleatur
650 4585 716 4656 ;nisi
731 4585 824 4640 obitus
835 4585 995 4642 iratristam
1036 4587 1125 4659 signa,
1140 4593 1168 4642 et
1182 4587 1298 4659 prolixe,
1312 4593 1345 4641 ut
1355 4591 1506 4658 apportent
1520 4586 1614 4644 adhuc
1628 4589 1712 4646 aliam
1727 4601 1824 4644 crucem
1897 4641 1898 4652 ἶ

196 4705 284 4762 prope
298 4687 344 4752 sit,
359 4689 392 4740 ut
409 4683 484 4738 ultra
496 4678 601 4734 dillerri
615 4694 670 4732 non
685 4675 782 4747 possit.
795 4675 862 4740 Qum
874 4675 897 4730 si
920 4675 994 4731 infra
1036 4683 1064 4732 et
1076 4693 1177 4748 aquam
1190 4676 1375 4742 benedictam,
1390 4679 1473 4748 (vor.)
1487 4677 1659 4733 candelabra
1669 4684 1697 4734 et
1709 4676 1823 4733 thuribu-

198 4779 314 4834 missam
322 4775 468 4830 uelhoram
479 4769 634 4840 regularem
642 4764 994 4838 percutitur,iinitaeadem
1033 4766 1103 4833 lum,
1124 4773 1153 4822 et
1162 4783 1226 4820 mox
1239 4771 1271 4821 ut
1285 4767 1343 4820 haec
1359 4782 1426 4820 crus
1440 4771 1590 4838 apportata
1618 4768 1712 4832 suerit,
1740 4767 1821 4836 lignes

194 4868 288 4933 missa,
307 4869 337 4921 ct
347 4864 372 4918 si
386 4866 430 4917 est
442 4857 596 4918 Dominica,
614 4856 681 4910 data
690 4871 792 4909 mensae
801 4853 898 4908 lectori
908 4853 994 4910 bene·
1034 4861 1202 4927 reportatur.
1216 4855 1324 4920 Quibus
1338 4855 1431 4909 allatis
1442 4855 1590 4910 defunctus
1604 4873 1680 4929 aqua
1689 4854 1822 4911 benedicta

197 4957 328 5020 dictione,
343 4953 386 5009 uel
401 4950 480 5006 finita
498 4948 577 5014 hora,
597 4947 722 5017 itemque
740 4949 853 5015 accepta
873 4943 990 4999 benedi·
1032 4946 1199 5016 aspergitur,
1210 4944 1415 4998 etincensatur.
1428 4945 1440 4968 ‘
1451 4944 1518 4999 Post
1525 4944 1668 5000 modicum
1677 4943 1819 5000 simuleum

194 5047 286 5104 ctione
301 5045 333 5116 (si
348 5041 449 5114 aliquis
462 5040 497 5093 de
510 5038 554 5092 via
569 5051 696 5091 reuersus
710 5051 772 5089 eam
800 5039 843 5088 est
859 5039 989 5105 acceptu·
1030 5033 1128 5106 ipsius,
1144 5049 1206 5105 quae
1221 5038 1452 5104 apportatasunt,
1462 5033 1492 5088 in
1503 5033 1592 5088 cilicio
1603 5029 1819 5089 efferturiuadi·

191 5139 261 5206 rus),
273 5136 316 5190 vel
331 5133 355 5188 si
375 5137 418 5187 est
442 5129 477 5184 ad
504 5142 635 5198 vesperos
653 5130 704 5179 aut
728 5123 892 5188 matutinos,
916 5123 990 5179 fucta
1030 5123 1123 5176 culam
1147 5123 1222 5177 inter
1235 5123 1373 5192 capellam
1387 5123 1414 5178 S.
1432 5122 1536 5188 Mariae,
1549 5128 1578 5178 et
1592 5123 1772 5178 infirmariam
1785 5118 1817 5173 ud

191 5218 583 5288 commemorationealicujus
592 5215 680 5270 suncti
690 5214 725 5284 (si
737 5213 809 5268 forte
819 5219 860 5268 est
868 5213 987 5284 agenda)
1029 5212 1082 5267 hoc
1098 5213 1187 5266 solum
1201 5213 1314 5276 factam,
1327 5216 1359 5266 ut
1372 5211 1410 5266 ibi
1424 5212 1540 5267 lavetur.
1553 5211 1586 5266 In
1596 5228 1653 5284 qua
1663 5209 1819 5268 etiamfene·
1891 5259 1892 5270 ,

189 5323 218 5372 et
231 5316 254 5372 si
270 5321 314 5371 est
328 5310 484 5374 Dominica,
494 5309 560 5362 data
571 5304 698 5376 coquinae
710 5301 891 5358 servitoribus
902 5302 987 5357 bene-
1029 5307 1087 5356 stra
1100 5301 1306 5373 aliquantulum
1322 5299 1478 5372 majuscula
1489 5306 1541 5365 est,
1551 5301 1581 5356 in
1593 5318 1651 5372 qua
1660 5300 1817 5356 stamineum

188 5406 310 5460 dictione
323 5423 329 5472 ;
340 5409 408 5458 tunc
422 5399 445 5454 si
461 5397 584 5453 nondum
598 5393 677 5458 obiit,
693 5397 811 5447 currunt
829 5407 936 5456 omnes,
953 5409 986 5446 ac
1026 5397 1191 5463 ceteraque,
1208 5390 1309 5462 quibus
1323 5391 1471 5446 defunctus
1485 5390 1521 5444 ad
1532 5389 1817 5462 presensestinduen·

186 5495 210 5550 si
224 5494 321 5550 tabula
334 5493 539 5565 percuteretur,
545 5483 694 5546 cantando,
708 5489 740 5539 ut
749 5479 914 5554 praedictum
930 5488 982 5548 est,
1025 5479 1087 5546 dus,
1099 5481 1213 5536 interim
1229 5485 1411 5552 reponantur,
1421 5483 1494 5550 (ua.)
1506 5480 1559 5535 Sed
1570 5495 1693 5534 eurunec
1703 5480 1814 5550 portant,
1888 5521 1889 5526 ,

185 5583 354 5656 symbolum.
376 5580 406 5638 Si
432 5594 498 5634 uero
526 5573 626 5643 linivit,
650 5571 794 5628 moderate
815 5569 982 5640 incendunt,
1025 5570 1264 5640 reclamatum
1277 5569 1308 5626 in
1321 5568 1503 5642 sepulchrum
1524 5575 1635 5644 ponunt
1649 5567 1698 5626 alil
1712 5567 1814 5632 lmus,
