3934 6174
98 305 155 363 240
436 310 476 367 ΙΝ
494 309 529 367 Ι).
549 309 659 368 PAULI
678 307 791 372 aelst.
809 307 996 368 GOlfflEN'l'.
1018 339 1051 352 -
1071 308 1182 367 EPIS'l'.
1204 307 1240 367 11.
1260 310 1310 368 AD
1329 311 1412 371 GOR.
1683 315 1739 378 250

96 427 186 498 dona,
202 433 271 502 prela
285 433 371 503 diligo
384 433 530 501 convelat
546 433 678 489 conturbo
691 449 746 502 cos,
764 435 831 491 bone
849 437 946 490 animo
959 435 1042 502 facio,
1057 438 1090 488 at
1102 449 1147 489 occ
1161 434 1312 488 exhibeatis
1334 438 1429 502 castos,
1453 435 1484 490 id
1497 441 1544 503 est,
1558 439 1737 509 incorruptos

99 519 218 586 Christo,
235 523 283 576 cai
296 537 341 576 ror
354 522 493 592 aspondi.
509 521 536 588 5,
550 517 576 578 6.
594 520 887 594 Desponditenimros
899 522 949 578 uni
962 522 1022 578 viro
1031 521 1167 594 virginem
1175 524 1371 592 (virgineaontt
1382 539 1423 578 eos
1434 540 1487 579 esse
1499 527 1532 580 in
1543 526 1607 596 fide)
1617 530 1735 594 castam,

98 621 153 661 non
166 611 300 663 aetatem
314 611 399 676 idola,
417 608 548 664 exhibere
564 609 746 669 cananaea
762 618 854 667 tamara
869 611 895 667 7.
911 611 1009 668 Timeo
1024 615 1119 674 autem
1134 627 1179 678 ne,
1194 610 1267 666 sicut
1285 627 1400 682 serpens
1411 611 1496 667 Eram
1509 614 1619 670 seduxit
1632 615 1739 672 astutia

97 711 158 762 aas,
172 695 215 752 its
230 699 752 769 connmpanturpseadosensusvestri
761 703 790 756 et
799 699 929 756 excidant
939 698 1154 771 asimplicitate,
1165 700 1408 770 tantundemque
1421 705 1463 755 est
1475 701 1504 756 in
1513 703 1637 774 Christo,
1651 709 1692 761 oct
1701 708 1734 761 in

97 787 133 839 its
147 801 208 856 pne
218 792 285 840 sant
293 787 551 856 Christionodpati
559 803 616 844 non
628 789 736 844 dehetis.
748 786 775 857 8,
786 785 812 846 9.
821 790 893 846 Nam
903 787 1016 860 siisqui
1025 785 1201 856 renit,alium
1208 791 1343 858 majorem
1354 787 1496 845 Christum
1508 792 1643 863 predicat
1652 810 1737 866 quem

96 889 151 929 non
161 873 437 946 pradicasimusaut
447 875 534 932 alium
541 880 676 947 majorem
687 877 824 951 Spiritum
832 877 959 951 accipitis
966 886 1050 950 quem
1061 890 1118 932 non
1125 875 1271 949 accepistis
1283 881 1333 932 aut
1344 875 1422 932 aliud
1430 880 1544 947 dignius
1553 881 1736 954 Evangelium

95 963 171 1034 quod
184 977 244 1018 non
253 963 408 1036 recepistis,
421 970 496 1021 recte
508 966 687 1039 pateremini.
699 965 832 1024 Existimo
844 967 920 1024 euim
931 966 1004 1023 nihil
1014 983 1059 1022 me
1074 966 1167 1021 minus
1181 965 1279 1020 iecisse
1295 963 1328 1021 10
1338 981 1356 1020 a
1368 967 1479 1038 magnis
1487 971 1631 1041 apostolis,
1645 974 1734 1042 Petro,

101 1056 122 1117 Ι
133 1055 192 1118 19
203 1053 344 1126 Barrmto,
355 1059 380 1108 et
390 1058 507 1120 ceteris5
519 1056 561 1110 tt.
573 1071 639 1111 nam
650 1061 679 1112 et
687 1057 1012 1131 siimperitussermone‚
1023 1055 1072 1111 sed
1082 1054 1306 1111 eonscientialcl
1314 1059 1361 1122 ert,
1372 1057 1488 1111 scienter
1496 1057 1595 1126 aptit.
1606 1061 1639 1118 In
1649 1061 1737 1117 omni.

96 1139 252 1195 busautem
266 1140 437 1197 manifestati
444 1159 542 1198 sumus
550 1142 642 1202 robis.
651 1146 710 1201 hut
719 1145 761 1204 13.
774 1145 901 1218 nunquid
907 1149 1051 1217 peceatum
1058 1143 1119 1211 ieci,
1133 1143 1278 1214 meipsum
1288 1141 1450 1211 humilians,
1464 1149 1553 1201 utros
1562 1150 1594 1204 in
1603 1149 1737 1217 adcessi-

94 1229 195 1285 temini
204 1230 219 1284 t
227 1229 366 1295 Quoniam
375 1233 467 1304 gratis
475 1231 656 1305 Evangelium
664 1235 716 1292 liei
725 1235 911 1307 evangelizavi
916 1233 994 1290 robis
1004 1233 1017 1287 i
1026 1233 1104 1288 hlias
1112 1231 1248 1288 Ecclesiae
1257 1231 1408 1304 exspoliavi
1415 1231 1554 1305 accipiens
1563 1235 1735 1307 stipendium

94 1317 128 1372 ad
143 1318 338 1374 ministerium
348 1323 521 1387 vestrum,id
530 1328 568 1377 est
574 1323 934 1393 pradicationemvestram.
947 1324 982 1378 lit
992 1337 1152 1378 cumessam
1162 1321 1237 1394 apud
1246 1336 1295 1376 ros
1306 1325 1336 1376 et
1349 1337 1471 1392 egerem,
1479 1321 1558 1388 nulli,
1568 1325 1679 1392 aliquid
1689 1340 1736 1379 ro·

93 1407 195 1476 amdo,
211 1423 348 1463 onerosus
362 1408 418 1476 mn
439 1407 479 1466 id.
495 1425 561 1464 nam
577 1409 651 1482 quod
667 1408 736 1467 mihi
755 1412 861 1480 deerat,
882 1407 1084 1484 suppleverunt
1098 1411 1208 1476 fratres,
1232 1409 1281 1481 qui
1295 1414 1432 1464 venerunt
1444 1426 1462 1464 a
1472 1411 1651 1480 Macedonia;
1667 1417 1696 1468 et
1706 1411 1737 1467 in

93 1493 294 1552 omnibussine
302 1512 388 1553 onere
396 1513 443 1553 me
451 1495 529 1553 robis
541 1497 689 1567 servarint
697 1499 813 1556 servabo
824 1516 858 1556 nc
864 1501 1179 1572 putarentqnodamodo
1189 1499 1299 1568 aliquid
1308 1501 1385 1553 veltet
1395 1502 1736 1570 sameredusjnrandnm.

94 1581 259 1640 &ararites
273 1585 415 1642 christiin
430 1602 485 1652 me,
497 1587 631 1658 quoniam
645 1587 704 1643 hae
715 1605 771 1644 non
783 1591 938 1659 annuendi
956 1587 996 1646 15.
1008 1588 1139 1661 gloriatio
1150 1603 1207 1644 non
1216 1585 1388 1658 infringetur
1396 1587 1426 1642 in
1436 1586 1598 1658 regionibus
1612 1588 1735 1648 Achaim.

93 1672 244 1728 hteebanr
252 1675 328 1728 enim
337 1676 435 1731 timore
443 1691 499 1730 non
507 1678 619 1731 valendi
625 1682 789 1737 mnrertere.
800 1680 1009 1734 condilectione
1019 1679 1165 1732 abstinere.
1177 1677 1270 1741 Quare
1280 1692 1337 1732 non
1347 1678 1543 1746 infringetur?
1552 1677 1624 1742 Quia
1633 1693 1690 1732 non
1697 1677 1739 1732 di·

94 1759 149 1830 ligo
168 1760 241 1816 rosi
251 1761 328 1817 Deus
341 1762 396 1818 soit
409 1766 477 1833 pata
495 1779 540 1818 cos
554 1765 653 1834 diripe.
677 1763 757 1830 Quod
771 1771 867 1822 numm
883 1766 963 1834 iacio,
977 1768 1008 1822 id
1023 1773 1071 1834 est,
1083 1781 1140 1822 non
1161 1768 1274 1836 nupia,
1287 1770 1316 1821 et
1329 1765 1442 1832 faciam,
1458 1767 1560 1820 seilicet
1579 1766 1637 1820 ideo
1650 1767 1734 1835 facio,

94 1853 283 1920 utampntern
305 1850 479 1906 occasionem
496 1851 641 1922 pioriandi
656 1868 763 1922 eorum,
780 1855 892 1924 prendo,
914 1857 962 1930 qui
977 1855 1075 1912 solunt
1089 1854 1262 1911 occasionem
1276 1854 1433 1926 (plectendi
1456 1856 1489 1909 in
1507 1869 1545 1920 eo,
1568 1855 1641 1924 qnod
1660 1855 1736 1910 nibil

92 1937 270 2005 medimnda
283 1941 448 2009 ασσίρίιιηί),
462 1944 495 1996 ut
511 1938 553 2008 16,
567 1939 612 1999 n.
627 1939 657 1996 in
669 1957 725 2013 quo
738 1941 908 2014 gloriantur,
924 1943 1103 2000 inveniantur
1117 1941 1190 1998 sicut
1208 1947 1237 1998 et
1259 1957 1321 1998 nos.
1344 1944 1497 2012 Responsio,
1514 1938 1556 1999 18.
1571 1942 1644 1996 Nam
1659 1942 1735 2013 ejus·

95 2022 172 2079 modi
185 2025 414 2099 pseudoapostoli
427 2033 494 2084 sunt
505 2027 627 2102 operarii
636 2028 756 2097 subdoli,
772 2031 1007 2105 transfigurantes
1020 2048 1050 2087 se
1064 2032 1094 2087 in
1109 2029 1251 2104 apostolos
1259 2029 1374 2086 Christi.
1390 2029 1426 2086 Et
1441 2045 1497 2085 non
1512 2029 1626 2097 mirum,
1640 2033 1665 2084 si
1679 2031 1735 2084 nri·

95 2113 184 2166 nistre·
195 2111 248 2168 boc
256 2115 368 2182 sanant
376 2132 389 2184 ,·
400 2113 462 2188 ipse
477 2115 550 2171 enim
567 2116 687 2172 Satanas
699 2117 883 2190 tmasagurat
897 2135 928 2175 se
945 2119 976 2174 in
990 2119 1122 2194 angelum
1136 2119 1216 2175 lucis.
1231 2119 1294 2175 Non
1308 2123 1425 2190 estergo
1441 2119 1590 2185 (conclusio
1604 2133 1622 2172 c
1635 2117 1736 2182 simite]
1754 2181 1757 2188 y

94 2201 283 2286 magnumst
298 2201 421 2260 miniani
443 2205 504 2276 ojus
522 2203 771 2280 transfigurentur,
791 2207 870 2264 velut
889 2207 1013 2264 ministri
1033 2207 1161 2278 justitie,
1178 2222 1298 2282 quorum
1321 2205 1386 2263 linis
1406 2205 1461 2262 erit
1482 2204 1636 2262 secundum
1650 2219 1737 2280 opera

769 2382 1061 2442 COMMENTARIUS.

92 2571 185 2628 opera
193 2571 292 2614 eorum
304 2563 434 2615 moretur
446 2575 479 2616 eo
490 2565 570 2617 mons
585 2560 634 2633 qai
643 2559 798 2619 secundum
805 2563 1023 2627 DeumAcausa
1038 2561 1092 2619 hoc
1115 2561 1194 2632 dicit,
1219 2563 1262 2620 vel
1283 2569 1316 2620 ut
1332 2563 1448 2637 quidam
1473 2564 1577 2634 dicant,
1596 2561 1737 2636 impedita

93 2651 147 2702 cst.
166 2645 219 2702 list
231 2647 308 2704 enim
321 2647 352 2703 in
366 2648 430 2704 aliis
440 2655 544 2718 motus,
558 2649 608 2723 qui
620 2650 726 2707 invidia
739 2651 853 2709 dicitm.
935 2651 1021 2709 fucrit
1034 2652 1152 2724 linguae3
1173 2652 1322 2709 scientiam
1342 2653 1418 2710 enim
1431 2669 1546 2710 oausam
1563 2653 1651 2710 titisse
1667 2650 1737 2710 dicit

125 2735 156 2790 5.
180 2735 308 2792 husun.
324 2736 383 2806 tlib.
400 2734 436 2795 83
448 2739 556 2807 obest,
572 2743 683 2812 quast,
696 2739 739 2807 59,
750 2744 820 2797 tom.
835 2741 893 2808 IV).
936 2740 1011 2813 quod
1023 2745 1105 2796 tanta
1118 2745 1250 2814 operatus
1264 2741 1311 2798 sit.

91 2825 239 2894 liuprrndi'
247 2827 323 2880 enim
336 2825 481 2882 vonNnnc
489 2828 657 2902 desponsata
666 2829 789 2885 Ecclesia
802 2835 855 2899 est,
867 2835 896 2886 at
970 2828 1015 2886 11.
1030 2831 1157 2886 danaos.
1169 2832 1243 2885 Nam
1254 2835 1278 2885 at
1290 2832 1316 2884 si
1324 2831 1480 2900 imperitas.
1493 2829 1552 2885 Hoc
1561 2846 1618 2885 uon
1630 2830 1738 2904 adapo-

90 2913 178 2985 rirgo
191 2919 246 2981 est,
268 2913 304 2969 ad
326 2915 441 2988 nuptias
464 2917 653 2989 perducenda,
675 2918 704 2974 id
723 2923 775 2987 est,
792 2935 896 2975 carnae
936 2918 1023 2974 stolas
1038 2918 1170 2991 pertinet,
1183 2917 1232 2974 sed
1246 2918 1297 2973 hos
1306 2919 1398 2990 tangit
1409 2931 1479 2991 quos
1486 2917 1673 2991 praeferebant
1681 2920 1735 2975 (to-

90 3002 250 3058 contincta
261 3003 441 3077 corruptione
450 3007 587 3062 saeculari.
600 3007 652 3064 Illo
661 3013 757 3063 autern
768 3012 895 3081 tempore
936 3005 1043 3074 mathil,
1057 3023 1142 3062 causa
1155 3007 1278 3062 accurati
1293 3007 1440 3074 sermonis,
1463 3023 1527 3063 cum
1549 3007 1579 3063 in
1601 3007 1737 3078 religione
1825 3019 1833 3026 '

89 3091 194 3158 aaut
203 3105 262 3164 qao
276 3093 407 3149 universe
417 3096 591 3151 mortalitate
605 3097 894 3169 pretereunte[at.,in
936 3095 977 3152 vis
990 3096 1129 3153 sermonis
1143 3095 1301 3152 necessaria
1312 3095 1358 3164 sit,
1374 3112 1431 3152 non
1443 3112 1530 3152 sonus
1544 3096 1644 3152 dulcis.

90 3196 124 3235 so
137 3181 304 3253 percnum,
320 3182 474 3239 immortali
485 3185 682 3257 conjunctione
696 3185 816 3241 fruetur.
971 3183 1016 3242 12.
1031 3186 1135 3241 Lassa.
1147 3187 1180 3241 ln
1196 3187 1336 3252 omnihus,
1348 3187 1402 3239 etc.
1415 3184 1552 3241 Omnibus
1561 3183 1639 3241 vobis
1649 3184 1738 3241 mani·

124 3265 155 3326 6.
170 3269 277 3350 Latera.
292 3271 428 3340 Despondi
443 3276 519 3329 enim
528 3289 582 3329 vos.
592 3275 896 3332 Gausacureesaemu·
937 3271 1211 3345 festussumquodin
1221 3272 1734 3346 omnibus,licetimperitussermone,

91 3355 182 3422 letum
197 3355 266 3429 qnia
285 3357 415 3414 noeticae
436 3359 540 3416 annulo
562 3361 628 3418 fidei
649 3361 828 3434 desponsavit
850 3377 898 3420 eos
938 3360 1293 3434 scientermehahui,quia
1306 3362 1484 3434 nonpeocari
1498 3362 1590 3418 inhoc
1604 3360 1735 3434 quodme

90 3446 140 3500 nni
155 3445 233 3516 viro,
248 3445 364 3513 subeat,
374 3447 498 3518 Christo,
509 3453 541 3505 nt
554 3448 704 3507 exhibeant
718 3451 826 3524 seipsos
839 3467 897 3509 cas·
936 3451 1090 3516 humiliavi,
1107 3451 1151 3505 vel
1174 3447 1248 3521 quod
1274 3451 1363 3523 gratis
1380 3449 1538 3523 praedicari,
1562 3449 1592 3505 id
1615 3452 1667 3518 est,
1681 3464 1739 3505 non

90 3539 151 3590 um
167 3534 309 3607 virginem
324 3536 388 3592 sibi.
696 3533 699 3540 “
938 3540 1081 3613 capiensa
1098 3537 1176 3594 vobis
1191 3544 1330 3611 sumptus,
1347 3538 1414 3595 dum
1426 3537 1619 3611 predicarem.
1634 3537 1672 3594 Et
1685 3539 1739 3594 hoc

125 3623 153 3678 7.
168 3625 299 3680 uanos.
317 3625 408 3682 i'irueo
420 3632 525 3683 antem.
542 3627 673 3685 Ostendit
687 3645 743 3701 qua
756 3645 840 3686 caasa
849 3645 897 3685 co·
939 3628 1044 3703 probat
1055 3647 1062 3698 ;
1075 3642 1141 3683 nam
1157 3623 1508 3700 abaliis,inquit‚licclesiis
1521 3633 1634 3683 tantum
1647 3626 1738 3700 capie-

89 3711 169 3783 gitnr
181 3729 256 3768 sera
268 3715 304 3769 de
318 3731 350 3771 se
364 3718 539 3788 prostestari,
550 3723 646 3774 nonut
659 3733 689 3774 se
698 3719 901 3786 laudet,sedut
940 3719 1004 3774 bam
1018 3715 1202 3791 stipendium,
1219 3717 1287 3773 dum
1301 3715 1378 3772 vobis
1392 3717 1585 3789 praedicarem.

91 3801 304 3872 waddnrmet,
320 3804 369 3877 qni
382 3805 434 3861 sub
450 3807 565 3862 nomine
579 3805 685 3863 Christi
698 3812 797 3864 contra
811 3801 928 3864 Chri-B
974 3805 1019 3864 13.
1035 3808 1159 3863 mneos.
1176 3806 1314 3878 Nunqaid
1323 3810 1476 3876 peccatum.
1496 3803 1625 3877 seipsum
1643 3804 1738 3861 hami·

88 3895 167 3946 num
179 3891 349 3965 pradicant.
375 3895 435 3951 Hoc
450 3895 526 3951 enim
540 3897 608 3968 agit,
631 3913 667 3952 ne
686 3897 839 3952 audiantur
852 3913 895 3952 sc·
942 3895 1002 3962 liat,
1019 3895 1127 3952 numid
1141 3894 1215 3966 quod
1229 3892 1283 3949 sibi
1293 3893 1449 3950 debebatur
1458 3909 1515 3950 non
1528 3893 1629 3966 exegit.

89 3979 238 4048 iactares,
253 3997 324 4054 quos
339 3982 450 4041 diabolo
464 3989 610 4057 comparat
623 3989 739 4059 propter
753 3985 897 4042 astutiam.
975 3984 1020 4041 rt.
1036 3985 1139 4040 Laura.
1153 3983 1226 4039 Nom
1239 3983 1313 4053 qnod
1327 3983 1398 4038 mibi
1414 3985 1515 4038 deerat.
1533 3982 1620 4049 Quasi
1636 3981 1738 4058 aliquis

124 4071 143 4127 8
171 4071 287 4127 Names·
301 4075 325 4126 is
341 4074 392 4144 qni
405 4077 490 4128 venit.
498 4073 637 4146 Loquitur
651 4073 771 4130 hocloco
781 4075 816 4131 de
826 4075 899 4131 veris
940 4074 1047 4130 dicaret
1063 4091 1069 4126 ι
1085 4071 1165 4129 Unde
1179 4087 1245 4144 ergo
1258 4070 1391 4127 virebant

89 4157 337 4228 prndmetoribns,
345 4158 500 4232 qniaplebs
510 4161 719 4218 corinthiorum
727 4161 812 4218 variis
820 4179 897 4218 erro·
924 4217 926 4222 ,
980 4159 1738 4230 15.Annaos.Hacptoriftcotiononinsrinpetar.Gloria

88 4246 172 4302 ribus
185 4247 355 4304 fluctuabat.
371 4249 445 4305 Nam
455 4249 504 4305 alii
511 4249 763 4324 pseudoapostolis,
774 4251 823 4306 alii
833 4267 898 4324 apo·
940 4259 984 4308 est
996 4250 1108 4307 elicitis
1123 4248 1273 4316 abstinere,
1285 4248 1406 4303 maxime
1420 4248 1456 4304 ad
1468 4248 1589 4304 aliorum
1603 4249 1735 4305 salutem.

89 4335 176 4391 stolis
187 4336 324 4393 favebam
336 4337 385 4409 qui
399 4353 463 4394 cum
479 4339 600 4396 Domino
612 4339 734 4408 inerant,
746 4338 782 4395 de
797 4339 898 4413 quibus
976 4339 1121 4410 turneio
1133 4340 1307 4408 gloriantur.
1324 4336 1420 4392 Gloria
1433 4337 1737 4410 pseudoapostolorum

86 4425 250 4498 Apostolus
262 4425 306 4481 ait
321 4443 329 4483 :
343 4425 372 4483 Si
387 4427 480 4500 potior
493 4427 622 4484 thstus
635 4427 670 4484 ab
684 4427 728 4484 his
739 4427 817 4484 robis
826 4446 899 4503 praa·
938 4431 970 4486 in
982 4427 1109 4503 pecuniis
1123 4431 1186 4482 erat
1197 4425 1376 4501 accipiendis.
1384 4425 1451 4482 ldeo
1463 4427 1615 4499 Apostolus
1627 4426 1681 4483 hoc
1694 4443 1737 4483 re-

86 4514 205 4571 dicatur
218 4503 331 4585 fnisset,
345 4519 397 4572 aut
408 4517 501 4590 potior
513 4517 635 4590 Spiritus
649 4518 741 4585 datus,
757 4521 833 4574 recte
851 4533 899 4575 no·
939 4518 1052 4584 fumuit,
1066 4533 1102 4572 ue
1118 4515 1175 4571 illis
1195 4514 1295 4571 similis
1308 4515 1459 4581 videretur,
1480 4515 1547 4587 quia
1567 4515 1622 4570 nisi
1636 4516 1689 4571 hoc
1700 4515 1736 4572 ab

86 4603 130 4660 bis
146 4621 201 4660 eos
215 4604 430 4678 praeponeretis.
938 4606 1074 4680 hpostolo
1098 4605 1198 4661 suisset
1214 4604 1344 4672 vitatum,
1354 4605 1447 4676 major
1455 4604 1562 4660 occasio
1572 4604 1629 4661 illis
1637 4605 1738 4662 inisset

121 4693 156 4749 9.
174 4693 284 4750 lausa.
300 4695 372 4750 dem
383 4697 409 4750 si
421 4697 446 4750 ia
459 4697 510 4765 pai
521 4698 606 4751 venit.
615 4692 645 4752 Si
663 4691 697 4764 is,
713 4695 817 4769 iuquit,
831 4711 896 4770 prae
940 4698 1007 4754 data
1022 4693 1187 4768 accipiendi.

84 4783 206 4839 dicatae
218 4783 269 4855 qui
282 4783 493 4840 vanitetaDeo
503 4797 560 4840 non
570 4783 702 4854 mittitur,
714 4785 799 4841 aliam
813 4785 899 4840 fldem
974 4783 1019 4841 17.
1035 4784 1140 4840 Laura.
1157 4784 1191 4839 In
1212 4798 1266 4852 qno
1282 4781 1548 4852 ploricntnr.1deo,
1565 4783 1667 4856 inquit,
1679 4801 1737 4842 noa

85 4871 265 4944 pmdicaret
276 4870 367 4939 nobis,
383 4876 412 4928 et
423 4888 475 4945 per
488 4889 551 4928 eam
561 4872 646 4929 fldem
660 4873 748 4929 alium
762 4873 899 4947 Spiritum
939 4873 1055 4945 accipio,
1070 4876 1104 4928 ut
1117 4871 1148 4926 in
1162 4887 1217 4944 quo
1228 4870 1395 4944 gloriantur,
1410 4870 1503 4930 idest.
1516 4871 1546 4928 in
1565 4872 1735 4945 accipiendo,

84 4961 275 5035 acciperetis,
291 4966 433 5034 utcunque
454 4961 601 5020 tolerabile
615 4968 698 5033 esset,
712 4963 737 5021 si
751 4965 900 5038 ejusdam·
939 4961 1119 5018 inveniantur
1144 4960 1225 5016 nobis
1249 4960 1356 5018 similes
1373 4976 1437 5016 cum
1458 4976 1510 5017 nos
1532 4976 1644 5034 quoque
1666 4961 1737 5019 nihil

84 5051 245 5106 Manem
263 5051 446 5124 pateremini,
466 5053 585 5124 possetis
605 5052 680 5108 enim
695 5052 788 5110 dicere
802 5076 808 5112 ι
823 5054 899 5109 Pru·
940 5051 1093 5125 capiamus.
1117 5048 1169 5104 Vel
1182 5047 1247 5105 ideo
1261 5065 1319 5105 non
1332 5049 1449 5121 accipio,
1465 5050 1532 5123 quia
1542 5050 1656 5122 quidam
1667 5067 1737 5123 prm-

83 5139 198 5196 dicatio
213 5139 278 5210 ejus
292 5139 535 5212 meliorestquam
550 5141 642 5197 Pauli.
654 5141 736 5198 Nunc
750 5157 826 5210 vero,
836 5157 899 5199 cum
908 5139 929 5203 C
938 5137 1095 5196 dicatorum
1116 5137 1177 5195 sine
1189 5137 1328 5210 stipendio
1342 5137 1532 5210 predicabant
1546 5138 1735 5206 mendacium,

83 5229 230 5285 amdam
240 5227 326 5283 iidem
338 5225 500 5302 pradicant,
514 5233 543 5286 et
562 5247 596 5286 ex
607 5243 658 5286 saa
667 5236 748 5303 parte
760 5230 843 5304 plura
857 5248 900 5288 re·
939 5235 973 5285 ut
984 5224 1109 5300 religiosi
1123 5225 1327 5296 viderentur,et
1337 5244 1368 5284 se
1380 5227 1461 5285 nobis
1475 5226 1607 5301 praeferre
1616 5226 1734 5300 possint.

83 5317 228 5391 quenda
237 5315 419 5390 addant,pati
428 5319 611 5388 nondebetis3
624 5325 652 5375 et
661 5319 900 5394 hicincipitexpo-
974 5317 1020 5374 18.
1034 5317 1107 5374 nam
1119 5317 1254 5386 ejanrnodi
1267 5319 1491 5388 pseanaponon.
1501 5315 1602 5372 Reddit
1609 5331 1734 5384 causam,

82 5405 898 5481 nes-eilladfflodicaminripr'entiadequosuperinsdixit.
940 5424 990 5466 cur
998 5405 1113 5479 qnidam
1126 5405 1240 5463 illorum
1249 5405 1310 5462 sine
1322 5405 1469 5480 stipendiis
1478 5405 1672 5478 predicarent.
1681 5405 1737 5460 Per

119 5495 174 5553 1⁰.
193 5495 221 5554 Δ
237 5497 345 5565 marnis
362 5499 502 5578 apostolis.
514 5498 539 5554 h
552 5497 673 5570 magnis,
689 5503 795 5570 quanto
809 5497 899 5571 magis
939 5498 1002 5565 hoc,
1012 5495 1114 5570 inquit,
1128 5497 1334 5570 transfigurant
1346 5511 1377 5552 se
1390 5494 1420 5551 in
1434 5493 1575 5573 apostolos
1588 5493 1669 5564 lucis,
1686 5509 1736 5552 seu

83 5585 122 5644 ab
135 5583 195 5644 ais
216 5581 265 5657 qui
287 5580 358 5644 nibil
375 5584 465 5643 sunt?
485 5585 643 5659 immin,
667 5585 898 5650 verumtatem
940 5585 1055 5650 Christi.
