3896 6170
111 279 173 340 tua
843 281 988 339 mustea
1666 267 1741 327 idid

111 404 222 459 mure.
236 405 687 470 aumusmimrommexorutss
696 408 1040 468 mensuraminhcatera
1066 401 1153 460 veluti
1174 404 1254 458 tonte
1286 402 1409 474 quodam
1433 399 1617 468 derirantur,
1630 407 1741 452 ‘nomen

110 491 281 549 tetrachorda
304 495 454 551 diuidendo
471 503 563 552 arete
576 491 767 570 hyperboleon
782 499 897 554 deseen-
945 495 1160 568 principalitatis
1183 493 1368 562 edoctumque
1395 497 1503 545 natura
1523 487 1681 543 mirabilem
1705 484 1741 539 ab

111 584 196 638 dimus
210 583 345 650 dicentes,
361 590 446 639 tonus
461 589 546 640 tonus
566 587 759 652 semitonium,
778 587 904 658 itemque
939 587 1005 658 ipso
1017 589 1191 640 mutuantur.
1208 583 1336 652 Namque
1346 579 1525 634 tetrachorda
1539 577 1677 640 finalium,
1692 589 1741 628 su-

112 679 189 726 toaus
196 673 483 741 tonussemitonium
497 674 565 745 quid
572 675 648 732 aliud
656 691 741 746 quam
751 675 903 747 illepidum
939 674 1095 746 puriorum,
1113 671 1319 733 excellentium,
1337 669 1410 724 nihil
1425 667 1500 722 aliud
1517 671 1592 730 sunt,
1616 663 1670 720 nisi
1685 663 1740 718 hu-

111 761 275 816 statuimust
286 762 386 834 Specie
399 779 511 834 quoque
521 761 690 836 discrepant.
707 765 840 836 quoniam
854 765 903 820 illa
939 757 989 834 ljos
1003 768 1142 834 quaterna
1149 758 1259 833 positio,
1267 760 1325 814 sive
1335 765 1419 813 terna
1428 755 1568 828 repetitio.
1581 753 1661 818 Quod
1670 753 1743 806 mul·

112 850 285 909 semitonium
312 851 419 906 babent
429 851 458 906 in
475 852 587 920 ultimo,
606 852 663 913 ista
675 853 709 908 in
724 855 816 908 medio
832 873 838 906 :
855 855 904 907 illa
943 851 1086 924 tiplicibus
1100 851 1235 905 excausis
1247 848 1400 920 principale
1412 845 1504 900 rocari
1514 842 1678 899 rideturtin
1688 840 1743 922 pri-

111 939 170 994 bina
185 946 214 994 et
226 939 300 1004 bina,
321 941 351 1000 in
370 946 492 1012 utroquo
506 939 642 1014 diapason
662 941 821 1014 conjuncta,
838 943 904 1014 quia
945 937 1429 1013 mis,quiaprimum1estomnium;
1445 933 1577 1000 secundo,
1595 932 1669 1014 ¹quod
1682 929 1743 1002 pri·

112 1029 262 1084 Goidouem
276 1027 306 1083 in
319 1027 478 1087 litterarum
499 1029 637 1101 positione
659 1032 814 1103 sequimur,
829 1047 854 1086 e.
875 1037 905 1086 et
944 1031 998 1085 mis
1014 1029 1209 1101 principalium
1227 1026 1471 1082 tetrachordorum
1485 1021 1577 1077 nervis
1587 1019 1742 1088 clauditur;

112 1117 296 1188 llspnaphen,
323 1123 423 1172 tonum
446 1134 511 1174 sero
539 1135 625 1192 supra
649 1135 726 1174 mese
747 1120 903 1191 proximum
943 1119 1038 1182 tertio,
1046 1118 1270 1190 quodtroporum
1279 1113 1443 1170 differentiae
1452 1129 1485 1166 er
1494 1129 1527 1166 eo
1538 1111 1741 1190 producuntur,

111 1207 249 1261 diezeuxin
263 1206 416 1262 habebunt.
431 1206 491 1262 leta
504 1207 590 1264 simili
602 1209 684 1262 modo
697 1209 902 1280 simpulentur,
941 1208 967 1264 si
987 1207 1135 1264 harmonia
1155 1204 1228 1260 inira
1241 1211 1350 1276 septem
1369 1201 1535 1274 principalia
1553 1201 1641 1254 duum
1652 1203 1743 1252 tetra·

111 1295 139 1349 u.
154 1293 226 1349 ntd.
247 1296 405 1368 synaphen,
420 1301 519 1352 tonum
534 1301 628 1352 autem
643 1297 820 1367 infremere)
836 1315 903 1370 pro·
936 1293 1123 1363 chordorum,
1147 1295 1240 1366 gravis
1263 1294 1369 1348 scilicet
1392 1298 1421 1346 et
1447 1289 1548 1354 linaiis,
1581 1287 1743 1343 discrimina

112 1385 209 1443 xlmam
219 1383 365 1440 dieseusin
375 1385 733 1456 designabunt.lnillorum
743 1386 902 1442 rnimduali
944 1391 1121 1452 coarctatum
1136 1390 1236 1456 quarto
1252 1384 1326 1454 quod
1341 1383 1395 1446 (inl
1406 1375 1532 1452 generali
1543 1376 1745 1433 constitutione

111 1461 309 1544 conjunctione,
321 1474 378 1528 sire
392 1474 529 1546 singulari
543 1475 726 1547 dispositione
742 1476 905 1547 deutroque
945 1481 1090 1546 troporum
1110 1491 1143 1528 ex
1164 1475 1217 1528 hoc
1240 1472 1421 1528 constituitur
1433 1475 1541 1542 protus,
1556 1467 1656 1522 sicuta
1668 1463 1745 1519 finali

112 1561 240 1633 diapason
252 1569 337 1618 tonus
348 1571 484 1628 remanet,
499 1567 788 1632 r'ns'tlorumialerius,
799 1565 829 1619 in
839 1565 906 1620 isto·
945 1557 1103 1631 tetrardum
1116 1563 1224 1635 quinto.
1240 1562 1315 1634 quod
1330 1560 1421 1614 omnis
1436 1559 1594 1630 specierum
1606 1553 1745 1609 naturalis

111 1667 164 1706 mm
181 1651 322 1722 saperius,
339 1651 441 1705 exiliis
456 1651 531 1706 enirn
550 1652 671 1722 primum
687 1653 832 1707 descendit
845 1653 905 1706 ab·
947 1655 1015 1708 ordo
1036 1659 1065 1708 et
1084 1653 1242 1714 calculatio,
1267 1652 1328 1722 ipsa
1353 1649 1437 1704 etiam
1464 1653 1564 1703 catera
1585 1645 1746 1699 tristetra·

111 1739 166 1794 ine.
180 1740 337 1796 secundum
348 1740 385 1795 ab
398 1757 422 1794 e.
431 1739 462 1794 in
476 1739 502 1794 b.
519 1745 548 1795 et
560 1740 601 1794 ibi
614 1747 779 1796 remanente
790 1759 840 1796 seu
851 1728 1061 1804 dis-lichenis,
1075 1749 1201 1813 totaque,
1220 1746 1252 1796 ut
1272 1739 1462 1811 praediximus,
1477 1733 1634 1800 harmohia,
1647 1731 1700 1787 sed
1715 1735 1745 1785 et

108 1830 239 1900 jungente
250 1835 328 1896 tono,
345 1830 461 1884 tortium
475 1830 629 1886 dimittitur
643 1829 678 1885 ab
688 1833 721 1885 Α,
738 1831 766 1885 in
776 1831 810 1884 a.
823 1847 905 1903 quar-
941 1839 1067 1904 vquatuor
1086 1838 1231 1903 troporum
1250 1830 1390 1884 elementa
1399 1825 1456 1880 sive
1471 1823 1632 1887 mutatoria,
1641 1817 1743 1890 eripio

111 1925 162 1972 turn
176 1919 214 1972 ab
233 1918 267 1973 E.
286 1919 317 1973 in
336 1919 370 1973 B.
386 1919 511 1990 itemque
522 1925 606 1974 tonus
618 1920 767 1990 supererit.
785 1921 905 1974 licentra
946 1921 1025 1992 quasi
1036 1921 1157 1992 quodam
1172 1911 1365 1973 naturaeion'te
1375 1915 1569 1986 producuntur
1580 1909 1746 1966 etderiran·

111 2023 139 2061 er
151 2007 346 2079 istisprimum
358 2007 484 2062 ascendit
495 2007 531 2062 ab
541 2009 576 2063 A.
589 2008 665 2062 inl).
679 2009 902 2064 secundumaD.
944 2017 1001 2065 tur.
1032 2011 1157 2075 Quorum
1185 2007 1312 2080 quiedam
1344 2005 1379 2058 ad
1412 2019 1534 2076 presens
1555 2003 1744 2084 exponuntur·

111 2097 136 2150 in
147 2095 180 2152 (l.
196 2095 247 2150 sbi
263 2103 331 2151 tono
342 2101 466 2152 testante
478 2096 598 2152 tertium
614 2098 725 2153 scandit
736 2097 771 2152 ab
782 2113 813 2151 a.
829 2099 858 2153 in
873 2099 902 2153 d.
945 2099 1073 2170 quedam
1088 2113 1153 2152 vero
1171 2102 1229 2166 port
1250 2094 1309 2150 auis
1324 2094 1357 2148 in
1369 2093 1439 2148 locis
1457 2091 1566 2164 plenius
1580 2085 1744 2160 exportanda

110 2191 238 2256 quonum
252 2201 271 2238 a
288 2186 317 2241 d.
335 2185 368 2240 in
386 2202 416 2256 g.
431 2191 499 2240 tono
514 2186 583 2240 item
597 2187 752 2258 superfluo.
771 2188 824 2242 llla
837 2193 905 2244 sunt
944 2195 1131 2242 reservantur.

112 2274 255 2336 notabilia.
281 2275 340 2329 lsts
360 2274 485 2338 nomino,
506 2275 579 2330 sicin
593 2281 622 2330 et
636 2280 711 2332 sunt.
729 2275 901 2348 principalia.
1324 2274 1371 2330 lv.

112 2361 155 2416 fla
166 2362 381 2434 suntspeciiioae
392 2364 636 2420 tetrachordorum
652 2365 826 2421 differentiae.
842 2366 904 2420 ltu-
1039 2366 1080 2420 llo
1093 2365 1192 2433 qmbtu
1206 2365 1299 2418 musis
1315 2367 1445 2418 porriitur
1455 2359 1641 2430 principalis.

110 2452 250 2506 sicaenim
267 2452 567 2523 speciesestquoedam
584 2452 845 2509 habitudodisarsa
855 2471 905 2526 po·
984 2454 1112 2508 Primum
1126 2461 1220 2508 autem
1230 2462 1256 2508 at
1271 2453 1407 2517 omnium,
1419 2451 1486 2521 quio
1501 2449 1573 2503 mira
1581 2453 1611 2502 et
1623 2442 1746 2502 naturali

112 2542 216 2596 abonis
229 2547 362 2596 tonorum
378 2549 408 2595 ct
417 2541 638 2600 smmtoaionsm.
947 2545 1069 2614 quedam
1094 2543 1318 2614 investigatione,
1334 2555 1390 2594 non
1405 2536 1496 2594 solum
1510 2542 1576 2591 ante
1589 2535 1646 2588 alia
1660 2537 1746 2587 tetra·

142 2631 230 2686 Orsa.
245 2629 333 2688 Video
348 2631 422 2702 quod
441 2631 547 2686 trustra
559 2632 594 2686 de
609 2631 751 2702 impositis
762 2631 814 2686 tibi
825 2649 907 2704 ‹qure
947 2634 1061 2694 chorda,
1083 2631 1135 2687 esd
1156 2639 1221 2694 ante
1242 2632 1336 2686 omnia
1350 2625 1491 2685 minonem
1504 2639 1640 2681 sonorum
1657 2622 1746 2708 inim·

109 2719 245 2784 odonibus
266 2725 439 2790 conquestus
457 2735 495 2776 es.
513 2720 625 2788 Petenti
639 2720 715 2776 enim
730 2721 907 2792 aperu'ssime
946 2719 1236 2793 vallastatimiuipso
1246 2719 1428 2776 mensurandi
1441 2712 1622 2772 monochordi
1631 2711 1746 2796 effulget

110 2823 235 2879 nomque
256 2813 407 2863 masters
427 2807 595 2879 merentis
608 2808 906 2880 institutionisgressu
944 2811 1038 2865 initio.
1060 2810 1153 2865 'lanta
1175 2810 1250 2866 enim
1271 2810 1311 2863 vis
1326 2813 1356 2862 et
1371 2807 1458 2861 virtus
1479 2806 1553 2860 inest
1570 2796 1747 2874 proportioni

109 2899 252 2970 arripuisti
270 2899 364 2966 riam3
384 2899 459 2954 uude
474 2899 653 2970 perveniendi
668 2898 740 2954 vires
753 2899 804 2954 tibi
819 2901 903 2956 etiam
947 2900 1119 2971 quadruplae,
1133 2905 1165 2954 ut
1179 2898 1315 2970 quidquid
1325 2913 1443 2969 peream
1454 2895 1608 2960 ilat,totum
1620 2888 1743 2954 nomlne,

107 2988 245 3042 mustiori
264 2987 392 3053 sufficere
409 3005 467 3042 non
495 2987 631 3044 dubitem.
655 2989 718 3047 Jam
741 2989 768 3042 in
789 2989 905 3045 direrm
945 3006 1011 3045 socc
1035 2995 1064 3044 et
1085 2987 1223 3059 dignitate
1237 2985 1273 3041 sit
1293 2987 1422 3058 primum.
1439 2986 1539 3055 ltaque
1553 2975 1742 3035 monochordo

111 3077 281 3132 musicorum
294 3077 405 3148 scriptis
419 3077 528 3144 mdem,
544 3093 606 3148 apae
619 3077 724 3142 dixisti,
734 3047 1103 3150 eodligunturcinquatuor
1117 3077 1209 3148 spatia
1222 3076 1354 3148 prinritus
1369 3073 1468 3130 diviso.
1484 3071 1608 3144 primum
1620 3067 1744 3140 spatium

111 3167 223 3237 quidem
239 3166 482 3220 tetrachordorum
498 3165 651 3233 vocabula3
668 3166 840 3221 dillerentias
856 3184 907 3223 au·
948 3167 1080 3238 estqussi
1094 3183 1224 3226 vacuum.
1236 3165 1389 3220 secundum
1402 3163 1548 3234 diapason,
1556 3158 1672 3213 tertium
1688 3155 1746 3210 dia·

108 3259 161 3308 tem
174 3271 289 3320 eorum,
302 3259 332 3308 ct
344 3255 548 3326 proprietatum
564 3255 714 3326 qualitates
728 3255 763 3310 ab
777 3256 908 3312 omnibus
947 3263 1042 3328 perite,
1057 3263 1190 3326 quartum
1206 3256 1280 3309 idem
1293 3253 1346 3310 sibi
1357 3249 1479 3308 vindicat
1491 3251 1676 3305 diatessaron.
1687 3247 1747 3301 (1ae-

110 3360 176 3414 pene
190 3345 325 3408 intactas,
335 3349 365 3398 et
375 3345 519 3415 hucusque
533 3344 675 3399 inauditas
689 3361 750 3400 esse
764 3349 863 3399 tateor.
874 3346 908 3400 Et
947 3347 1041 3400 terum
1054 3345 1076 3398 si
1088 3361 1120 3398 er
1130 3343 1219 3398 altem
1234 3349 1313 3414 parte
1328 3359 1407 3398 versa
1421 3342 1479 3396 rice
1490 3353 1622 3394 mernere
1632 3334 1748 3406 incipia-

108 3433 243 3503 quoniam
270 3449 287 3487 a
310 3433 527 3504 precedentium
557 3433 656 3488 secute
675 3433 735 3502 pom
757 3434 906 3500 divertisti,
947 3433 1101 3503 turipsum
1117 3433 1340 3496 tetrachordum,
1360 3429 1513 3485 harmoniae
1524 3423 1747 3482 mliusmcntta-

110 3537 191 3593 perge
204 3537 300 3593 quaeso
312 3523 319 3576 i
332 3521 571 3593 acprsrtarmissis
586 3522 726 3592 prioribus
741 3523 775 3577 ad
793 3537 908 3592 mener-
944 3528 1022 3576 stum
1039 3521 1093 3576 erit
1103 3521 1300 3593 primordium.
1316 3521 1372 3575 Sed
1387 3520 1446 3574 hec
1458 3517 1524 3580 tria,
1540 3517 1570 3571 iel
1588 3520 1632 3570 est
1643 3514 1748 3568 diates-

107 3625 164 3664 ram
180 3609 382 3665 tantummodo
394 3609 586 3681 spectantibus
598 3611 795 3677 maturis,
810 3611 906 3671 deliis.
948 3627 1042 3674 serora
1058 3611 1200 3681 diapenta
1210 3610 1346 3680 diapason
1355 3609 1431 3664 iuter
1441 3603 1749 3662 omniaisterssllano·

106 3700 213 3769 quoad
230 3699 380 3761 melodiam
396 3699 549 3770 pertinent,
568 3699 858 3772 quomodoplussliis
872 3700 908 3754 ad
949 3700 1025 3754 mine
1048 3705 1078 3753 et
1099 3699 1237 3769 dignitate
1251 3699 1417 3769 pmnuesse
1432 3693 1637 3750 eteorumdem
1651 3704 1749 3750 como

104 3803 163 3842 sam
181 3789 357 3860 pertineant,
376 3793 405 3842 et
420 3788 494 3842 unde
508 3788 571 3858 ipss
582 3788 748 3860 principalia
761 3789 849 3852 dicas,
864 3805 910 3844 es·
948 3788 1111 3844 sentiarum
1127 3790 1232 3858 primas
1245 3787 1354 3858 species
1365 3786 1397 3840 in
1406 3786 1512 3840 eisdtrm
1526 3781 1625 3856 spatiis
1639 3781 1748 3840 οοιιειὶιὁ

105 3893 184 3947 pone.
201 3876 467 3948 Deniquerulgsria
480 3891 577 3932 eorum
592 3877 736 3948 uocabula.
752 3879 910 3949 idestgra·
950 3884 1020 3946 terp,
1042 3877 1105 3949 ipsa
1124 3878 1208 3932 etism
1235 3883 1340 3947 puncta
1357 3873 1532 3946 sirrgrrlorum
1551 3871 1748 3944 principalium

104 3966 190 4032 tium,
223 3966 361 4029 finalium,
391 3965 578 4037 superiorum,
604 3967 809 4034 excelbntium,
836 3969 910 4040 quod
951 3968 1207 4028 tetrachordorum,
1231 3968 1291 4021 solo
1316 3965 1406 4036 primo
1425 3963 1621 4020 excellentium
1643 3965 1748 4033 puncto

105 4055 178 4110 diets
192 4056 264 4118 sint,
279 4060 386 4110 norunt
399 4055 485 4118 stiam
501 4055 695 4126 simpliciores.
951 4057 1150 4129 praetermisso,
1161 4057 1268 4127 primas
1282 4071 1362 4109 uoces
1374 4053 1496 4118 efficere,
1512 4050 1749 4106 sciresolentlbus

483 4145 533 4200 lll.
950 4148 1048 4218 liquet
1063 4145 1165 4206 Primis
1175 4148 1257 4206 etiam
1274 4143 1386 4198 chordis
1400 4141 1550 4204 clauditur,
1561 4139 1629 4210 quia
1642 4129 1706 4192 cern
1717 4139 1748 4193 in

174 4235 216 4289 Ite
232 4235 439 4301 pructpotuats
453 4238 575 4301 quatuor
586 4234 835 4290 tetrachordorum.
949 4239 1072 4308 quatuor
1089 4231 1275 4288 tetrachordis
1291 4237 1413 4302 quatuor
1432 4229 1490 4285 sint
1503 4229 1610 4301 primae,
1626 4233 1749 4299 quatuor

138 4323 240 4377 Wtcu.
253 4322 635 4386 Quatuorbmctctrachorda
650 4322 746 4378 omnia
760 4324 871 4395 quidem
881 4330 908 4378 ct
919 4325 1087 4424 Descende,
1111 4329 1234 4394 quatuor
1254 4321 1355 4382 tertia,
1379 4326 1501 4392 quatuor
1521 4323 1638 4389 quarm,
1653 4317 1747 4388 ipsum

105 4417 182 4477 suat,
198 4415 231 4466 et
245 4410 370 4466 vocanda
383 4415 451 4464 sunt
461 4410 636 4482 principalia,
650 4427 683 4466 eo
694 4412 767 4482 quod
782 4413 908 4469 omnium
933 4415 1125 4469 diatessaron
1140 4427 1196 4465 non
1210 4411 1301 4472 solum
1312 4411 1387 4464 inter
1400 4408 1664 4481 primas,sedetiam
1675 4407 1751 4462 inber

105 4501 278 4572 specierum,
308 4498 467 4564 modorum,
491 4505 636 4571 tmporum
660 4499 690 4556 in
712 4517 743 4556 se
765 4502 911 4558 continent
950 4503 1107 4574 primarum
1122 4500 1227 4571 primae
1240 4500 1357 4554 locatur.
1380 4500 1429 4553 llis
1443 4513 1510 4570 ergo
1524 4498 1643 4569 aliisque
1657 4485 1750 4551 adhuc

104 4589 171 4652 rim,
188 4588 320 4644 ordinem
339 4593 425 4659 atqua
445 4595 576 4647 naturam
591 4603 597 4638 τ
612 4590 661 4644 sad
675 4589 705 4644 iu
720 4589 764 4646 bis
782 4593 910 4645 omnibus
952 4589 1123 4663 exponendis
1139 4589 1231 4644 causis
1243 4589 1343 4643 memte
1359 4587 1461 4659 stipsi,
1479 4595 1507 4642 et
1521 4587 1629 4659 abipso
1644 4586 1706 4640 aliis
1716 4603 1750 4640 ex

104 4691 195 4732 unum
212 4675 444 4746 deprehenditur,
461 4692 478 4732 a
495 4693 552 4750 guo
565 4681 666 4734 catera
683 4693 787 4734 uonrsn
800 4685 830 4734 et
843 4679 907 4738 vim.
952 4679 1013 4750 ipso
1039 4679 1089 4744 ita,
1117 4683 1148 4732 ut
1170 4677 1275 4732 dictum
1299 4683 1350 4742 est,
1372 4676 1551 4731 manantibus
1565 4666 1751 4731 tctmehirdis

103 4766 345 4836 dignitatemque,
356 4769 386 4820 at
399 4763 490 4836 ipsunt
503 4765 910 4824 mansuumsortiunturtnon
951 4785 1054 4824 nomen
1074 4767 1237 4822 conceditur
1259 4766 1481 4839 principalitatis.
1510 4767 1566 4822 Sed
1588 4771 1751 4837 competens

103 4853 186 4920 illud.
204 4853 281 4924 quod
296 4851 453 4918 Mercurius
467 4853 606 4925 invenisse
621 4854 734 4920 dicitur,
745 4855 773 4912 id
786 4862 837 4920 eet,
850 4871 911 4912 me·
951 4857 1121 4912 narrationis
1144 4857 1212 4911 ordo
1233 4857 1293 4927 jam
1316 4871 1380 4910 cum
1400 4871 1529 4928 supemee
1554 4853 1751 4912 illustrationis

102 4959 155 4999 sou
170 4962 178 5010 ;
194 4958 288 5016 neque
302 4942 383 5008 illud,
394 4943 467 5013 quod
481 4942 653 5014 abantiquis
663 4944 776 5003 musicis
786 4945 910 5016 hypaton
950 4947 1056 5002 auxilio
1069 4945 1171 5002 intueri
1185 4961 1235 5000 nos
1258 4945 1401 5012 admonet,
1419 4937 1554 5017 quantum
1575 4945 1631 4998 uim
1655 4949 1751 5016 poten·

103 5037 148 5088 est
163 5031 357 5103 appetamur,
373 5031 422 5088 sed
441 5045 533 5103 neque
557 5033 619 5096 hoc.
642 5033 716 5104 quod
730 5033 856 5090 moderni
870 5051 913 5090 sa·
952 5036 1078 5105 tiamqne
1088 5035 1249 5096 naturavel
1261 5034 1352 5105 ipsum
1367 5035 1397 5089 in
1412 5051 1443 5090 se
1454 5035 1605 5099 contineat,
1619 5033 1661 5087 rel
1671 5037 1751 5087 cate-

104 5121 220 5191 pieotes
234 5119 356 5191 primam
373 5135 434 5184 esse
448 5120 600 5186 altirmant,
611 5121 640 5178 id
656 5122 857 5181 saturnalium.
953 5125 992 5179 ris
1007 5139 1039 5178 ex
1055 5139 1086 5178 se
1100 5122 1305 5194 profluentibus
1327 5123 1514 5180 tetrachordis
1528 5121 1675 5178 mirantia
1689 5129 1751 5176 mo-

139 5211 236 5264 Orat.
248 5208 329 5272 Quod
343 5209 413 5264 illud
425 5210 471 5273 sit,
486 5210 618 5266 velociter
631 5227 725 5282 qumso
735 5213 910 5282 pronunties,
953 5213 1020 5273 dum
1034 5212 1215 5278 transfundat

103 5313 139 5354 ne
153 5297 373 5372 cupidissimum
384 5297 426 5354 vd
437 5297 472 5356 sd
487 5304 662 5358 momentum
675 5301 841 5372 suspendas.
1333 5301 1366 5354 V.

136 5387 239 5443 ΨΜ.
254 5385 326 5448 illud
340 5391 393 5452 etl,
410 5386 485 5457 quod
500 5392 610 5451 natura,
627 5387 714 5446 immo
728 5395 912 5447 naturasuc-
989 5391 1064 5458 Quod
1079 5405 1097 5442 o
1113 5391 1284 5452 tetrachordo
1301 5391 1431 5458 ρνιιιίιιιιι
1443 5393 1539 5443 cetero
1550 5393 1713 5444 coematur.

102 5481 158 5540 tor,
187 5474 282 5545 primo
303 5491 352 5544 por
364 5475 522 5546 quadrupla
535 5475 655 5547 proferri
669 5479 767 5546 soluit,
784 5479 846 5534 diro
860 5496 913 5534 au·
987 5479 1080 5550 lgitur
1092 5494 1111 5532 s
1125 5479 1262 5550 principio
1278 5484 1417 5550 repetens,
1428 5491 1484 5532 non
1498 5477 1528 5531 in
1543 5491 1577 5530 en
1588 5471 1650 5547 quar
1659 5477 1753 5532 stulti-

101 5567 162 5622 tem
177 5561 393 5638 burchardum
405 5563 544 5634 grauium.
559 5565 599 5628 lis
616 5565 669 5624 hoc
682 5567 827 5644 nimirum,
846 5569 913 5641 quia
953 5569 995 5625 tis
1007 5573 1051 5624 ast
1063 5569 1139 5638 opud
1154 5568 1254 5634 Deum,
1273 5567 1324 5622 sed
1346 5567 1377 5628 iu
1396 5581 1431 5622 ea
1442 5579 1505 5638 que
1523 5565 1710 5635 superbonum
1723 5571 1754 5622 et
