3900 6168
237 256 291 342 8qu
735 250 930 308 BONlZONlS
949 249 1167 309 PLACENTINI
1189 252 1354 310 EPlSCOPI
1801 261 1846 320 848

233 384 350 442 nuntios
360 396 462 454 papam
475 377 592 449 rogavit,
598 381 631 432 ut
640 376 792 432 liudolfum
807 377 1064 439 excommunica-A
1072 377 1177 450 absque
1186 379 1332 434 vocatione
1344 379 1446 434 vellent
1455 377 1699 446 excommunicare,
1710 381 1777 452 quod
1786 385 1843 440 dum

234 471 366 546 ret,quod
374 485 447 543 papa
456 485 486 522 se
500 468 639 523 facturum
649 467 723 521 illico
738 465 908 538 promisit,si
920 472 1034 522 vocatus
1074 466 1114 523 illi
1141 468 1232 523 facere
1258 467 1424 534 noluissent,
1452 465 1679 522 interdicentibus
1702 472 1844 538 canonibus,

234 564 373 618 rationem
393 559 478 630 hujus
489 557 556 612 facti
569 555 687 610 reddere
696 571 753 610 nou
767 558 871 626 posset,
886 571 944 610 non
959 555 1034 610 enim
1074 553 1175 609 infecto
1191 554 1303 626 negotio
1316 556 1434 610 Romam
1447 555 1563 610 rediere.
1576 555 1678 610 ltemm
1687 563 1744 612 actu
1754 577 1847 630 pugna-

234 649 399 708 canonicum
416 646 572 712 videbatur,
598 644 622 698 si
645 649 710 698 ante
736 643 1033 710 excommunicaretur,
1074 648 1134 697 tum
1148 649 1199 711 est,
1213 649 1243 698 et
1257 643 1346 698 multa
1361 643 1600 699 milliahominum
1612 660 1644 698 ex
1657 649 1768 718 utraque
1780 653 1847 720 parte

233 757 318 814 quam
328 737 496 802 vinceretur,
507 735 557 790 sed
572 747 620 788 rex
632 737 725 788 mente
740 733 892 787 effrenatus
904 733 1036 787 velociter
1075 731 1210 787 cecidere.

232 833 344 886 montes
350 825 473 892 transiit,
484 829 513 880 et
524 823 645 894 impigre
659 821 819 892 Bajoariam
831 821 1034 893 Franciamque
1307 822 1425 891 Explicit
1441 822 1510 876 liber
1522 827 1641 881 beracus.

232 917 351 990 recepit.
376 915 432 971 Sed
447 913 514 985 quid
535 911 636 984 plura?
659 910 740 965 Haud
764 909 878 980 segnior
897 909 1033 966 liudulfus

230 1007 378 1064 Franciam
393 1002 509 1069 invadit,
529 999 691 1070 bellumque
705 997 1032 1070 committiturgravissi-
1263 970 1403 1028 INCIPIT
1421 971 1530 1027 LIBER
1547 971 1678 1028 NONUS·

232 1112 312 1152 mum
335 1098 365 1150 et
385 1093 477 1147 multe
496 1089 585 1144 millia
604 1087 750 1142 hominum
767 1103 800 1142 ex
819 1091 939 1159 utraque
952 1093 1031 1158 parte
1107 1086 1221 1143 Interea
1239 1103 1288 1144 rex
1313 1087 1460 1157 Heuricus,
1481 1088 1635 1144 deliberato
1650 1085 1766 1156 consilio,
1785 1091 1848 1146 misit

232 1185 409 1250 cecidemnt;
436 1183 511 1243 sunt,
528 1178 577 1250 qui
603 1177 701 1232 dicunt
714 1177 797 1246 hujus
820 1175 909 1248 praelii
928 1176 1030 1231 Henri·
1071 1176 1166 1232 Roma
1178 1177 1285 1249 legatos
1300 1179 1450 1233 Lemurum
1466 1178 1571 1233 scilicet
1587 1179 1758 1233 Bremensem
1770 1180 1846 1234 archi·

231 1290 297 1330 cum
324 1272 411 1328 fuisse
435 1269 581 1334 rictorem,
601 1266 783 1338 quamplures
796 1271 891 1321 autem
905 1265 1030 1336 palmam
1070 1265 1241 1338 episcopum,
1264 1268 1298 1322 de
1321 1283 1376 1339 quo
1404 1284 1490 1339 supra
1515 1267 1674 1334 retulimus,
1695 1273 1722 1322 et
1742 1267 1847 1323 Pabeba·

231 1362 317 1434 hujus
338 1358 459 1416 Rodulfo
473 1357 534 1428 regi
548 1355 693 1410 ascribunt
705 1353 877 1419 certaminis,
893 1354 942 1409 sed
953 1355 1029 1426 quis·
1070 1354 1193 1410 riensem
1209 1356 1371 1428 episcopum
1383 1361 1412 1411 et
1430 1356 1499 1410 alios
1513 1357 1692 1428 quamplures
1705 1356 1844 1428 superbiam

231 1451 295 1523 quis
307 1447 453 1504 victoriam
467 1443 692 1500 cruentissimam
702 1447 798 1496 tamen
810 1441 935 1513 possedit
950 1443 1032 1499 ricto·
1073 1449 1102 1497 et
1111 1443 1268 1498 inauditam
1279 1449 1424 1517 portantes
1438 1445 1608 1515 legationem
1619 1449 1651 1499 ut
1664 1445 1687 1499 si
1702 1444 1778 1500 vellet
1789 1462 1848 1516 papa

231 1539 314 1594 riam
1072 1532 1222 1588 liudolfum
1235 1532 1341 1604 absque
1358 1532 1465 1604 judicic
1480 1534 1728 1600 excommunicare,
1743 1533 1846 1588 debiturn

265 1629 377 1684 Interea
387 1625 483 1680 Roma
490 1620 721 1694 grasemalumet
730 1619 945 1691 irrecuperabile
953 1618 1031 1675 dam·
1072 1621 1098 1676 ei
1128 1619 1265 1693 praeberet
1290 1619 1489 1688 obedientiam,
1524 1621 1567 1677 sin
1594 1623 1697 1677 aliter:
1713 1622 1849 1693 acquireret

228 1733 298 1774 num
309 1717 345 1771 de
358 1719 474 1786 repente
485 1715 612 1766 exedum
622 1710 749 1764 estNam
757 1706 1059 1781 CenciusprafectusB
1070 1709 1123 1765 sibi
1138 1727 1250 1783 papam,
1267 1710 1314 1782 qui
1329 1710 1433 1765 faceret
1445 1710 1600 1766 secundum
1613 1713 1674 1782 cius
1687 1712 1846 1765 voluntatem.

227 1805 271 1860 vir
288 1801 539 1861 christianissimus
561 1815 611 1871 per
633 1798 765 1853 insidiam
781 1797 915 1870 Stephani
933 1797 1029 1853 fratris
1069 1799 1243 1854 Venerabilis
1270 1815 1335 1853 vcro
1359 1799 1492 1872 pontifex,
1521 1799 1569 1870 qui
1593 1816 1644 1871 pro
1669 1799 1776 1854 veritate
1789 1798 1847 1852 mori

227 1889 542 1960 Ocncii,1)eoodibilis,
565 1888 600 1943 de
625 1903 682 1960 quo
702 1903 787 1960 supra
799 1888 1026 1954 memomrimus,
1069 1893 1184 1959 paratus
1202 1893 1273 1952 crat,
1298 1903 1354 1942 non
1376 1889 1467 1942 solum
1492 1888 1631 1944 rationem
1651 1889 1847 1960 praetendentem

227 1982 334 2040 occisus
348 1978 669 2050 est,cujuscorpusdum
679 1977 774 2032 Romae
784 1977 860 2048 apud
871 1977 900 2034 S.
911 1977 1028 2032 Petrum
1070 1993 1126 2032 non
1143 1976 1347 2042 condemnarit,
1366 1978 1416 2032 sed
1436 1984 1465 2031 et
1482 1976 1575 2048 ipsum
1588 1993 1683 2048 regem
1696 1975 1803 2048 superbe
1813 1976 1847 2028 lo-

225 2073 352 2128 dclatum
366 2068 551 2126 fuisset,Deus
564 2081 615 2138 per
625 2082 690 2121 eum
701 2067 791 2120 muita
799 2064 864 2120 fecit
877 2064 1026 2120 mirabilia.
1069 2071 1202 2138 quentern
1216 2066 1475 2122 excommunicavit.
1494 2066 1576 2130 Quod
1586 2066 1690 2122 factum
1700 2065 1793 2138 populo
1804 2064 1847 2119 lie

224 2160 347 2216 Romani
360 2173 426 2212 uero
438 2155 644 2211 communicato
656 2154 772 2210 consilio
787 2158 922 2217 castrum,
933 2154 1025 2226 inquo
1067 2171 1150 2210 mano
1165 2171 1298 2226 magnam
1312 2153 1392 2209 dedit
1405 2155 1635 2212 fluctuationem.

124 2229 129 2238 ¹
224 2247 404 2305 sauciandos
417 2243 659 2315 illereceperat,ri
672 2242 921 2315 capiunt,ejusque
935 2243 1026 2315 capite
1102 2243 1213 2298 Interea
1235 2243 1344 2316 prefati
1367 2244 1443 2315 regis
1457 2243 1543 2315 legati
1555 2243 1686 2300 Tusciam
1696 2243 1847 2299 venientesa

223 2343 253 2395 et
266 2335 570 2392 manibustruncatum
584 2331 703 2386 cadaver
714 2330 826 2402 ignibus
840 2331 967 2398 uadunt,
983 2349 1026 2388 ca-
1066 2331 1238 2403 subjectione
1271 2332 1510 2387 excellentissimae
1542 2333 1697 2388 cometissa
1724 2331 1845 2387 Mathifdis

223 2430 276 2500 put
286 2442 352 2481 sero
358 2425 420 2496 ejus
428 2427 457 2479 et
468 2438 569 2477 manus
579 2421 610 2476 in
623 2420 732 2475 cortina
738 2419 814 2474 beati
826 2419 902 2475 Petri
911 2437 1027 2492 suspen·
1066 2423 1181 2478 omnino
1190 2420 1368 2494 temptabant
1386 2427 1522 2490 avertere,
1535 2427 1564 2477 et
1583 2423 1650 2495 quia
1664 2422 1738 2495 plebs
1751 2439 1845 2494 semper

222 2517 303 2585 dunt,
318 2515 441 2586 reliquos
455 2527 520 2567 uero
534 2511 607 2566 tanti
621 2510 734 2566 sceleris
748 2510 873 2565 fautores
886 2511 1022 2582 quosdam
1063 2511 1164 2583 cupida
1189 2525 1326 2566 novamm
1353 2526 1448 2566 rerum
1474 2511 1564 2566 infida
1582 2511 1720 2584 prioribus
1732 2511 1843 2576 dominis,

221 2603 395 2671 interfecere,
408 2598 970 2675 quosdamveroapatriaeliminaverunt.
1063 2606 1126 2656 tum
1140 2599 1208 2672 quia
1222 2600 1320 2655 eadem
1335 2599 1424 2672 plebs,
1438 2599 1608 2656 naturaliter
1622 2601 1709 2656 inllda
1721 2605 1769 2666 est,
1784 2597 1845 2671 quod

255 2695 324 2750 Post
341 2707 445 2766 paucos
459 2705 524 2745 vero
542 2689 613 2756 dies,
627 2693 776 2761 postquam
790 2688 850 2744 hac
861 2695 941 2760 gesta
957 2692 1024 2744 sunt
1064 2689 1223 2754 voluerunt,
1240 2688 1372 2744 facillime
1399 2690 1490 2744 facere
1517 2693 1682 2761 potuerunt.
1699 2688 1796 2744 Dehine
1808 2703 1845 2741 re·

219 2783 373 2855 Gregorius
384 2778 551 2837 venerabilis
566 2778 690 2851 pontifex
705 2777 824 2833 Romam
837 2794 901 2832 cum
916 2777 1022 2833 honore
1064 2777 1173 2834 aientes
1187 2777 1423 2848 langobardiam,
1440 2779 1538 2833 relicto
1559 2778 1720 2834 marchione
1744 2777 1845 2832 Alberto

218 2872 365 2939 remeavit,
376 2887 498 2942 moxque
511 2868 651 2941 synodum
664 2867 956 2940 congregavit,inqua
965 2883 1023 2922 am·
1064 2873 1091 2922 et
1105 2867 1206 2921 cernite
1221 2867 1330 2922 Rusone
1342 2867 1371 2922 in
1382 2866 1509 2938 partibus
1515 2867 1634 2936 Tuscia,
1651 2885 1744 2923 ornnes
1756 2865 1844 2938 princi·

217 2961 319 3018 horum
333 2977 434 3031 regum
448 2959 541 3015 nuntii
551 2957 715 3023 interfuere,
731 2957 833 3028 quibus
845 2961 874 3011 et
892 2955 926 3013 B.
945 2956 1022 3010 Petri
1063 2973 1113 3028 pos
1128 2954 1377 3027 Langobardorum
1395 2955 1430 3011 ad
1445 2957 1617 3030 colloquium
1631 2957 1774 3012 invitantes
1782 2953 1845 3026 apud

216 3049 386 3108 auctoritate
399 3053 570 3120 preceptum
591 3050 635 3100 est
656 3049 689 3100 ut
711 3061 766 3100 non
782 3049 952 3116 pugnarent,
969 3044 1018 3098 sed
1029 3025 1269 3100 CBrixianorium
1282 3045 1371 3099 diviso
1385 3060 1471 3116 regno
1487 3050 1515 3100 ct
1529 3046 1687 3102 sacerdotio
1710 3046 1744 3100 ad
1761 3058 1843 3114 regem

215 3139 309 3194 locum
325 3137 471 3208 eligerent,
487 3136 517 3190 in
526 3150 581 3207 quo
595 3131 744 3188 ambamm
757 3132 880 3204 partium
895 3131 1019 3203 episcopi
1060 3137 1235 3190 remearunt.

215 3234 331 3302 possent
352 3242 449 3282 secure
467 3224 625 3288 convenire,
650 3220 788 3277 reddituri
801 3221 940 3276 rationem
953 3226 1018 3275 ante
1096 3223 1208 3278 Interea
1217 3221 1384 3277 venerabilis
1392 3222 1516 3295 pontifex
1527 3229 1594 3295 post
1609 3223 1844 3280 Pentecostencum

215 3321 319 3373 sanctae
344 3315 473 3372 Ecclesiae
494 3314 611 3386 legatos,
634 3311 709 3384 qued
737 3309 851 3366 salubre
871 3310 1019 3365 consilium
1061 3309 1184 3366 Roberto
1194 3312 1426 3366 Marmannomm
1440 3312 1510 3367 duce
1525 3312 1598 3368 citra
1610 3314 1748 3385 Aquinum
1761 3308 1844 3364 habuit

214 3405 327 3461 diabolo
344 3404 498 3475 instigante
524 3401 715 3472 interruptum
730 3403 783 3466 est,
800 3399 944 3454 etiterum
959 3399 1018 3453 acie
1062 3398 1196 3473 [subaudi
1209 3399 1389 3470 colloquium,
1406 3401 1489 3471 etc.],
1506 3417 1629 3474 eumque
1651 3401 1685 3457 ab
1707 3414 1845 3457 excommu-

214 3498 373 3566 pugnatum
395 3491 501 3558 est,'in
521 3507 576 3562 qua
595 3489 685 3542 multa
709 3487 798 3541 miliia
816 3487 964 3541 hominum
986 3501 1019 3542 ex
1059 3488 1200 3544 nicatione
1224 3487 1353 3558 absolvit,
1374 3489 1422 3560 qni
1447 3489 1509 3559 ejus
1528 3490 1661 3562 proprius
1675 3490 1760 3545 factus
1777 3485 1844 3540 miles

213 3583 422 3653 utraqueparte
435 3577 601 3643 ceciderael
612 3571 1019 3636 maximessoeffliorumstuod
1060 3593 1172 3632 omnem
1197 3575 1304 3647 Apuliae
1323 3581 1352 3630 et
1372 3575 1508 3631 Calabriae
1523 3577 1558 3632 ab
1578 3595 1613 3633 eo
1625 3577 1746 3650 suscepit
1757 3571 1843 3648 princi·

214 3675 248 3726 ut
268 3686 347 3743 papae
369 3667 530 3724 nuntiatum
554 3669 598 3720 est
618 3664 648 3719 in
661 3661 787 3735 proxima
801 3661 1018 3733 quadragesima
1060 3671 1168 3737 patum.

215 3758 290 3822 (narn
303 3758 333 3813 in
343 3757 494 3813 festivitate
510 3756 537 3811 S·
553 3753 670 3824 Agatha
681 3750 733 3806 hoc
742 3750 941 3822 grauissimum
957 3749 1016 3804 bel-
1093 3755 1164 3808 Cum
1179 3754 1237 3808 haec
1243 3759 1420 3824 gererentur,
1430 3753 1682 3826 Langobardorum
1697 3753 1809 3829 episcopi
1820 3755 1843 3806 et

212 3846 274 3903 lum
293 3847 474 3902 commissum
490 3843 545 3914 est)
557 3841 695 3914 synodum
709 3837 900 3910 congregavit,
916 3839 945 3892 in
960 3855 1015 3910 qua
1057 3841 1198 3913 principes
1210 3842 1286 3912 apud
1301 3842 1508 3899 Brixianorium
1521 3846 1710 3912 conveniuut;
1725 3842 1792 3900 haud
1805 3857 1841 3894 se-

212 3935 361 3992 amborum
374 3950 473 4006 regum
488 3931 579 3987 nuntii
592 3929 754 3995 interfuere,
772 3928 820 3999 qui
840 3927 952 3999 proprio
966 3944 1014 3982 ore
1054 3929 1137 4001 gntus
1161 3929 1200 3984 ibi
1223 3947 1271 3985 rex
1284 3932 1406 3986 occurrit
1418 3949 1482 3987 curu
1494 3934 1551 3988 suis
1566 3935 1705 4006 episcopis
1718 3950 1748 3988 ac
1762 3933 1842 3988 Ultra·

210 4026 342 4098 juravere
359 4022 508 4080 concilium
531 4037 587 4075 non
606 4019 689 4090 culpa
706 4018 884 4072 dominorum
897 4033 1014 4072 suorum
1054 4019 1196 4073 montanis
1207 4007 1658 4090 principibus,ubicommunicato
1669 4023 1844 4096 pessimocoo·

212 4115 422 4187 interruptum
439 4111 488 4168 sed
502 4109 565 4183 quis
579 4123 677 4164 eorum
697 4106 783 4162 fuerit
793 4105 932 4179 periurus,
948 4106 1015 4177 quia
1055 4107 1118 4162 silio
1132 4107 1246 4178 eligitur
1261 4108 1413 4164 Guibertus
1436 4109 1466 4164 in
1484 4110 1646 4167 Romanum
1665 4109 1812 4184 pontificem
1828 4121 1843 4160 a

212 4219 270 4260 non
285 4203 354 4258 satis
369 4205 496 4275 apparet,
516 4198 610 4252 dicere
632 4194 743 4251 omitto.
760 4193 814 4248 Sed
830 4193 896 4264 quid
912 4191 1014 4264 plura?
1054 4195 1258 4264 consimilibus,
1287 4197 1365 4253 nullo
1389 4197 1427 4252 ibi
1458 4199 1587 4255 Romano
1616 4207 1730 4257 astante
1755 4197 1840 4268 clerico

211 4295 379 4353 venerabilis
387 4293 512 4366 pontifex
520 4286 1013 4366 religiososepiscoposultramontes
1053 4285 1096 4340 vel
1112 4284 1193 4352 laico,
1209 4286 1376 4356 praesidente
1399 4288 1532 4343 Romana
1552 4291 1694 4346 cathedra
1708 4283 1842 4344 venerabili

212 4387 326 4442 mittere
338 4383 498 4446 destinavit,
510 4381 559 4453 qui
572 4380 685 4452 regibus
695 4377 943 4436 interdicerent‚ut
956 4391 1012 4430 non
1021 4402 1045 4460 D
1054 4389 1127 4446 papa
1142 4373 1287 4445 Gregorio,
1301 4375 1349 4446 qui
1365 4375 1425 4446 jam
1442 4392 1492 4449 per
1506 4377 1730 4450 quinquennium
1744 4377 1771 4431 in
1785 4387 1841 4446 pace

213 4477 383 4547 pugnarent,
400 4477 428 4526 et
436 4471 580 4543 episcopos
590 4468 625 4523 ad
638 4467 785 4523 concilium
795 4470 926 4520 vocarent
938 4483 945 4531 ;
960 4465 1013 4518 Pe·
1055 4461 1360 4519 universalemrexerat
1369 4465 1529 4520 Ecclesiam.
1546 4467 1629 4532 Quod
1643 4467 1745 4522 factum
1758 4461 1841 4518 dlabo-

211 4568 288 4616 tmm
303 4559 580 4631 scilicetepiscopum
594 4556 786 4612 Albanensem
797 4554 886 4608 virum
902 4552 1015 4624 religio-
1054 4551 1139 4608 licum
1154 4551 1396 4608 nonestauditum
1411 4570 1428 4608 a
1442 4552 1497 4622 die,
1512 4570 1568 4625 qua
1581 4561 1681 4626 gentes
1695 4569 1753 4610 esse
1763 4565 1841 4622 crepe·

213 4648 365 4716 sissimum,
380 4645 428 4718 qui
448 4651 514 4700 ente
536 4645 729 4717 episcopatum
748 4639 921 4714 temporibus
936 4657 1014 4713 papae
1054 4646 1223 4712 ructusque
1233 4641 1269 4695 ad
1280 4640 1355 4696 diem
1365 4641 1447 4710 hanc,
1457 4647 1486 4697 et
1497 4642 1564 4714 quia
1575 4648 1721 4714 peccatum
1735 4641 1842 4714 plemm-

211 4736 364 4793 Alexandri
383 4752 416 4791 ex
429 4739 567 4808 praecepto
576 4732 686 4788 abbatis
695 4731 739 4787 sui
750 4735 848 4786 contra
861 4729 1009 4802 Symonia·
1051 4743 1105 4800 que
1116 4734 1158 4784 est
1174 4746 1259 4801 poena
1272 4730 1379 4802 peccati
1398 4747 1431 4785 ex
1445 4731 1540 4785 radice
1550 4732 1701 4804 superbire,
1718 4747 1749 4786 ex
1760 4728 1841 4801 perju-

211 4841 272 4881 cam
287 4841 338 4897 per
352 4824 459 4880 medios
473 4823 553 4895 ignes
567 4820 697 4877 transivit
707 4821 811 4874 illaesus
827 4817 892 4888 (51),
909 4824 937 4874 et
950 4819 1010 4875 Ou-
1050 4818 1093 4873 rio
1118 4819 1245 4891 pervenit
1265 4819 1302 4873 ad
1321 4817 1552 4888 inobedientiam,
1568 4837 1620 4892 per
1633 4817 1838 4876 inobedientiam

210 4914 348 4970 dalricum
371 4913 537 4968 Paduanum
555 4910 716 4982 episcopum
738 4908 830 4963 virum
852 4907 933 4962 ualde
955 4908 1010 4963 elo·
1051 4905 1203 4961 Guibertus
1217 4907 1318 4962 cecidit
1331 4907 1362 4962 in
1379 4908 1709 4974 excommunicationem,
1730 4921 1778 4979 per
1799 4918 1841 4958 ex·

210 5003 428 5076 quentissimum
441 5007 471 5057 et
484 4999 615 5056 Heinrico
633 4998 697 5070 regi
717 4997 785 5053 satis
803 4995 1008 5065 fidelissimum,
1050 4996 1332 5052 communicationem
1347 4998 1476 5069 pervenit
1487 4997 1523 5052 ad
1534 4998 1736 5054 idololatriam.

211 5098 241 5149 et
253 5093 463 5165 Aquileiensem
472 5086 816 5162 patriarcham,quihlpes
829 5091 1009 5141 transeuntes
1085 5085 1167 5140 Hunc
1179 5085 1266 5140 talem
1280 5091 1313 5140 ut
1324 5086 1454 5159 superius
1473 5084 1632 5148 retulimus,
1657 5085 1732 5140 nullo
1746 5081 1838 5138 Roma·

209 5198 306 5255 regem
318 5182 348 5237 in
362 5177 659 5250 Baioariainueniunt,
673 5175 1009 5247 sednequesupplicatio·
1049 5189 1151 5229 norum
1177 5173 1343 5229 clericorum
1361 5179 1389 5229 et
1416 5174 1553 5230 laicorum
1581 5173 1620 5229 ibi
1643 5177 1777 5246 prasente
1798 5166 1835 5222 rel

208 5271 292 5327 nibus
301 5285 393 5344 neque
402 5267 532 5341 precibus
539 5281 632 5339 neque
640 5265 737 5337 aliqua
747 5264 845 5337 quavis
857 5264 1009 5319 calliditate
1050 5263 1240 5319 consentiente
1251 5268 1364 5334 excepto
1379 5263 1499 5334 Hugone
1513 5263 1642 5329 candido,
1660 5262 1707 5334 qui
1729 5255 1837 5333 peccatis

208 5364 363 5431 potuerunt
374 5359 493 5425 allicere,
512 5360 546 5412 ut
557 5354 696 5428 synodum
713 5359 858 5426 pateretur
869 5370 917 5408 rex
932 5354 1009 5408 Hen-
1049 5351 1108 5407 suis
1122 5351 1295 5424 exigentibus
1309 5353 1344 5407 ab
1358 5352 1482 5408 Ecclesia
1502 5354 1563 5423 jam
1577 5351 1626 5408 diu
1648 5351 1740 5408 fuerat
1749 5361 1837 5420 seque·

207 5448 282 5505 neus
295 5449 325 5506 in
349 5465 400 5505 suo
419 5464 467 5505 eos
490 5460 578 5518 regno
605 5443 756 5511 celebrare,
785 5442 815 5498 ni
837 5442 1008 5499 Ruodultum
1048 5445 1164 5510 suetus,
1188 5439 1272 5512 elegit
1295 5439 1349 5496 sibi
1373 5457 1423 5496 rex
1451 5441 1600 5498 Heinricus
1622 5440 1653 5497 in
1674 5439 1834 5511 pontificem,

204 5605 213 5645 ι
244 5572 298 5666 lbi)
313 5573 394 5632 Unde
406 5578 436 5661 et
448 5572 660 5660 Petruslgneus
675 5569 776 5629 dctus.
