3900 6168
121 229 179 289 8t9
656 239 763 294 LIBER
781 235 829 295 Au
848 239 1003 299 AMICUM.
1025 273 1056 285 -
1076 242 1144 298 LlB.
1164 243 1212 299 IX.
1235 196 1240 205 Ι
1713 243 1767 302 850
1870 241 1872 249 ’

122 365 152 413 et
166 359 235 414 huic
250 358 388 415 suadente
401 359 534 434 Dionysio
558 362 723 418 Placentino
737 365 866 437 episcopo
880 367 1092 428 orellfrliorum
1111 368 1184 422 male
1198 368 1346 439 cogitabat.
1360 369 1494 440 Sequenti
1511 385 1575 424 vero
1590 371 1693 439 hicme,
1709 371 1765 430 ite-

120 447 239 520 proprio
249 448 365 519 juravit,
386 447 422 504 ab
443 464 476 504 eo
494 467 625 508 eoronam
642 453 817 524 imperialem
832 472 927 512 susce·
967 468 1031 508 rum
1041 455 1192 512 rexRomae
1206 472 1334 512 reversus
1348 461 1400 523 est,
1413 462 1598 528 etpostquam
1607 475 1766 517 sacramen·

120 541 249 608 pturum.
268 537 341 603 Quid
355 538 455 610 plura:
469 538 510 598 ita
523 557 620 595 omnes
634 546 729 596 mente
739 543 833 597 caecati
848 547 924 611 sunt,
965 544 1002 598 tis
1012 544 1085 599 datis
1100 546 1243 602 firmatum
1255 551 1299 600 est
1311 562 1408 601 omues
1426 545 1572 618 religiosos
1588 563 1621 602 ex
1637 565 1764 620 quoeun-

118 631 152 680 ut
170 641 229 682 non
252 626 425 698 respicerent
451 627 551 683 faciem
565 634 658 698 terrae,
676 631 784 708 etquis
798 633 926 704 procula
965 648 1020 704 que
1044 649 1132 704 regno
1157 633 1282 688 volentes
1300 633 1420 689 Romam
1435 634 1525 689 visere
1541 635 1634 690 venue
1648 651 1762 694 securos

118 713 249 770 Romana
262 715 334 770 urbe
357 721 450 772 castra
464 717 562 772 metati
577 723 667 788 erant,
679 720 749 792 proh
763 719 851 788 dolor,
865 737 925 775 om·
964 725 1028 790 post
1042 722 1200 794 captionem
1215 721 1352 776 Ostiensis
1370 723 1492 794 episcopi
1511 723 1687 796 aliorumque
1698 727 1762 782 reli·

118 819 180 870 nes,
195 804 244 875 qui
262 804 302 860 ibi
316 805 445 874 aderant,
456 813 485 861 et
496 806 772 882 pseudoprophetam
787 809 924 865 adorave-
963 810 1107 880 giosornm
1121 811 1324 866 monachorum
1338 816 1367 867 et
1393 811 1568 880 elericorum,
1584 813 1681 870 videus
1699 831 1730 870 se
1743 832 1762 871 a

118 909 150 946 re
163 892 299 964 proni,et
313 900 452 967 quotquot
466 896 653 952 adoraverunt
673 915 691 954 a
711 900 810 954 matris
833 899 923 954 Eccle·
964 897 1141 954 cluniacensi
1160 897 1261 953 abbate
1282 905 1311 954 et
1333 897 1369 954 ab
1387 899 1517 956 omnibus
1535 902 1672 974 episcopis
1700 907 1760 960 tam

118 988 165 1045 sis
177 991 243 1046 sisu
257 991 340 1062 lsngs
354 992 523 1048 sssidsssse
962 987 1070 1042 clericis
1086 1005 1170 1059 quam
1198 989 1343 1043 monachis
1370 988 1469 1044 haberi
1487 991 1761 1050 excommunicatum

153 1078 303 1134 Celebrate
324 1079 412 1150 igitur
438 1082 534 1138 taliter
556 1083 748 1154 apostolorum
763 1084 921 1156 principum
962 1077 999 1131 ad
1016 1077 1118 1132 callida
1131 1094 1196 1134 mox
1210 1093 1241 1132 se
1256 1077 1580 1150 convertitargumenta3
1594 1096 1661 1136 nam
1671 1085 1703 1136 ut
1712 1098 1760 1154 po-

117 1167 280 1234 festivitate,
295 1185 345 1224 rex
363 1171 436 1224 tanti
451 1171 591 1242 pontificis
615 1178 714 1228 auctus
728 1171 921 1229 benedictione
961 1165 1088 1237 pularem
1111 1171 1238 1238 captaret
1263 1167 1396 1234 favorem,
1421 1167 1491 1222 dixit
1517 1185 1547 1223 se
1569 1186 1586 1223 a
1604 1170 1759 1227 venerabili

117 1257 253 1311 remeavit
265 1257 302 1312 ad
313 1259 446 1329 propria;
463 1257 619 1315 Guibertns
632 1277 767 1317 varocum
777 1262 835 1317 suis
844 1279 918 1318 com·
960 1253 1095 1324 Gleti⁰fi⁰
1109 1271 1241 1310 ⁰⁰f0¹¹³m
1259 1255 1329 1310 felle
1343 1255 1470 1327 8οοίΡθΓθ
1480 1255 1666 1328 imperialem,
1683 1261 1759 1331 (ἰωὰ

115 1343 234 1416 plicibus
248 1346 361 1418 papalis
373 1363 468 1402 secum
483 1348 612 1404 deferens
620 1349 786 1406 indumenta
800 1350 918 1408 intravit
957 1346 990 1397 Ut
1004 1345 1123 1414 P⁰Pul¹¹⁵
1147 1344 1253 1399 audivit
1265 1344 1419 1416 lR⁰¹¹¹²¹¹¹us
1434 1361 1491 1400 ¹¹⁰ss
1511 1347 1603 1401 ⁵⁰lU¹1¹
1618 1346 1692 1415 laicis
1708 1349 1759 1404 sed

115 1432 236 1492 ltaliam.
262 1435 317 1490 Sed
332 1435 399 1506 quie
425 1437 541 1494 consilia
564 1438 677 1494 Domini
695 1439 813 1512 abyssus
827 1441 916 1496 mults
958 1435 986 1486 et
1001 1432 1135 1503 religiosi,
1152 1433 1201 1504 qui
1212 1432 1390 1504 videbantur,
1404 1439 1463 1488 tum
1476 1434 1598 1507 episcopi
1612 1436 1759 1507 quamcle-

116 1524 194 1588 [Psoi.
207 1540 291 1582 xxxv,
302 1525 329 1592 'll
341 1525 477 1580 ineffabili
483 1526 533 1581 Dei
544 1527 720 1600 providentia
735 1545 792 1583 non
806 1529 917 1600 flagella
959 1520 1019 1588 rici,
1031 1521 1157 1590 abbates,
1174 1523 1303 1578 m⁰¹¹8⁰hl
1326 1528 1472 1595 eoeperunt
1490 1525 1655 1596 suppliciter
1668 1527 1759 1599 lacry-

116 1611 225 1667 Domini
238 1613 394 1668 secundum
406 1615 479 1685 quod
490 1615 608 1670 meritus
617 1620 686 1683 esst,
699 1618 822 1689 suscepit
834 1619 917 1674 lisin·
958 1610 1012 1664 mis
1030 1609 1119 1666 fusius
1142 1628 1222 1666 orare
1237 1617 1269 1666 ut
1282 1612 1380 1683 putriae
1402 1612 1460 1667 fere
1475 1613 1590 1684 perditae
1608 1614 1757 1670 miserere-

114 1699 187 1755 ricns
196 1717 368 1766 successum,
385 1702 433 1772 qui
449 1702 617 1758 mirabiliter
642 1705 760 1760 adderet
782 1706 915 1778 nequitiae
921 1728 945 1787 B
956 1702 1013 1754 lur-
1026 1699 1201 1754 Venerabilis
1214 1718 1278 1755 vero
1293 1701 1426 1772 pontifex,
1437 1701 1485 1772 qui
1493 1717 1543 1772 pro
1553 1701 1671 1758 veritate
1683 1703 1756 1758 mori

114 1789 350 1861 suasuperbiam.
361 1791 497 1847 Namnon
507 1790 916 1868 longoposttemporeintravit
956 1793 1071 1858 paratus
1086 1793 1157 1855 erat,
1173 1790 1285 1860 negavit
1296 1806 1326 1844 sa
1337 1789 1611 1859 omninoiucturum,
1629 1791 1659 1846 ni
1675 1793 1756 1863 prius

114 1877 260 1934 Saxoniam
277 1878 308 1933 in
320 1883 468 1951 potentatu
483 1897 586 1951 magno
597 1886 626 1936 et
637 1898 724 1936 manu
734 1882 857 1950 robusta,
867 1885 913 1940 sui
955 1874 990 1930 de
1021 1878 1306 1934 excommunicatione
1330 1878 1442 1950 publice
1468 1879 1658 1948 satisfaceret;
1679 1882 1756 1953 quod

114 1982 146 2020 ex
174 1967 291 2022 adverso
314 1968 437 2023 occurrit
463 1967 603 2025 liudolfus
632 1975 661 2024 et
683 1971 820 2027 acerrimo
841 1973 913 2029 bells
954 1980 1019 2018 cum
1044 1982 1092 2020 rex
1102 1967 1273 2022 conscientia
1287 1973 1436 2022 accusante
1450 1967 1541 2024 facere
1555 1968 1705 2036 renuisset,
1726 1976 1755 2025 et

113 2056 260 2111 commisso
280 2055 432 2113 Heinricus
450 2058 572 2129 turpiter
598 2063 678 2129 terge
696 2061 788 2127 vertit,
805 2061 835 2115 in
857 2078 912 2133 qus
953 2055 1119 2124 permultos
1133 2055 1192 2111 dies
1207 2073 1224 2110 a
1239 2057 1374 2112 Romanis
1396 2057 1563 2112 venerabilis
1574 2057 1697 2128 pontifex
1707 2075 1755 2114 ro-

112 2143 205 2214 prelio
227 2145 316 2199 victor
334 2145 471 2200 liudolfus
485 2146 624 2202 occubuit.
649 2148 708 2204 Neo
721 2149 794 2204 sicut
824 2150 916 2206 solent
956 2150 1081 2214 litaretur,
1096 2150 1234 2217 utregem
1250 2146 1414 2218 surriperet.
1432 2151 1461 2201 θῑ
1471 2147 1520 2201 ille
1534 2147 1568 2201 ad
1583 2162 1680 2202 ⁰mrr0⁸
1692 2163 1755 2219 pre·

113 2233 183 2286 mori
196 2233 301 2305 ignavi,
314 2239 444 2290 mortuus
459 2245 502 2290 est
514 2235 661 2304 Rudolfus,
674 2253 730 2292 non
746 2238 856 2308 fugiens
871 2241 914 2295 vsl
955 2247 1001 2286 ces
1018 2233 1314 2302 maneretimmobilis,
1324 2234 1461 2306 paulatim
1472 2235 1753 2307 coepitpraefatusrex

112 2321 227 2377 latibula
241 2325 495 2394 qusssnsossisus,
511 2305 768 2397 sidsupssstssgss
780 2327 910 2384 inimico.
954 2320 1028 2391 vulgi
1042 2321 1095 2375 sibi
1105 2321 1230 2377 favorem
1239 2323 1394 2394 acquirere,
1402 2339 1524 2394 ,cumque
1532 2324 1652 2394 pecnnia
1659 2328 1688 2379 et
1697 2328 1753 2379 ter-

111 2427 173 2464 rum
187 2415 214 2465 et
225 2428 312 2484 super
327 2412 463 2468 cadavera
477 2419 655 2469 mortuorum
668 2415 797 2486 plagatus
821 2433 839 2470 s
851 2416 909 2472 suis
950 2424 1014 2462 rore
1028 2415 1056 2464 et
1070 2410 1095 2464 vi
1109 2423 1206 2465 omnes
1216 2411 1274 2466 fere
1285 2411 1339 2466 sibi
1350 2411 1543 2482 acquisivisset
1551 2412 1702 2481 Romanos,
1716 2411 1752 2468 de

109 2497 306 2569 inventusest3
319 2501 399 2572 cujus
422 2518 498 2556 mors
521 2502 652 2558 Heinrico
668 2505 865 2576 postvilldies
878 2506 909 2560 in
949 2496 1114 2553 fortitudine
1129 2499 1294 2555 venerabilis
1309 2500 1437 2572 Gregorii
1451 2500 1650 2572 desperansad
1664 2501 1751 2557 dede-

111 2588 230 2658 quodam
260 2593 353 2645 castro
380 2590 504 2645 latitanti
518 2595 547 2647 st
556 2590 591 2646 ds
606 2592 672 2663 legs
691 2593 826 2664 cogitasti
837 2609 908 2650 nun·
949 2602 999 2641 cus
1013 2593 1042 2640 et
1050 2587 1197 2642 infamiam
1209 2587 1298 2643 totius
1313 2589 1441 2652 Ecclesiae
1452 2587 1620 2644 Guibertum
1638 2589 1751 2646 insede

110 2677 179 2732 tiata
188 2683 240 2742 est,
256 2677 318 2749 qui,
333 2695 398 2732 mox
412 2680 548 2734 extollens
559 2680 589 2735 in
603 2681 693 2736 ultum
714 2699 801 2738 cornu
824 2701 908 2739 suum
949 2675 978 2730 S.
993 2676 1071 2730 Petri
1081 2676 1212 2731 ordinare
1226 2677 1380 2744 constituit,
1389 2683 1486 2732 etcum
1496 2694 1552 2733 non
1562 2677 1679 2733 haberet
1688 2679 1750 2750 epi-

110 2770 136 2818 et
150 2765 268 2836 loquens
291 2765 428 2821 adversus
451 2767 604 2823 Dominum
630 2769 794 2841 iniquitates
822 2775 906 2830 (Pisi,
950 2779 1048 2835 scopos
1061 2764 1217 2820 cardinales
1228 2765 1387 2821 sacerdotes
1397 2771 1499 2821 sanctae
1510 2763 1748 2822 RomanaeEecle-

110 2867 196 2918 marr,
207 2853 316 2924 ti),n0n
331 2871 535 2925 recognoscens
550 2857 662 2912 Satanas
672 2859 839 2914 calliditates
848 2876 907 2915 css.
948 2851 997 2906 sire
1012 2868 1063 2906 nee
1073 2852 1170 2908 levitas
1193 2870 1244 2908 nec
1258 2855 1504 2925 comprovinciales
1516 2855 1670 2926 episcopos,
1687 2853 1747 2926 qui·

108 2941 177 2997 didit
190 2943 246 2998 Deo
261 2960 346 2998 suum
367 2945 505 3016 placuisse
526 2951 682 3016 peccalum.
707 2949 775 3003 Post
802 2965 906 3021 pausos
946 2940 999 2996 bus
1010 2958 1070 2997 mos
1085 2941 1615 3014 estpapaminthronizare,nemoeuim
1626 2949 1747 2999 extante

109 3047 174 3086 rere
184 3031 241 3087 dies
257 3037 408 3104 postquam
420 3033 480 3089 haec
489 3040 570 3106 gesta
583 3041 659 3104 sunt,
676 3037 737 3107 ejus
752 3037 826 3092 filius
841 3055 904 3092 eum
946 3046 1076 3097 numero,
1093 3031 1148 3085 nisi
1161 3031 1209 3103 qui
1221 3048 1238 3084 a
1251 3032 1305 3086 fule
1320 3033 1480 3088 exulaverat
1493 3047 1558 3088 cum
1583 3048 1616 3088 eo
1641 3031 1743 3103 fuerat,

107 3121 226 3177 exercitu
238 3121 479 3176 excellentissimae
505 3121 651 3178 Mathildis
675 3125 811 3196 pugnavit
826 3132 854 3181 et
866 3083 935 3181 vic
945 3125 1030 3174 antea
1045 3119 1121 3174 enim
1136 3119 1295 3175 maluerant
1308 3121 1429 3192 propriis
1440 3121 1553 3177 sedibus
1567 3137 1673 3190 carere,
1685 3122 1746 3178 etsi

107 3209 220 3264 clerium
235 3210 368 3265 obtinuit.
390 3211 440 3265 llis
454 3210 546 3266 elatus
558 3213 732 3268 successibus
751 3214 904 3286 derepente
945 3213 1088 3278 oporteret
1101 3206 1230 3264 omnibus
1242 3209 1377 3264 membris
1391 3209 1531 3264 debilitari
1545 3225 1629 3282 quam
1654 3210 1745 3282 parti-

107 3297 212 3354 ltaliam
227 3299 353 3366 intravit,
372 3304 401 3354 et
414 3305 479 3370 post
492 3301 596 3372 paseha
609 3301 714 3357 ducens
728 3319 823 3358 secum
838 3303 902 3358 bes-
944 3296 1019 3367 cipes
1033 3296 1095 3350 fleri
1104 3297 1349 3368 coinquinationis.
1375 3300 1401 3352 n
1426 3298 1559 3353 blutiensi
1578 3298 1744 3370 episcopoet

106 3387 169 3442 ham
191 3389 312 3443 Romam
338 3388 439 3454 tendit,
462 3396 491 3443 et
504 3389 535 3443 in
548 3389 643 3460 vigilia
671 3391 850 3448 Pentecostss
873 3393 903 3448 in
943 3385 1143 3440 aBononiensi
1158 3390 1187 3440 et
1200 3385 1367 3440 aeveniensi
1384 3387 1441 3456 (sic)
1456 3387 1561 3442 insede
1575 3385 1651 3443 beati
1664 3388 1742 3442 Petri

106 3475 184 3532 Plato
199 3477 323 3532 Neronis
336 3482 429 3532 eastra
443 3483 567 3533 metatus
576 3485 632 3536 est,
647 3479 701 3534 sed
716 3497 732 3535 0
745 3481 830 3549 Deus,
839 3483 902 3552 quis
941 3472 1148 3529 inthronizatus
1175 3479 1227 3540 est,
1259 3474 1333 3546 quod
1353 3475 1553 3546 phantasmae
1567 3477 1668 3531 saeculo
1684 3491 1742 3532 non

106 3579 157 3620 nou
172 3571 319 3621 tantorum
342 3565 514 3637 prudentum
539 3565 661 3622 virorum
689 3573 783 3640 potest
804 3570 902 3626 misssi
942 3568 986 3617 est
1016 3563 1155 3618 auditum.
1180 3563 1287 3618 Dehinc
1300 3562 1330 3617 in
1344 3563 1452 3619 Pascha
1468 3580 1486 3618 a
1503 3565 1555 3619 tali
1573 3564 1742 3620 benedictio·

107 3657 270 3710 amentiam!
287 3656 362 3710 Nam
390 3656 443 3711 etsi
470 3655 573 3711 mentis
593 3658 687 3712 oculos
708 3657 897 3728 perdiderant,
941 3666 1006 3705 nem
1021 3651 1199 3722 imperialem
1211 3652 1327 3723 accepit,
1350 3653 1446 3725 sicque
1460 3651 1600 3708 civitatem
1625 3653 1742 3710 intrarit

105 3760 247 3816 corporeos
274 3749 372 3798 tamen
385 3761 441 3799 non
463 3744 626 3801 amiserant.
643 3748 744 3801 Annon
758 3746 898 3816 videbant,
940 3739 1044 3794 ducens
1059 3755 1154 3794 secum
1168 3739 1325 3794 triformem
1340 3741 1502 3811 chimeram,
1520 3747 1549 3797 et
1570 3742 1608 3797 ad
1620 3742 1739 3798 Latera-

105 3834 163 3904 quis
176 3834 210 3888 ab
226 3834 269 3889 eis
281 3831 446 3900 ducebatur,
468 3850 552 3905 quam
568 3835 731 3890 allemania
747 3836 899 3891 honorifice
939 3845 1026 3883 nense
1040 3844 1131 3900 usque
1143 3827 1270 3899 pervenit
1282 3829 1430 3900 palatium.

104 3922 315 3994 suscipiebatur,
324 3938 510 3978 namcernere
518 3927 638 3994 eratpro
646 3923 861 3990 cereislanceas,
870 3930 899 3980 et
974 3915 1147 3970 Venerabilis
1168 3931 1232 3969 tero
1255 3915 1408 3986 Gregorius
1432 3926 1464 3972 ut
1489 3919 1620 3990 cognovit
1641 3921 1738 3991 populi

103 4011 895 4083 preclaricorumchorisarmatos,prolandibusconvitia,
938 4003 1222 4075 trepidatifflrrmjssm
1237 4003 1345 4058 dudum
1358 4005 1388 4059 in
1403 4021 1467 4060 arce
1482 4006 1514 4063 S.
1532 4007 1633 4078 Angtli
1651 4009 1738 4064 8⁰10-

102 4117 147 4172 pro
160 4099 304 4174 plausibus
318 4099 453 4154 ululatus.
474 4100 547 4165 Quid
562 4101 664 4172 plura?
682 4106 746 4173 post
762 4117 894 4172 agrorum
938 4097 1058 4160 caverat,
1070 4090 1378 4162 adcnjnsobsidionem
1401 4110 1451 4149 rex
1475 4110 1572 4149 omnes
1594 4095 1737 4152 Romanos

102 4191 280 4245 vastationem
294 4194 324 4243 et
336 4189 426 4242 multa
436 4188 548 4243 etvaria
555 4189 714 4257 homicidia,
727 4195 792 4260 post
804 4190 895 4245 varias
937 4181 1065 4236 armavit.
1077 4179 1141 4251 Ipse
1156 4196 1222 4235 vero
1236 4179 1418 4238 dissimulans
1433 4183 1579 4238 fortissimi
1589 4183 1669 4240 ducis
1678 4184 1736 4239 Ro-

99 4278 182 4334 clades
195 4287 225 4334 et
240 4277 380 4345 miserias,
391 4293 460 4348 quas
470 4277 590 4332 Romani
601 4277 727 4333 nolentes
737 4279 897 4351 pseudopa-
936 4271 1009 4326 berti
1019 4270 1171 4325 adrentum
1185 4269 1304 4337 nescire,
1320 4271 1472 4342 capitolina
1485 4272 1733 4340 domodestructa,

98 4383 159 4438 pam
171 4368 316 4440 suscipere
331 4365 456 4438 perpessi
467 4372 533 4421 sunt
540 4385 547 4432 ;
565 4383 629 4422 cum
639 4367 740 4423 eodem
754 4383 803 4422 rex
818 4357 925 4423 Lon-D
934 4361 970 4416 ad
985 4360 1129 4416 ecclesiam
1153 4363 1182 4417 S.
1208 4358 1286 4413 Petri
1298 4375 1362 4414 cum
1377 4359 1512 4416 Gulberto
1525 4361 1650 4428 veniens,
1667 4361 1736 4417 civi-

97 4455 255 4526 gobardiam
269 4455 373 4510 infecto
388 4455 502 4524 negotio
517 4454 609 4510 rediit.
935 4455 1023 4504 tatem
1043 4452 1071 4507 S.
1086 4453 1173 4520 Petri,
1189 4469 1276 4525 quam
1299 4452 1356 4508 Leo
1380 4451 1418 4507 lv
1439 4467 1513 4523 papa
1537 4450 1731 4517 aedificaverat,

129 4542 263 4614 Sequenti
278 4558 343 4595 vero
360 4541 453 4594 hieme
468 4539 573 4595 ducens
596 4557 690 4594 secum
716 4541 892 4612 pestiferum,
934 4538 1061 4594 funditus
1073 4541 1222 4609 destruxit,
1238 4541 1333 4612 sicque
1344 4541 1405 4594 vale
1417 4539 1521 4594 faciens
1536 4539 1669 4594 Romanis
1677 4556 1737 4596 una

97 4629 195 4686 iterum
203 4629 373 4686 Romaniam
387 4629 513 4698 intravit,
528 4634 557 4683 et
571 4628 744 4700 depopulans
760 4629 894 4698 urbes,et
934 4644 998 4682 curn
1025 4628 1160 4685 Guiberto
1179 4631 1311 4698 recessit;
1332 4629 1381 4684 sed
1399 4634 1554 4699 antequam
1576 4628 1612 4683 ad
1631 4629 1735 4685 Senam

97 4729 185 4775 castra
199 4723 329 4776 evertens
354 4718 391 4772 ad
403 4717 535 4773 ultimum
549 4735 694 4790 peremne
709 4719 892 4791 quadragesi·
933 4718 1056 4773 venisset
1064 4717 1233 4775 fortissimus
1242 4719 1297 4774 dux
1306 4719 1485 4790 Ruodpertus
1494 4717 1613 4773 Romam
1622 4707 1737 4790 aggres-

97 4809 166 4864 male
174 4815 288 4881 tempus
297 4807 417 4862 Romani
432 4805 552 4873 obsedit,
569 4811 675 4878 etpost
690 4809 794 4878 pascha
818 4825 896 4864 exer·
934 4823 991 4875 sua,
1006 4824 1062 4863 non
1077 4825 1128 4879 per
1141 4807 1295 4865 triennium
1310 4813 1343 4862 ut
1356 4806 1514 4874 Heinricus,
1535 4808 1586 4862 sed
1605 4809 1735 4880 sequenti

96 4898 150 4952 citu
164 4914 215 4969 per
233 4897 361 4951 civitates
376 4901 404 4950 et
415 4896 508 4950 vicina
519 4900 613 4951 castra
633 4896 757 4968 undique
772 4898 892 4954 circum·
935 4895 991 4964 die,
1003 4913 1060 4968 qua
1074 4897 1161 4965 venit,
1177 4898 1313 4969 perfidam
1326 4896 1467 4952 civitatem
1492 4896 1580 4952 armis
1605 4897 1691 4969 cepit,
1706 4901 1736 4953 et

96 4985 165 5054 fuso,
181 4986 328 5042 dimittens
342 4985 417 5057 apud
426 4985 550 5041 Tiberim
563 4985 740 5055 Guibertum,
750 4987 811 5060 ipse
821 4989 896 5044 Lon·
936 5000 1037 5055 papam
1048 4984 1083 5039 ab
1092 4985 1380 5053 obsidionaliberarit,
1396 4985 1491 5040 etfere
1506 5001 1603 5040 omnes
1617 4984 1737 5040 civitatis

96 5075 258 5146 gobardiam
272 5074 417 5129 remeavit.
749 5105 751 5110 ,
934 5073 1067 5130 Romanae
1074 5075 1202 5147 regiones
1211 5076 1299 5130 victor
1305 5075 1379 5130 ferro
1389 5075 1589 5145 flammamque
1598 5072 1732 5144 possedit.

129 5163 283 5220 Guibertus
303 5178 369 5216 vero
383 5167 415 5217 ut
427 5161 553 5217 Alcimus
577 5163 629 5234 (ila
644 5165 811 5232 lucubrare.)
826 5165 895 5219 satis
936 5161 1042 5218 Dehine
1056 5165 1131 5236 apud
1143 5165 1334 5220 Lateranense
1355 5165 1493 5236 palatium
1506 5162 1662 5234 permultos
1676 5160 1737 5216 dies

12 5293 13 5296 ,
97 5253 196 5324 agebat
209 5270 261 5325 pro
273 5252 429 5308 sacerdotio
444 5269 505 5320 suo,
523 5269 589 5308 nam
604 5271 655 5325 per
668 5270 751 5309 omne
765 5254 895 5308 festivum
936 5253 1040 5322 degens
1050 5254 1139 5308 multa
1150 5253 1239 5308 millia
1252 5255 1444 5309 Romanorum
1454 5251 1618 5306 vendiditut
1626 5249 1737 5305 ledeos

97 5349 207 5414 tempus
221 5357 338 5413 magnas
357 5340 579 5412 depraedationes
603 5347 632 5394 et
651 5343 740 5396 varias
755 5343 895 5396 Romano·
937 5341 1072 5411 quosdam
1091 5357 1157 5395 vero
1172 5341 1296 5412 captivos
1308 5341 1388 5396 duxit
1402 5355 1491 5410 usque
1513 5337 1684 5405 Calabriam,
1708 5344 1738 5394 et

97 5447 158 5486 rum
176 5432 279 5486 civium
291 5429 484 5486 truncationes
501 5429 630 5498 faciebat,
662 5430 763 5486 dehinc
785 5435 894 5500 segetes
935 5429 985 5483 tali
1000 5446 1082 5501 poena
1094 5429 1261 5500 digniorant
1269 5427 1393 5494 multari,
1417 5427 1464 5498 qui
1475 5425 1510 5480 ad
1521 5425 1736 5481 similitudinem

100 5525 127 5575 et
141 5537 224 5593 agros
233 5521 351 5578 flamm
364 5518 549 5592 depopulans,
575 5518 610 5577 de
635 5519 755 5602 penuria
767 5520 810 5576 vel
819 5517 895 5576 fame
934 5515 1098 5578 ludaeorum
1112 5523 1256 5591 pastorem
1264 5531 1347 5576 suum
1353 5515 1540 5576 tradiderunt.
1552 5515 1627 5583 Quid
1635 5513 1735 5588 plural
