3970 6172
88 339 161 402 ¹³²¹
834 350 979 412 uuam.
1656 371 1726 433 ,322

88 482 157 524 eum
168 469 334 528 altrinsecus
345 479 444 531 notato
455 481 558 550 quarta
570 477 747 552 superiorum
758 481 920 544 videlicetA
929 481 960 536 in
973 480 1124 538 medioaut
1133 487 1234 542 tonum
1243 480 1329 543 habet
1339 487 1726 569 sutsemitoniumlliapente

88 558 117 616 d.
130 560 298 631 junxerunt,
328 568 358 619 et
384 570 519 636 quartum
549 567 736 642 subjugalem,
759 577 889 626 octavum
930 587 995 626 vero
1009 573 1052 627 rel
1066 573 1205 641 ditonum,
1220 576 1263 631 vel
1277 579 1476 636 semiditonum
1491 581 1724 654 sivetonum,seu

89 647 195 722 quippe
208 656 317 721 tonum,
328 654 499 710 constituere
509 657 666 713 voluerunt.
683 659 813 732 Sedquis
822 675 889 734 eun·
929 660 1120 718 semitonium.

88 734 156 791 dem
170 739 286 796 modum
297 741 377 814 prius
386 741 414 797 in
430 749 511 816 proto
520 745 690 801 autenticam
699 746 821 819 speeiem
830 748 889 804 dia-
963 752 1001 806 lie
1019 754 1209 807 convenientia
1218 759 1317 824 motus,
1330 759 1381 824 qui
1393 758 1499 813 dicitur
1512 763 1688 820 commistus.

88 841 190 898 paeon,
201 828 293 897 idest,
305 836 404 889 tonum
414 833 537 904 primum
547 834 890 902 leceruntrecusaverunt
965 839 1139 896 commixtus
1152 846 1246 898 motus
1259 844 1444 902 venerabilior
1463 852 1507 904 est
1520 850 1660 907 omuibus.
1673 849 1727 908 Illa

88 915 173 972 illum
185 917 217 974 iu
229 921 354 977 tetrardo
369 921 411 977 vel
423 922 527 979 habere
536 924 579 979 vel
588 925 887 998 appellareplagalem,
930 934 1025 984 autem
1037 928 1284 1004 duabusdiapente
1293 933 1502 993 diatessaronve
1510 941 1728 1010 potestconvin·

89 1019 148 1060 non
166 1007 506 1083 perridentesquodlid,
517 1012 716 1069 bilormessint
729 1014 889 1087 litteraepo·
929 1018 1019 1074 culari
1028 1033 1126 1074 susum
1141 1023 1171 1075 et
1180 1020 1289 1091 jusum,
1304 1028 1333 1078 et
1351 1022 1448 1080 ditono
1462 1031 1491 1080 et
1504 1026 1659 1098 semiton03
1676 1030 1727 1086 sed

90 1099 185 1152 unus
193 1097 363 1154 naturaliter
373 1105 432 1155 tam
446 1101 586 1173 plagalem
607 1119 692 1176 quam
715 1103 889 1159 autenticam
929 1106 970 1162 ita
979 1111 1012 1162 ut
1025 1107 1180 1164 semitonus
1197 1108 1335 1164 iambicus
1344 1112 1475 1181 ascende,
1487 1130 1544 1170 non
1563 1116 1727 1188 descendat,

90 1185 263 1243 constituere
285 1189 419 1260 speciem.
448 1191 528 1247 Unde
555 1191 604 1248 ille
630 1191 758 1247 biformis
788 1193 889 1248 modus
930 1195 986 1251 nisi
1000 1196 1024 1251 si
1038 1197 1094 1252 duo
1110 1197 1728 1276 semitoniconvinculeutur:quiatuncuter·

90 1281 208 1348 propter
221 1277 405 1351 antiquorum
419 1277 453 1348 (bt
468 1297 525 1336 uon
546 1281 694 1354 acquisivit
711 1299 769 1338 sua
789 1281 889 1354 subju·
931 1285 1729 1362 quesemitcnusettrochaicusetiambicusintendentur,

90 1365 148 1436 gali
160 1371 269 1424 naturae
278 1366 405 1424 debitum
414 1385 528 1436 nomen,
540 1370 890 1444 utdicereturbypomiuo·
928 1374 1167 1448 remittenturque
1187 1377 1408 1434 murenientius.

91 1452 186 1600 {3⁰⁸2
199 1455 227 1512 id
245 1461 298 1526 “b
313 1456 449 1514 mimmii
463 1458 577 1532 ”Fumi
591 1460 721 1516 Vidffloet
738 1459 800 1517 t⁰¹s¹
821 1460 889 1516 ωδ·
929 1484 965 1538 De
978 1483 1202 1540 distinctionibus
1215 1489 1360 1570 cantuum,
1383 1491 1407 1541 et
1418 1501 1470 1542 cur
1481 1489 1579 1556 finnus
1594 1491 1729 1548 dicontur

89 1561 99 1615 J
145 1561 190 1600 us.
1221 1571 1255 1612 ao
1263 1572 1427 1625 superiores.

93 1652 365 1724 ammonianum
377 1639 499 1726 quadam
511 1659 588 1712 modi
595 1660 738 1726 peninum
749 1659 889 1713 intellese·
966 1643 1099 1709 Qussfflliss
1114 1643 1263 1716 principib.
1278 1646 1435 1716 Ρΐῑθὸθΐῒῑῦ1
1446 1651 1542 1703 ΜΘΗ
1553 1649 1624 1706 fines
1629 1650 1729 1708 diffin-

293 1730 353 1782 rint
367 1731 425 1783 sim
438 1735 520 1799 atque
533 1733 682 1787 naturam.
930 1731 1055 1787 euenum
1086 1737 1154 1788 sunt
1177 1733 1382 1799 considerandi,
1401 1735 1449 1808 qui
1467 1738 1608 1811 praecipue
1625 1739 1731 1796 debent

125 1813 265 1872 solertius
277 1820 373 1873 eutem
387 1817 524 1890 prelibati
536 1818 613 1874 modi
622 1824 753 1874 naturam
759 1822 788 1873 et
798 1817 890 1873 eillca-
899 1825 923 1888 Β
931 1821 1029 1877 finales
1035 1827 1208 1894 repetere,ut
1213 1824 1334 1880 domnus
1345 1823 1437 1881 Guido
1443 1825 1615 1898 dogmatizat
1621 1828 1727 1886 dicens:

91 1903 163 1960 dam
172 1904 303 1976 juniores
315 1905 459 1962 intuentes
471 1907 597 1979 plagales
617 1906 670 1963 sibi
690 1907 826 1963 formulas
847 1906 891 1962 vel
931 1910 1003 1966 ltem
1021 1916 1054 1967 ut
1068 1912 1297 1996 ad'prinripalem
1310 1929 1416 1980 rocem,
1429 1913 1459 1970 id
1473 1920 1517 1971 est
1528 1917 1643 1972 finalem
1655 1933 1729 1990 pene

91 1992 265 2050 differentias
278 1994 480 2052 attribuerunt.
495 1997 556 2053 Octo
568 2001 634 2052 sunt
647 1996 891 2055 beatitudines.Sc·
931 2016 1028 2056 omnes
1038 2000 1232 2058 distinctiones
1246 2007 1371 2070 sumant,
1387 2004 1543 2060 hoctemeu
1551 2006 1644 2062 rarius
1653 2005 1731 2063 inve·

91 2085 324 2140 culorumamen.
340 2086 375 2140 lu
402 2088 455 2141 ilio
473 2087 517 2140 dis
533 2090 562 2141 et
583 2091 707 2142 caeteras.
726 2086 890 2143 tesaurum
930 2089 1017 2160 nitur,
1043 2107 1129 2164 quam
1154 2091 1289 2148 erebrius.
1319 2093 1465 2150 Invenitur
1489 2095 1519 2151 in
1543 2097 1597 2152 hac
1618 2097 1726 2172 antiph.

90 2187 181 2228 omen.
197 2175 272 2230 Dum
285 2176 410 2231 medium
418 2177 571 2232 silentium.
929 2179 1070 2236 Notioitcs
1084 2185 1134 2236 tuo
1148 2182 1198 2236 liei
1207 2184 1333 2250 genitris
1344 2185 1432 2252 uirgo.
1448 2183 1590 2240 Gaudium
1612 2201 1731 2242 annun·

125 2283 203 2351 Quod
211 2287 323 2339 ,am
336 2283 484 2352 gmon-„5
496 2283 615 2354 ,jum
631 2283 853 2353 modigupgcgm
930 2269 1149 2324 ticuitunioerso
1160 2271 1276 2326 suanm.
1289 2271 1333 2355 lic
1346 2275 1370 2325 tc
1388 2273 1466 2326 enim
1479 2277 1557 2328 ortus
1571 2279 1610 2329 est
1623 2275 1732 2346 solius·

301 2358 471 2426 perspeceril
479 2357 674 2424 operationem.
775 2419 778 2424 ¹
930 2359 998 2412 tilia
1012 2358 1139 2414 Christus
1152 2359 1223 2414 Deus
1237 2364 1338 2414 noster.
1351 2359 1393 2429 ,b't
1421 2361 1593 2430 confundens
1613 2367 1732 2420 nmrtem

123 2441 210 2498 Patet
227 2443 390 2510 admodum,
405 2443 520 2499 beatum
533 2442 701 2515 Gregorium
716 2442 803 2498 totius
817 2457 889 2514 pene
930 2446 1043 2501 donauit
1058 2448 1136 2502 nobis
1149 2449 1236 2502 vitam
1250 2451 1463 2517 sempiternom.

90 2531 270 2588 ecdednsfici
281 2535 381 2589 cautu's
395 2537 540 2588 auctorem
560 2531 700 2604 duplicem
711 2532 774 2604 ejus
788 2546 890 2610 cogno·
964 2533 1077 2590 Finales
1087 2551 1166 2591 voces
1176 2535 1279 2608 triplici
1289 2539 1579 2610 excausanuncupari
1588 2538 1730 2610 ridentur,

88 2622 162 2677 risse
173 2621 453 2695 operationem,quia
462 2622 491 2676 iu
501 2626 616 2678 autento
628 2619 785 2692 nonpotius
793 2624 890 2676 auteu-
930 2626 960 2676 et
971 2623 1047 2693 quod
1058 2623 1161 2681 liniunt
1172 2624 1332 2695 legitimum
1345 2631 1526 2683 autentorum
1541 2636 1733 2692 ascensum,et

89 2711 168 2780 tices,
186 2727 272 2784 quam
287 2712 413 2784 plagales
425 2711 518 2784 diligit
531 2711 607 2767 odas.
618 2711 792 2766 Gumautem
803 2724 889 2766 aureo
930 2711 1006 2782 quod
1021 2727 1133 2768 omnem
1147 2713 1472 2780 determinantcantum‚
1489 2722 1518 2772 et
1532 2717 1607 2789 quod
1618 2717 1648 2774 in
1667 2735 1731 2776 eos·

88 2800 178 2874 ipsius
193 2805 224 2857 et
235 2801 325 2857 sancti
340 2800 487 2857 Ambrosii
495 2801 614 2874 plagalis
622 2816 683 2855 esse
690 2798 890 2870 comprobetur
929 2798 1207 2872 damnonuunquam
1221 2802 1291 2856 lines
1317 2802 1526 2860 distinctionem
1550 2805 1731 2875 perueniunt.

88 2890 262 2957 testimonio,
272 2890 339 2964 quid
354 2890 486 2947 nobisest
495 2889 692 2957 dubitandum,
705 2888 784 2961 quin,
795 2891 827 2943 ut
835 2891 886 2955 est,
929 2888 996 2943 ldae
1003 2887 1343 2962 dicimusnonnunquam,
1356 2891 1486 2964 quianon
1496 2893 1646 2964 semperin
1654 2894 1729 2966 illas,

88 2980 218 3036 dicamus
230 2981 311 3037 illum
325 2979 488 3036 nouaclum
507 2978 619 3036 donum
632 2978 681 3035 sed
699 2975 889 3051 hypomixoli·
929 2977 979 3032 sed
993 2977 1023 3034 in
1032 2978 1191 3050 superiores
1204 2984 1234 3035 et
1251 2979 1391 3054 principia
1405 2980 1616 3038 distinctionum
1625 2983 1733 3055 pertin·

89 3068 198 3126 dium?
928 3071 1001 3139 gunt
1015 3073 1044 3122 et
1055 3067 1136 3136 fines,
1149 3073 1178 3124 et
1190 3068 1220 3124 in
1231 3069 1352 3141 primam
1367 3069 1419 3125 sub
1430 3069 1733 3130 finalibusinautenti-

141 3159 221 3228 Quod
233 3159 306 3215 idern
320 3159 418 3214 enudus
431 3159 527 3214 babeat
541 3159 690 3213 motorium
702 3157 833 3225 pupulis.
898 3146 971 3212 Ccis
981 3156 1121 3225 cantibus,
1137 3156 1168 3213 in
1190 3157 1280 3230 plagis
1306 3157 1393 3214 etiam
1413 3158 1543 3217 inferius.
1563 3160 1729 3232 Superiores

124 3249 196 3306 Cum
210 3249 286 3304 idem
301 3249 402 3304 modus
417 3246 520 3303 habeat
533 3245 653 3318 plagalis
661 3243 890 3316 materiampla·
931 3250 1027 3301 autem
1041 3245 1184 3314 dicuntur,
1199 3248 1243 3302 rel
1258 3247 1324 3320 quia
1335 3248 1496 3320 superiores
1513 3248 1631 3322 plagalis
1645 3251 1733 3310 canti·

87 3339 223 3411 galemex
233 3340 492 3410 haccomponamus
501 3337 631 3404 formam,
643 3335 724 3390 autsi
737 3333 889 3406 possimus,
931 3335 1002 3390 lena
1017 3335 1236 3404 suntclaves,rel
1246 3337 1321 3409 quod
1334 3338 1465 3410 superius
1474 3344 1542 3395 sunt
1550 3340 1732 3400 mediatrices

87 3429 260 3486 naturaliter
272 3444 409 3500 negemus
422 3429 455 3483 D.
471 3443 527 3482 non
542 3430 741 3498 essequartam
748 3422 888 3495 gravium,
931 3429 1113 3481 autentorum
1134 3425 1310 3482 diatessaron
1325 3433 1353 3483 et
1368 3428 1500 3501 diapente
1512 3429 1731 3502 convincientes,

88 3519 116 3574 d.
127 3535 185 3575 non
200 3535 264 3574 esse
278 3521 410 3590 quartam
423 3503 612 3589 superiorum,
623 3519 673 3570 aut
686 3529 746 3569 esse
757 3512 891 3568 conceda·
930 3529 964 3569 ex
975 3514 1077 3587 hisque
1094 3514 1267 3571 autenticam
1298 3516 1435 3589 diapason
1456 3522 1733 3591 componentes:ch

87 3623 163 3664 mus.
192 3607 225 3664 Si
248 3606 426 3680 negabimus,
453 3604 488 3660 ab
511 3603 672 3661 aduersario
702 3601 890 3674 subsequente
931 3604 1006 3676 quod
1020 3603 1179 3676 superiores
1193 3608 1292 3661 sunta
1319 3605 1459 3672 finalibus,
1472 3624 1558 3680 quam
1589 3609 1688 3668 duales
1715 3627 1734 3668 a

86 3695 317 3767 constringemur
329 3693 581 3766 argumentatione.
590 3691 690 3748 Omnis
703 3689 818 3756 chorda
829 3705 890 3761 qua
929 3692 1072 3764 gravibus,
1085 3698 1136 3750 aut
1147 3694 1313 3750 excellentes
1327 3712 1345 3750 a
1359 3696 1562 3770 superioribus.

86 3784 211 3840 diffisum
219 3778 890 3856 memmessihid⁰⁸3⁰⁰¹¹j¹¹¹¹⁰fi⁰ofl⁸st³tl³⁶h⁰i
930 3800 967 3854 lie
977 3803 1055 3870 proti
1063 3803 1173 3856 autimi
1197 3803 1332 3870 speciebus
1357 3803 1484 3872 diapente
1507 3809 1532 3860 et
1558 3807 1733 3868 diatesseron

86 3874 201 3943 dorum,
208 3872 327 3929 alterim
336 3877 379 3928 est
388 3871 464 3939 finis,
472 3870 646 3942 alteriusque
655 3874 698 3924 est
707 3867 889 3941 principium
1039 3873 1157 3928 utilibus
1169 3873 1317 3928 melodium
1328 3877 1615 3938 comminiscentibus.

86 3964 139 4020 sed
154 3962 189 4019 D.
201 3960 388 4036 memmesis
400 3959 625 4016 estteuachordi
634 3958 801 4031 graviumet
817 3957 891 4012 tinu-
966 3959 1124 4016 Premissis
1140 3960 1327 4016 modulationi
1347 3962 1517 4019 utilitatibus
1540 3981 1605 4022 cum
1627 3967 1732 4026 domno

85 4052 171 4109 lium.
189 4051 222 4109 Si
242 4051 308 4108 linis
325 4055 370 4108 est
382 4049 566 4116 tetrachordi,
582 4053 685 4122 quarta
708 4051 751 4103 est
765 4045 889 4114 chorda,
932 4047 1060 4104 Guidone
1073 4048 1154 4104 nobis
1167 4048 1373 4118 communibus,
1389 4051 1456 4123 quia
1480 4069 1531 4108 sua
1557 4070 1616 4110 non
1638 4057 1732 4112 solum

86 4143 137 4198 sed
152 4142 218 4198 finis
233 4147 285 4209 est,
306 4157 374 4214 ergo
387 4145 504 4213 quarta:
517 4139 583 4212 quia
611 4136 703 4194 omnis
716 4135 890 4192 tetrachordi
931 4136 1015 4193 verba
1033 4137 1224 4209 exposuimus,
1237 4139 1286 4194 sed
1297 4139 1383 4194 etiam
1390 4140 1594 4198 commodiores
1601 4148 1732 4201 motuum

84 4231 182 4287 finalis
196 4235 299 4304 quarta
313 4235 365 4286 est.
382 4230 620 4302 argumentans
643 4223 893 4298 genere.lt1axima
932 4227 1048 4298 species,
1060 4242 1130 4298 quas
1144 4225 1203 4298 ipse
1217 4227 1330 4299 penitus
1343 4226 1466 4295 reticuit,
1482 4231 1731 4303 proposuimus,ad

83 4319 255 4394 propositio,
273 4319 348 4393 quod
360 4318 391 4375 in
405 4318 535 4376 omnibus
552 4318 636 4384 valet,
651 4316 725 4372 valet
739 4319 768 4370 et
780 4315 811 4370 in
823 4330 890 4383 uno,
932 4313 1086 4388 singularia
1099 4314 1175 4370 dona
1188 4315 1328 4386 jubilandi
1344 4315 1424 4374 nobis
1442 4317 1577 4376 divinitus
1597 4335 1731 4378 concessa

84 4409 122 4465 ab
137 4415 308 4483 argumento
322 4407 491 4482 precedenti
505 4409 549 4464 vel
566 4406 729 4470 iambicum,
744 4403 888 4477 oppositus
930 4405 1086 4460 ueniamus.
1130 4434 1135 4443 ·

82 4500 209 4556 madet
220 4515 273 4572 per
282 4498 420 4566 ditonum,
430 4497 478 4570 qui
488 4497 545 4553 duo
554 4495 630 4552 modi
638 4494 769 4566 diapente
777 4469 923 4565 compo-D
967 4494 1064 4550 Solum
1078 4497 1192 4565 protum
1201 4498 1349 4550 autentum
1359 4496 1629 4553 sunramusnobisin
1639 4514 1732 4556 exem·

81 4595 172 4645 nunt.
188 4589 287 4646 Posset
300 4587 455 4644 secundum
467 4585 605 4659 judicium
614 4583 729 4640 auditus
749 4581 827 4655 prior
840 4598 890 4655 per
929 4584 1018 4656 plum,
1033 4587 1066 4638 ut
1080 4582 1244 4639 modulandi
1257 4583 1486 4640 commoditatem
1500 4586 1530 4642 in
1546 4586 1610 4643 aliis
1635 4587 1727 4646 modis

81 4679 220 4734 ditonum
244 4677 391 4752 appositus
414 4693 467 4749 per
494 4675 669 4732 diatessaron
691 4688 822 4744 surgere:
838 4671 888 4726 sed
929 4671 1053 4744 reperire
1067 4688 1124 4728 non
1139 4672 1330 4744 desperemus,
1346 4689 1432 4745 quum
1447 4673 1478 4729 iu
1496 4675 1581 4746 hujus
1602 4677 1731 4749 experia-

78 4766 261 4841 principium
287 4765 472 4840 precedentis
492 4766 612 4838 linisque
636 4763 780 4836 sequentis
810 4761 889 4818 nulla
929 4776 995 4816 mur
1007 4760 1163 4834 speciebus.

77 4857 273 4930 conjungitur
290 4856 482 4930 proportione.
498 4855 597 4912 Posset
617 4851 793 4909 econtrario
813 4850 890 4923 prior
964 4849 1217 4916 Protusautentus,
1233 4850 1326 4919 idest,
1346 4850 1455 4924 primus
1477 4855 1561 4909 tonus
1583 4853 1731 4928 Vspecies

75 4963 135 5020 per
150 4946 284 5002 ditonum
299 4945 446 5020 appositus
459 4943 595 5000 scandere
615 4959 666 5016 per
687 4941 887 4999 semiditonum
932 4938 1108 4996 diatessaron
1116 4939 1236 4996 includit
1245 4957 1332 4996 unam
1343 4940 1464 5013 primam
1473 4941 1632 5012 formalem,
1644 4961 1732 5003 unam

76 5035 349 5111 proportionaliter,
364 5035 468 5108 qnippe
477 5050 542 5090 cum
554 5033 584 5089 in
593 5033 726 5106 diapente
739 5029 893 5087 ambocon·
932 5029 1084 5085 secundam
1107 5030 1267 5098 lormalem,
1296 5045 1383 5086 uuam
1414 5031 1529 5088 tertiam
1560 5033 1730 5107 naturalem,

76 5127 251 5195 eludantur,
267 5125 318 5182 sed
330 5124 448 5196 integre
463 5139 520 5179 uon
535 5127 579 5178 est
592 5120 747 5194 euphonia.
932 5133 1019 5174 mam
1033 5118 1145 5174 tertiam
1155 5119 1315 5188 formalem,
1325 5135 1411 5176 unam
1424 5121 1547 5193 primam
1561 5121 1730 5181 natm-alem.

383 5215 419 5270 Dc
433 5215 609 5284 Interposito.
934 5207 1058 5273 Quarum
1074 5208 1445 5282 Vunaquaequetrashabet
1456 5208 1732 5280 mutationes‚salta-

114 5303 313 5378 interpositus
327 5301 486 5359 necessario
497 5302 547 5358 liet
560 5300 689 5358 intensus
703 5303 733 5356 et
746 5299 891 5366 remissus,
933 5297 1031 5353 tricem
1046 5297 1210 5354 continuam
1228 5299 1272 5354 vel
1285 5298 1414 5371 spissam,
1426 5296 1731 5356 ternanensnlteur'x

74 5397 108 5452 in
122 5394 311 5450 &aaaron
323 5398 391 5450 tono
409 5388 894 5462 semitonior03indiapenteautam
934 5387 1005 5442 duas
1025 5386 1140 5442 ultimas
1167 5387 1260 5459 tangit
1284 5387 1411 5454 chorum,
1445 5385 1580 5442 continua
1604 5393 1730 5459 cunctas,

74 5478 706 5554 ditono,semitonio,tono,semitouio:quia
715 5479 894 5540 diatessaron
934 5475 1060 5534 ternans
1079 5482 1148 5536 tres.
1170 5476 1303 5538 Saltauix
1331 5481 1361 5532 et
1380 5473 1472 5546 spissa
1505 5473 1630 5548 duplices
1665 5481 1734 5538 suut

120 5645 171 5722 tt)
183 5645 262 5706 Forte
273 5642 472 5705 auctoritatem
485 5639 679 5719 supplendum.

212 5745 331 5814 Paron.
352 5743 412 5812 cb.
1579 5739 1621 5804 ts
