4046 6186
119 341 194 402 sets
309 307 311 314 ’
767 344 855 401 vnn
873 347 902 402 s.
922 346 1096 402 uuoanor.
1687 361 1756 420 1514

118 465 259 524 sscnbme
282 469 416 540 dignetur
438 469 612 532 haereditate,
628 485 678 540 per
698 469 848 526 Dominum
865 471 951 530 no-A
961 471 1069 526 tissime
1079 478 1285 542 composuerat,
1303 491 1389 548 prope
1401 479 1490 549 patris
1502 480 1546 536 sui
1558 485 1700 540 tumulum
1710 486 1757 542 de-

118 561 209 612 strum
231 557 324 614 lesum
349 560 491 614 Christum
515 559 615 614 Filium
631 575 723 625 suum,
739 561 864 630 quicum
886 579 918 616 eo
960 567 1055 615 center
1067 569 1110 615 est
1120 562 1256 632 sepultus.
1774 556 1777 569 '

118 646 147 700 in
167 648 277 702 unitate
296 649 417 720 Spiritus
441 649 531 704 sancti
545 649 613 702 vivit
626 655 655 704 et
672 656 771 720 regnat
786 651 869 719 Deus,
888 651 918 705 in
994 649 1038 705 32.
1057 651 1129 714 Quia
1147 667 1212 704 vero
1227 668 1277 722 pro
1296 662 1398 710 santae
1410 657 1486 711 illius
1499 660 1620 716 ecclesiae
1633 663 1755 718 aedifrea-

117 737 222 791 saecula
235 738 411 794 seculorum.
425 740 525 794 Amen.
958 738 1044 803 tione,
1063 755 1112 810 pro
1127 740 1221 794 Sancti
1239 757 1350 813 quoque
1366 745 1410 798 cui
1425 747 1561 802 aedificata
1575 755 1617 804 est
1640 769 1757 808 venera-

437 837 556 892 CAPUT
571 837 603 890 V.
960 828 1046 892 hone,
1058 829 1149 883 adhuc
1162 836 1257 884 autem
1274 848 1323 902 pro
1338 849 1435 904 regum
1451 837 1674 907 honorificentia,
1687 859 1757 916 quos

118 935 239 989 accusa
254 937 554 990 calvomontense
569 937 718 992 miracuta.
742 936 920 991 vasaten
960 918 1233 988 praenominavimus,
1258 927 1347 992 coepto
1374 923 1408 976 ab
1436 941 1520 996 orere
1549 929 1757 999 aliquantulum

209 1009 336 1075 episcopi,
353 1010 519 1061 monasterio
533 1010 647 1075 irajarii,
663 1008 728 1060 dire
744 1023 828 1060 mors.
960 1006 1131 1062 deviavimus
1146 1009 1247 1062 anrodo
1260 1013 1449 1066 necessarium
1461 1014 1589 1071 ducimus
1604 1020 1638 1072 ad
1658 1036 1758 1090 propo-

156 1093 201 1148 30.
225 1095 349 1150 Peractis
364 1095 545 1150 celeberrime
567 1094 720 1150 beatissimi
741 1097 791 1150 Dei
806 1097 919 1152 athletae
960 1094 1007 1147 siti
1028 1097 1116 1149 nostri
1136 1097 1237 1151 seriem
1260 1100 1359 1160 redire,
1382 1119 1499 1172 quaeque
1521 1112 1584 1175 post
1605 1109 1758 1164 transitum

120 1287 225 1344 corpus
239 1290 356 1345 parvum
371 1274 614 1345 adtempusjussit
623 1275 755 1330 aedificari
763 1276 917 1345 tugurium,
961 1277 1039 1327 ratus
1057 1274 1094 1328 sit
1107 1273 1253 1340 miracula,
1271 1278 1338 1331 licet
1350 1295 1438 1350 pauca
1453 1282 1488 1335 de
1500 1284 1605 1350 multis,
1618 1302 1673 1340 non
1689 1288 1760 1342 resi-

121 1377 271 1434 quousque
284 1362 319 1416 ad
334 1362 489 1421 faciendam
501 1361 571 1417 inibi
589 1363 745 1430 ecclesiam,
762 1364 921 1419 necessaria
961 1361 1060 1415 demus
1084 1362 1187 1434 scripto
1209 1368 1416 1424 commendare.
1443 1371 1533 1440 Hujus
1553 1374 1665 1444 quidem
1686 1377 1759 1432 San-

120 1458 239 1522 pararet
261 1468 455 1524 expensarum.
475 1453 626 1508 Contracta
646 1470 711 1508 vero
735 1453 921 1524 undecunque
961 1447 998 1503 cti
1013 1450 1088 1504 fama
1102 1452 1760 1528 circumquaqueincrebrescentel10),inhrmos

121 1540 217 1612 potuit
231 1557 287 1596 non
299 1557 385 1613 parva
398 1542 527 1613 pecunia,
544 1548 672 1597 sanctum
692 1542 760 1597 illud
776 1543 827 1598 liei
841 1541 921 1596 habi·
963 1539 1046 1594 variis
1058 1540 1187 1596 detentos
1206 1543 1398 1614 languoribus,
1414 1548 1449 1600 ad
1465 1550 1527 1618 ejus
1540 1554 1707 1608 memoriam
1728 1571 1761 1610 ex

98 1641 103 1646 ·
122 1630 251 1684 taculum
259 1629 491 1686 instanterordiri
502 1631 731 1702 perproperabat,
743 1637 772 1686 et
781 1632 922 1704 plerisque
963 1629 1060 1684 multis
1073 1635 1212 1685 terrarum
1224 1633 1352 1704 partibus
1367 1637 1618 1696 acciditconssuere
1635 1661 1640 1696 :
1658 1644 1761 1715 quibus

122 1720 247 1790 negotiis
268 1721 431 1792 postpositis
456 1721 492 1774 ad
514 1721 566 1776 hoc
588 1721 790 1792 perficiendum
814 1721 922 1776 enixius
964 1734 1013 1789 per
1024 1719 1156 1774 meritum
1172 1721 1262 1776 saneti
1275 1723 1320 1776 sui
1333 1725 1457 1792 athletae,
1472 1729 1566 1797 gratia
1589 1729 1683 1786 divina
1704 1750 1761 1788 non

123 1808 308 1866 elaborabat:
323 1810 444 1882 fecitque
459 1827 544 1881 parvo
566 1810 596 1864 in
612 1818 738 1882 tempore
752 1810 827 1882 quod
844 1809 954 1870 bene-B
963 1807 1115 1878 dedignata
1128 1815 1171 1863 est
1187 1810 1342 1866 subvenire.
1354 1813 1434 1877 Quod
1448 1831 1514 1887 ergo
1529 1819 1606 1889 prius
1617 1823 1762 1877 memorie

123 1898 189 1953 vola
202 1904 369 1971 conceperat
393 1905 497 1961 mente,
517 1899 582 1960 nisi,
606 1900 760 1955 secundum
776 1901 850 1972 quod
863 1901 924 1956 uni·
964 1898 1096 1962 occurrit,
1108 1898 1186 1969 prius
1201 1899 1337 1966 dicamus,
1357 1909 1495 1974 quatenus
1514 1907 1548 1961 de
1572 1909 1692 1980 singulis
1705 1927 1763 1966 non

124 1987 228 2059 cuique
242 1987 381 2054 imminet,
397 1987 481 2044 rebus
499 2005 563 2044 eum
574 1989 706 2044 humanis
722 1989 806 2044 nimis
820 1990 924 2044 intem·
965 1986 1141 2042 solummodo
1150 1989 1317 2059 singulares,
1334 2008 1430 2048 verum
1445 1995 1618 2053 multimodas
1633 2000 1764 2070 lieogra-

125 2077 234 2150 postire
257 2077 421 2148 contigisset
440 2077 590 2134 excessisse
617 2080 688 2134 Cum
707 2078 782 2134 enim
800 2079 830 2134 in
845 2079 926 2135 Cotia
965 2075 1012 2130 tiae
1027 2077 1185 2131 referantur
1198 2078 1265 2148 (ll).

126 2167 199 2222 silva
214 2173 315 2222 venatu
337 2175 522 2234 exerceretur,
540 2168 639 2234 valida,
661 2169 732 2239 proh
750 2168 847 2223 dolor!
868 2185 928 2224 cor·
1001 2164 1045 2222 33.
1061 2166 1245 2236 Tuguriolum
1260 2167 1330 2223 illud
1342 2171 1417 2240 quod
1432 2175 1540 2245 corpori
1561 2181 1765 2251 sanctosuper·

127 2263 227 2328 reptus
238 2255 323 2321 febre,
339 2273 403 2311 curn
417 2257 452 2312 ad
465 2257 631 2330 Compendii
645 2257 780 2330 palatium
793 2259 927 2329 repedas·
967 2255 1136 2310 aedillcatum
1147 2257 1658 2330 essepraescripsimus,tantaevirtntis
1673 2267 1767 2324 divine

128 2350 182 2410 set,
194 2351 492 2418 parvoposttcmpore
505 2353 595 2402 morte
615 2353 782 2418 preventus,
802 2355 927 2418 postmo-
969 2344 1136 2416 disponente
1157 2347 1251 2416 gratia
1270 2355 1444 2418 compertum
1468 2357 1511 2406 est
1530 2371 1601 2414 esse.
1620 2363 1653 2410 ut
1666 2357 1689 2411 si
1704 2358 1768 2431 quis

129 2434 199 2490 dum
214 2451 279 2490 vero
300 2436 329 2489 in
344 2435 461 2490 ecclesia
475 2437 584 2496 eudem,
608 2452 692 2506 quam
714 2437 773 2506 jam
789 2437 929 2492 adificare
970 2434 1067 2488 dolore
1090 2434 1217 2489 denham
1238 2441 1361 2491 attactus
1385 2455 1419 2493 ex
1441 2440 1557 2511 virgulis
1578 2445 1679 2515 quibus
1700 2461 1768 2502 con·

129 2534 265 2595 coeperat,
285 2529 351 2579 ante
368 2530 496 2580 sanctum
516 2523 610 2598 [servi]
631 2525 680 2580 Dei
697 2525 822 2580 Medardi
841 2526 930 2580 altare
970 2528 1076 2576 textum
1092 2521 1193 2586 fuerat,
1219 2524 1310 2580 locum
1335 2527 1440 2582 doloris
1462 2533 1601 2601 tangeret,
1622 2535 1769 2590 confestim

129 2613 480 2686 honorificeestsepultus.
494 2613 638 2686 Expensas
651 2631 715 2669 vero
726 2631 796 2685 ques
808 2614 853 2668 hic
863 2631 931 2686 prae·
971 2611 1062 2664 omnis
1076 2611 1125 2664 illa
1143 2613 1270 2666 dentium
1290 2615 1441 2670 infirmitas
1460 2618 1632 2687 abigeretur,
1649 2625 1722 2695 quod
1743 2630 1772 2679 et

131 2709 280 2774 paraverat
290 2704 377 2774 operi.
389 2704 544 2759 secundum
559 2704 634 2775 quod
648 2703 736 2759 David
751 2720 798 2761 rex
813 2703 930 2759 filiosuo
972 2701 1000 2755 in
1015 2701 1119 2772 palatio
1140 2702 1216 2771 regis
1235 2702 1409 2773 divulgatum
1433 2711 1483 2760 est.
1503 2709 1622 2771 Quidam
1638 2729 1769 2784 namque,

133 2792 278 2848 Salomoni
290 2792 326 2846 ad
344 2792 442 2864 templi
465 2792 576 2847 Domini
592 2791 930 2853 aedificationemfecerat,
973 2788 1126 2844 Carimcris
1138 2791 1260 2856 nomine,
1284 2792 1331 2862 qui
1352 2810 1385 2846 eo
1406 2793 1576 2867 intempore
1599 2799 1771 2856 childeberti

133 2881 263 2946 filiosuo,
281 2881 558 2954 Sigebertonomine,
573 2882 608 2936 ad
623 2882 834 2938 aedificationem
847 2883 932 2937 eccle-
972 2879 1047 2949 regis
1070 2879 1279 2934 referendarius
1305 2881 1470 2950 habebatur,
1495 2886 1562 2958 quia
1588 2888 1641 2942 hoc
1673 2891 1773 2946 eodem

133 2971 193 3036 siae,
211 2987 297 3042 quarn
320 2970 379 3026 Deo
392 2976 515 3038 voverat,
539 2971 737 3043 expendendas
757 2971 929 3044 dereliquit;
973 2968 1071 3022 morbo
1091 2967 1255 3038 gravissime
1275 2969 1429 3033 laborabat,
1457 2974 1493 3028 ad
1516 2976 1644 3031 eamdem
1665 2979 1693 3033 S.
1713 2979 1773 3036 Mc·

133 3059 274 3114 mandans
288 3063 318 3114 et
331 3059 502 3115 remandans
512 3059 547 3120 ei.
564 3067 703 3131 quatenus
718 3061 742 3116 si
757 3079 813 3134 quo
827 3061 852 3115 ei
864 3077 933 3132 erga
973 3056 1055 3111 dardi
1075 3056 1219 3112 basilicam
1243 3058 1379 3114 deductus
1399 3067 1450 3115 est.
1475 3063 1602 3136 Cumque
1613 3069 1716 3136 januas
1730 3087 1773 3125 ec-

133 3156 244 3221 patrem
258 3149 404 3204 charitatis
418 3149 518 3205 debitae
533 3149 644 3205 dilectio
656 3151 877 3209 maneretomni
891 3131 1067 3204 oc-Ccleeiae
1091 3145 1199 3201 clausas
1226 3147 1385 3218 reperisset,
1402 3157 1431 3205 et
1455 3169 1518 3207 eum
1547 3154 1673 3211 dentium
1695 3159 1776 3213 dolor

136 3238 251 3294 sasione
270 3238 402 3310 seposita,
419 3245 521 3294 sancte
541 3239 606 3294 huic
621 3255 704 3311 quam
720 3239 936 3311 praenotavimus
977 3235 1068 3306 magis
1083 3236 1216 3306 armagis
1230 3244 1352 3307 urgeret.
1367 3240 1401 3293 de
1415 3244 1629 3312 unajanuarum
1642 3247 1777 3303 fiduciali-

135 3327 326 3391 rediticationi,
343 3345 488 3401 quousque
509 3329 662 3384 honorifice
679 3328 877 3400 compleretur,
895 3334 937 3384 to-
978 3331 1022 3380 ter
1036 3324 1176 3379 hastulam
1192 3325 1303 3393 excidit,
1322 3334 1351 3382 et
1367 3328 1415 3384 ubi
1430 3332 1520 3402 magis
1535 3333 1684 3391 infirmitas
1695 3355 1776 3408 gras-

136 3421 196 3471 tam
206 3433 324 3489 prorsus
335 3416 519 3472 intentionem
530 3417 686 3472 adhiberet.
978 3415 1094 3469 sabatur
1126 3413 1362 3472 confidentissime
1397 3421 1471 3491 quod
1507 3422 1650 3478 exciderat
1689 3443 1777 3499 appo-

173 3503 218 3561 31.
235 3505 397 3578 Sigebertus
412 3522 487 3564 vero.
505 3507 715 3578 patresepulto,
731 3506 761 3560 in
773 3522 859 3578 regno
874 3521 937 3561 con·
978 3504 1045 3566 suit.
1070 3521 1189 3575 moxque
1205 3505 1240 3560 ab
1255 3522 1288 3560 eo
1303 3523 1386 3577 quern
1412 3509 1459 3563 diu
1480 3527 1628 3582 perpessus
1647 3522 1709 3571 crat
1722 3517 1778 3571 do-

138 3596 279 3660 firmatus,
295 3595 401 3666 quoda
420 3600 500 3666 patre
521 3595 548 3648 in
569 3596 621 3648 hoc
643 3602 806 3667 susceperat
820 3594 935 3665 negotii,
979 3594 1038 3648 lore
1062 3593 1196 3648 liberatus
1224 3601 1275 3650 est.
1308 3596 1436 3652 Habetur
1463 3599 1547 3654 etiam
1576 3602 1692 3658 baculus
1716 3608 1778 3678 ejus

137 3684 269 3755 largiflue
287 3689 450 3756 prosecutus
470 3690 522 3739 est.
546 3682 714 3739 admirabili
737 3685 812 3740 enim
836 3684 939 3740 diversi
980 3683 1054 3754 apud
1076 3698 1136 3748 nos,
1159 3700 1209 3755 per
1233 3701 1315 3756 quem
1342 3686 1490 3759 plerosque
1512 3689 1639 3746 infirmos
1653 3693 1778 3751 diverso·

137 3773 252 3845 generis
271 3773 397 3845 lapidum
415 3773 633 3838 constructione,
657 3774 811 3830 secundum
832 3775 941 3846 quoda
981 3788 1044 3826 nrm
1057 3772 1227 3844 languorum
1246 3774 1433 3831 medicamina
1447 3785 1575 3849 expertos
1591 3798 1652 3838 esse
1666 3801 1780 3858 compe-

138 3867 221 3934 patre
245 3869 413 3933 susceperat.
439 3863 585 3917 ecclesiam
607 3863 685 3917 illam
699 3863 850 3926 decoravit,
871 3879 940 3918 auro
981 3861 1080 3915 rimus.

139 3957 169 4007 et
182 3954 302 4022 argento
317 3967 350 4006 ac
363 3951 527 4006 necessariis
540 3951 570 4007 in
582 3951 674 4007 officio
686 3951 876 4007 ecclesiastico
892 3968 939 4007 or·
1018 3947 1061 4003 34.
1080 3949 1199 4014 Quidam
1211 3968 1322 4023 quoque
1336 3959 1498 4010 catenarum
1514 3957 1582 4014 loris
1596 3960 1779 4018 indissolubi-

138 4045 342 4095 namentorum
370 4039 553 4096 varietatibus
576 4039 753 4096 abundanter
777 4041 939 4109 exornavit;
981 4038 1048 4094 liter
1060 4046 1193 4100 arctatus,
1210 4041 1376 4112 gravissima
1395 4043 1479 4098 nimis
1496 4046 1669 4116 fatigatione,
1684 4057 1781 4108 sancta

139 4147 228 4186 censu
244 4135 272 4185 et
287 4129 454 4199 redditibus,
469 4136 554 4202 prout
568 4131 674 4202 regiam
689 4131 806 4186 decebat
819 4130 942 4201 dignita·
984 4128 1159 4184 Sanctissimi
1181 4130 1264 4198 hujus
1288 4130 1423 4200 suffragia
1444 4133 1569 4204 expetiit,
1593 4138 1736 4193 confidens
1750 4156 1781 4194 se

139 4224 211 4286 tem,
227 4219 379 4276 affluenter
387 4225 417 4275 et
430 4219 662 4275 excellentissime
676 4219 944 4290 ditavit-Eleganter
984 4217 1160 4273 sanctissima
1183 4219 1244 4289 ejus
1269 4218 1469 4275 intercessione
1482 4221 1517 4276 ab
1532 4223 1581 4278 illa
1598 4225 1782 4297 impeditione

138 4325 208 4365 vero
236 4308 355 4364 eeclesia
378 4309 544 4381 composita.
560 4308 746 4380 undecunque
770 4307 863 4380 potuit
886 4309 943 4362 ele·
985 4325 1067 4381 posse
1082 4309 1191 4364 resolvi.
1204 4309 1242 4363 Ut
1251 4325 1317 4376 ergo
1332 4315 1435 4365 sanctae
1443 4308 1563 4368 basilicae
1574 4314 1666 4370 valvas
1675 4317 1780 4389 attigit,

138 4398 289 4471 gautiores
303 4397 342 4452 ibi
356 4396 462 4453 sacrari
477 4397 617 4452 ordinavit
629 4414 774 4469 personas,
789 4415 844 4469 quo
855 4403 884 4453 et
896 4415 945 4470 pa·
985 4397 1132 4469 repentino
1144 4397 1263 4467 fragore,
1279 4414 1336 4452 uno
1350 4399 1504 4471 eodemque
1518 4409 1670 4468 momento,
1688 4412 1716 4460 et
1729 4423 1783 4462 coe-

139 4489 196 4545 tris
211 4487 257 4544 sui
271 4493 367 4544 votum
381 4487 581 4560 benignissime
602 4488 799 4559 compleretur,
826 4493 855 4542 et
875 4455 1043 4542 inibiDlum
1058 4486 1191 4550 intonuit,
1217 4492 1247 4540 ct
1268 4487 1353 4541 vastis
1376 4489 1542 4559 compedum
1562 4490 1679 4548 vinculis
1692 4494 1783 4552 disru-

140 4579 203 4635 Deo
218 4578 248 4634 in
264 4583 400 4634 aternum
416 4577 635 4634 ecclesiasticum
650 4577 773 4632 officium
787 4594 820 4633 ex
839 4577 943 4642 debito,
985 4576 1168 4648 ptisetlonge
1182 4575 1393 4641 dissilientibus,
1411 4578 1494 4632 homo
1505 4579 1552 4633 ille
1566 4579 1782 4640 indultaeadhuc

138 4685 195 4741 pro
205 4667 358 4724 universali
368 4683 419 4723 sua
432 4666 562 4722 videlicet
573 4670 602 4721 et
613 4665 750 4737 patrissui
761 4667 944 4740 omniumque
985 4665 1090 4720 inscius
1111 4664 1298 4731 liberalitatis,
1321 4666 1409 4719 multo
1424 4668 1562 4723 attonitus
1577 4676 1702 4743 stupore,
1722 4675 1782 4730 solo

138 4758 272 4814 fidelium
296 4757 395 4824 salute,
412 4757 575 4830 perenniter
588 4755 775 4814 exhiberetur.
792 4757 870 4812 Idem
884 4757 944 4830 ipse
984 4759 1142 4824 prostratus
1156 4759 1206 4806 est.
1223 4752 1328 4807 Deinde
1347 4754 1498 4825 resumptis
1512 4755 1627 4820 viribus,
1644 4776 1708 4815 cum
1721 4763 1781 4833 jam

136 4845 313 4904 venerabilis
342 4864 394 4902 rex
427 4845 598 4917 Sigebertus,
623 4863 687 4902 cum
720 4845 835 4901 fratrem
861 4863 944 4902 suurn
985 4859 1016 4896 se
1028 4842 1148 4896 sentiret
1161 4841 1332 4912 expeditum.
1350 4858 1400 4913 pro
1420 4853 1533 4916 recepta
1548 4846 1678 4904 libertate
1693 4851 1782 4909 Deum

138 4937 337 5009 chilpericum
345 4935 537 5008 nomineapud
545 4934 806 4991 urbemTornacum
817 4935 944 4992 obsidere
985 4937 1013 4986 et
1028 4932 1059 4988 S.
1080 4930 1254 4986 lledardum.
1269 4932 1347 5001 cujus
1367 4931 1420 4986 hoc
1437 4933 1638 4993 intercessione
1652 4939 1783 4997 obtinue-

138 5029 308 5101 disponeret
338 5026 413 5098 opud
435 5025 625 5080 Victoriacum
637 5025 828 5096 fredegundis
842 5027 944 5096 reginae
985 5025 1038 5085 rut,
1052 5017 1165 5073 vocibus
1188 5019 1315 5074 altisonis
1337 5020 1421 5093 coepit
1437 5025 1627 5096 magnificare.
1644 5029 1783 5086 Mirantur

136 5117 273 5174 versutia
286 5115 483 5188 interemptus,
499 5131 562 5170 cum
584 5113 662 5186 prius
678 5130 743 5168 eum
759 5113 887 5169 Lambris
899 5133 946 5170 se.
985 5125 1082 5162 omnes
1094 5113 1151 5162 tam
1162 5107 1327 5163 citissimam
1338 5109 1437 5166 divinoe
1452 5113 1562 5166 virtutis
1578 5115 1780 5185 operationem,

138 5207 295 5282 pelissent,
305 5204 340 5259 ab
350 5205 410 5276 ipso
425 5204 523 5260 eodem
536 5203 624 5258 fratre
639 5219 690 5258 suo
700 5203 857 5274 (hilperico
871 5210 942 5275 post·
986 5203 1015 5252 et
1043 5198 1172 5252 concordi
1204 5215 1302 5253 omnes
1329 5199 1530 5254 acclamatione
1556 5204 1782 5272 potentissimam

30 5359 31 5364 ἵ
136 5297 263 5354 modum
280 5293 438 5350 Suessionis
451 5293 567 5358 relatus,
579 5290 732 5347 inecclesia
743 5308 828 5365 quam
843 5293 945 5348 decen·
985 5288 1074 5343 sancti
1086 5288 1211 5358 praesulis
1226 5290 1388 5345 collaudant
1401 5290 1645 5348 interventionem.

33 5595 35 5620 ²
135 5605 210 5660 clau

32 5519 33 5522 ,
178 5461 191 5524 (
198 5453 239 5514 1οι
254 5455 357 5512 anita
369 5472 419 5528 per
432 5455 600 5511 monachum
617 5453 846 5510 Suessionensem
863 5455 947 5525 longa
985 5449 1080 5522 betur,
1104 5454 1299 5536 apponebatur
1321 5451 1446 5507 fabulosa
1476 5452 1615 5524 promotio
1644 5455 1783 5532 privilegii

135 5545 220 5606 para
239 5528 315 5584 hrasi
335 5529 468 5582 dicuntur
491 5527 582 5582 sanati
602 5527 676 5590 croci,
692 5528 781 5585 surdi.
797 5527 944 5593 contracti,
986 5527 1151 5581 monasteris
1180 5527 1207 5581 S.
1234 5524 1372 5592 bladardi,
1398 5540 1459 5595 quse
1487 5527 1562 5596 apud
1590 5525 1722 5586 Bosciurn
1741 5539 1784 5588 est

213 5545 253 5666 Χῖ,
268 5598 381 5672 leprosi,
396 5605 531 5655 amentes.
549 5598 705 5672 paralytici,
718 5597 910 5670 energumeni.
986 5598 1102 5656 omissa.

180 5671 242 5744 ‹11›
265 5671 317 5728 llic
342 5671 372 5727 in
395 5670 462 5726 Vita
482 5671 582 5741 altera,
606 5676 637 5726 ut
661 5671 736 5743 apud
754 5686 805 5726 nos
829 5685 882 5726 ms.
898 5669 946 5725 ha-

271 5769 405 5836 Psrxot.
432 5771 492 5836 cu.
938 5795 941 5810 =
1629 5772 1667 5834 ts
1731 5763 1736 5775 '
