3882 6172
209 307 262 369 607
710 353 715 360 -
809 311 926 368 nostru
947 256 1050 368 BUCAE
1069 312 1242 370 BAthBBll
1792 309 1839 371 608

210 433 420 502 lemniaeensis,
446 434 606 492 tirocinium
633 451 803 510 persequens
834 437 1156 512 sanctissimiAreguns,
1185 437 1317 495 clodovei
1339 437 1468 494 videlicet
1491 442 1520 494 et
1547 435 1696 506 clotharii,
1710 436 1841 509 simulque

210 523 287 582 illius
301 525 373 580 riri:
392 544 406 578 e
422 525 491 581 Cum
515 526 611 598 igitur,
635 527 737 598 inquit,
753 527 788 583 ad
811 527 885 582 istud
910 543 1008 582 mena·
1049 528 1198 585 childerici
1214 532 1243 583 et
1260 528 1423 584 Theoderici
1439 528 1652 600 privilegiorum
1671 526 1842 582 auctoritates

209 616 328 671 sterium
358 615 601 686 (Solemniacense)
631 617 704 672 Tillo
723 616 890 684 devenisset,
918 624 946 672 et
973 617 1008 672 ab
1049 618 1159 685 docent,
1176 634 1209 673 ex
1232 617 1391 690 semetipsis
1413 615 1466 672 sibi
1486 615 1662 690 perennibus
1681 616 1843 688 temporibus

210 702 312 760 abbate
325 719 437 759 summa
450 721 515 760 curn
536 705 725 776 gratulatione
739 711 886 777 susceptus
899 705 1006 772 luisset,
1049 707 1179 763 abbatem
1194 706 1331 778 eligerent
1343 705 1486 780 (monachi
1498 704 1735 772 Fontinellenses)
1751 703 1778 758 in
1794 721 1844 776 quo

210 790 341 846 tirocinio
367 792 471 848 christi
499 792 658 864 insignitus,
687 793 886 848 ardentissime
913 809 1009 848 amore
1049 797 1135 854 etiam
1154 797 1237 868 J'ustae
1259 795 1430 867 alligationis
1448 793 1532 850 verbo
1548 797 1707 867 praesentes
1729 793 1843 848 futures·

210 879 301 936 selum
316 881 412 936 iesum
426 881 599 949 desiderans,
615 881 667 937 sub
688 881 738 938 SS.
762 882 878 938 Patrem
893 882 1008 938 Colum·
1050 901 1104 957 que
1127 885 1175 956 qui
1195 883 1300 940 ibidem
1323 882 1471 938 militaturi
1497 888 1582 938 erant
1607 881 1784 952 constringit,
1806 886 1843 948 ut,

210 966 277 1024 bani
306 973 335 1024 et
357 969 500 1026 Benedicti
525 971 624 1042 regula
647 971 723 1027 inter
747 972 850 1027 fratres
881 971 1009 1027 habitere
1049 975 1131 1030 sicuti
1150 972 1203 1030 sub
1215 974 1277 1045 ejus
1291 972 1436 1044 regimine,
1453 971 1493 1027 ita
1511 975 1540 1027 et
1560 970 1695 1041 deinceps
1710 974 1739 1024 et
1755 969 1806 1042 ipsi
1820 974 1846 1026 et

211 1057 304 1130 coepit.
321 1079 333 1111 s
351 1059 398 1114 Sic
412 1075 464 1114 ms.
480 1059 552 1115 liber
565 1061 690 1132 ejusdem
702 1061 874 1116 monasterii·
1049 1063 1155 1135 posteri
1169 1077 1266 1118 eernrn
1277 1061 1431 1116 secundum
1443 1061 1574 1132 regulam
1585 1059 1615 1114 S.
1629 1057 1770 1113 benedicti
1782 1059 1844 1112 tide-

247 1147 289 1202 Bx
312 1147 449 1202 Desiderii
470 1148 655 1205 cadurcensis
677 1150 799 1223 episcopi
823 1151 878 1205 vita
892 1167 935 1206 ms
949 1150 1009 1214 ttlo·
1049 1153 1114 1209 liter
1127 1153 1238 1209 Christo
1248 1151 1430 1214 deservirent,
1449 1168 1462 1203 ι
1483 1153 1537 1204 etc.
1549 1149 1674 1204 Exstant
1694 1145 1777 1201 etiarn
1791 1146 1843 1200 haec

211 1235 293 1292 rebat
306 1235 380 1291 circa
394 1252 499 1292 annum
513 1235 587 1306 639).
605 1259 616 1292 ι
633 1239 746 1296 Nullum
765 1239 879 1310 quidem
894 1254 927 1294 eo
941 1242 1011 1292 tem·
1050 1242 1125 1300 inter
1138 1240 1257 1296 concilia
1269 1239 1425 1309 Gallicana,
1440 1254 1492 1293 nec
1507 1252 1564 1292 non
1580 1242 1611 1292 et
1625 1236 1702 1290 inter
1713 1235 1846 1306 generalia

211 1340 279 1397 pere
293 1325 322 1379 in
337 1323 410 1380 urbe
425 1326 557 1382 Cadureae
572 1328 746 1400 propositum
763 1327 902 1394 monachi,
919 1343 1010 1398 neque
1052 1331 1158 1388 nltimae
1172 1328 1304 1385 editionis
1318 1325 1669 1399 es'l'ypographiaRegia.
1685 1323 1810 1379 Refertur
1821 1322 1846 1377 in

211 1412 340 1469 habiturn
349 1413 1009 1486 religionis,autregulaecoenobialisintravernt.
1051 1420 1116 1475 Vita
1135 1420 1167 1474 B.
1183 1417 1316 1473 Aiehadri
1336 1417 1412 1488 apud
1436 1415 1563 1482 Surium,
1590 1414 1639 1468 die
1665 1412 1697 1470 15
1719 1413 1846 1476 Octobris,

212 1501 346 1558 Instituta
365 1503 508 1559 Benedicti
531 1521 587 1559 non
601 1505 684 1578 lenge
699 1505 854 1574 distabant3
874 1502 1012 1561 Desiderii
1053 1509 1085 1567 S.
1106 1507 1291 1564 Philiberturn
1307 1504 1512 1561 Gemetieensis
1531 1502 1702 1558 monasterii
1717 1501 1845 1566 abbatem,

212 1595 308 1646 autem
333 1596 460 1664 tempere
483 1593 542 1648 hoec
564 1599 640 1648 secta
660 1595 826 1667 (Benedicti)
856 1595 1011 1650 Cadurcum
1053 1614 1117 1653 cnm
1128 1596 1241 1653 Ebreini
1251 1595 1474 1669 persecutionem
1484 1593 1670 1659 declinasset,
1678 1589 1847 1662 conlegisset-

212 1679 343 1748 intravit,
356 1680 440 1752 hujus
453 1681 505 1737 sub
517 1682 562 1738 die
574 1683 632 1739 haec
641 1685 740 1756 religio
750 1683 909 1740 adolescere
918 1683 1011 1756 coepit,
1054 1687 1150 1759 quead
1160 1685 1333 1741 Ausonidum
1344 1683 1536 1740 pictavensem
1546 1682 1847 1755 episcopum,rogatum

211 1781 279 1822 nam
294 1773 323 1823 et
345 1768 536 1841 Moysiacense
556 1773 713 1829 coenebiurn
740 1775 824 1845 hujus
845 1779 972 1845 tempore
994 1759 1089 1830 abab
1103 1775 1202 1831 eedem
1219 1774 1349 1846 episcopo
1364 1779 1504 1845 quatenus
1526 1769 1694 1826 aionasterii
1709 1767 1780 1841 quod
1797 1767 1847 1838 ipse

212 1854 280 1910 viris
290 1857 477 1914 laudabilibus
486 1860 625 1917 Ansberte
637 1868 666 1918 et
675 1861 831 1918 Leethadio
842 1861 1011 1935 completum
1052 1882 1150 1921 recens
1163 1866 1341 1920 exstruxerat
1360 1861 1487 1934 regimen
1501 1862 1662 1932 susciperet
1673 1878 1680 1926 3
1703 1858 1747 1913 cui
1759 1855 1849 1912 annuit

213 1950 265 2012 est,
279 1951 308 2001 et
331 1947 361 2002 iu
380 1948 441 2020 ipso
455 1950 558 2022 oppido
573 1967 590 2006 a
603 1951 708 2007 sanctis
723 1951 790 2007 viris
808 1951 1012 2007 monasterinm
1053 1956 1082 2011 S.
1099 1953 1269 2010 Philibertus
1292 1969 1325 2008 ea
1350 1953 1411 2024 lege
1438 1952 1463 2006 si
1488 1953 1524 2008 B.
1540 1949 1713 2014 aichadrus,
1730 1946 1775 2019 qui
1789 1950 1847 2000 tuuc

212 2032 376 2090 hisdiebus
399 2037 566 2092 exorditum.
588 2038 652 2094 Alia
672 2040 818 2111 complura
841 2037 1013 2094 monasteria
1053 2043 1188 2115 temperis
1204 2038 1579 2106 menesterieQuintiacensi
1591 2032 1847 2110 praeemt,coenebio

212 2121 275 2192 ejus
287 2122 340 2177 sub
350 2129 478 2196 tempere
491 2130 553 2181 sata
562 2133 720 2183 creverunt.
736 2145 750 2181 s
765 2128 803 2182 Ex
816 2127 880 2182 Vita
893 2126 923 2182 S.
938 2125 1012 2196 Agili
1054 2130 1243 2187 Gemeticensi
1254 2131 1351 2202 pertici
1364 2146 1419 2184 nen
1432 2133 1588 2183 recusaret.
1603 2146 1615 2180 s
1629 2123 1811 2192 Quamobrem
1823 2121 1847 2175 in

212 2209 296 2282 primi
305 2211 606 2271 abbatisltesbacensis
616 2215 828 2288 monasterii(S.
838 2214 1013 2272 Columbane
1054 2221 1161 2276 sornnis
1176 2221 1226 2292 (ait
1241 2218 1391 2274 Fnlbertus
1405 2217 1476 2272 Vitae
1488 2221 1597 2278 anctore
1614 2215 1648 2270 B.
1665 2211 1848 2280 hichadreap

212 2299 1013 2378 aqualislantiqnaatqueoptimamsnuexarata:«Apud
1054 2302 1847 2382 paruerunt3episcopusvirgampastoralem,beatusrero

213 2405 244 2442 se
256 2389 418 2460 Agnenldes
434 2392 527 2460 (Pater
537 2394 565 2449 S.
577 2395 659 2465 agili)
671 2394 876 2450 Columbannm
888 2393 1015 2464 aliquan·
1054 2397 1225 2453 Philibcrtus
1240 2397 1367 2468 regulam
1382 2396 1411 2452 S.
1428 2395 1572 2451 Benedicti
1588 2391 1759 2466 porrigebat.
1774 2386 1847 2442 ambo

214 2476 303 2550 tisper
315 2483 530 2538 commemorari
544 2482 611 2538 tecit
626 2485 655 2538 in
667 2484 734 2539 villa
747 2500 809 2555 quae
820 2483 1014 2538 Honoridacus
1055 2487 1136 2559 quasi
1156 2501 1212 2541 une
1229 2501 1278 2541 ere
1293 2484 1419 2548 dicentes
1435 2499 1442 2536 ι
1459 2484 1561 2554 Surge,
1579 2481 1679 2546 frater,
1695 2486 1724 2534 et
1738 2476 1847 2532 cilicium

213 2563 625 2643 dieitnnaquovoluittgilum
634 2573 694 2643 jam
704 2571 1011 2644 septennembenedici3
1055 2575 1130 2648 quod
1142 2574 1193 2630 tibi
1210 2589 1228 2628 a
1243 2573 1301 2628 Deo
1318 2571 1475 2645 imponitur
1489 2569 1656 2626 obedienter
1669 2566 1785 2637 senape.
1801 2565 1847 2617 lle·

214 2652 263 2710 sed
277 2658 418 2728 persuasit
438 2660 602 2730 parentibus
615 2667 649 2716 ut
662 2678 782 2734 puerum
797 2663 855 2718 Dee
869 2660 1012 2716 otterrent.
1055 2665 1115 2738 cipe
1136 2663 1254 2735 virgam,
1269 2678 1415 2736 perquam
1436 2658 1616 2716 subditorum
1631 2661 1724 2713 errata
1736 2652 1847 2722 corrigas

215 2741 269 2797 Die
298 2759 365 2817 erge
383 2745 531 2819 designata
548 2751 632 2805 Pater
655 2749 731 2821 Agili
757 2749 900 2822 applicans
926 2747 1015 2804 sacris
1055 2743 1847 2821 etadreetnmdisciplinaereducas;librumetiam‚uttu

214 2831 351 2889 altaribus
361 2833 476 2892 charam
488 2837 624 2904 sobolem,
637 2839 740 2895 obtulit
751 2838 780 2894 in
790 2838 863 2894 dicte
877 2842 1016 2893 monaste·
1055 2841 1146 2914 prime
1161 2857 1224 2912 qliae
1247 2839 1278 2894 in
1298 2855 1332 2894 ee
1346 2843 1460 2893 exarata
1479 2843 1547 2893 sunt
1560 2835 1713 2900 custodias,
1729 2837 1758 2887 et
1769 2829 1797 2883 in
1810 2826 1847 2880 his

214 2921 268 2988 rie,
283 2921 407 2994 largiens
422 2943 472 2998 per
490 2928 604 2984 titulum
627 2929 790 2984 testamenti
812 2928 922 3000 copiam
936 2926 1015 2982 tundi
1055 2930 1107 2986 tibi
1129 2929 1269 3001 subjectos
1293 2927 1496 2982 intermarana
1517 2927 1682 2982 desistas.»
1705 2923 1742 2976 iix
1757 2917 1847 2990 quibus

215 3015 245 3065 et
266 3013 390 3068 tamilla.
409 3034 420 3066 s
437 3014 507 3072 Inde
529 3034 594 3072 vero
617 3018 684 3090 quid
709 3018 841 3089 colligere
854 3017 916 3072 esti
937 3016 1014 3072 illam
1056 3021 1202 3091 antiquam
1217 3017 1294 3072 illam
1315 3015 1476 3072 traditionis
1500 3016 1606 3086 regulae
1620 3020 1650 3068 et
1663 3009 1752 3066 baculi
1766 3009 1848 3078 pasto

215 3099 343 3157 videlieet
358 3103 507 3160 termulam
522 3107 580 3162 Dee
595 3108 801 3162 elterenderuns
814 3123 864 3178 pro
879 3105 935 3160 nris
949 3122 1015 3178 pue·
1025 3078 1047 3139 G
1058 3109 1123 3163 ralis
1138 3107 1167 3162 in
1192 3105 1301 3161 abbatis
1322 3103 1516 3160 benedictione
1537 3100 1779 3162 consuetudinem,
1794 3107 1847 3164 ‹1¹¹ae

216 3205 312 3245 rerum
335 3193 452 3264 petitam
472 3211 489 3250 a
504 3195 602 3266 regula
617 3197 706 3251 sancti
720 3195 873 3262 Benedicti,
888 3211 950 3266 cap.
970 3191 1013 3261 59,
1056 3198 1193 3253 hactenus
1208 3194 1405 3268 perseveravit,
1429 3200 1528 3248 notare
1550 3201 1594 3250 est
1608 3191 1685 3264 (vide
1699 3180 1848 3244 Pentitieale

215 3278 246 3333 in
258 3296 314 3350 quo
329 3281 388 3337 haee
404 3281 563 3339 habentur:
586 3305 597 3337 r
615 3283 646 3340 Si
660 3285 722 3357 quis
736 3285 808 3340 serbe
824 3285 859 3339 de
875 3283 1015 3339 nobilibus
1056 3287 1215 3342 Romanum
1232 3287 1261 3340 in
1273 3282 1466 3338 benedictione
1476 3281 1610 3352 abbatisl3
1623 3277 1728 3336 Deinde
1741 3273 1811 3330 hisoe
1823 3269 1848 3323 i¹¹

216 3367 298 3423 oltert
310 3369 400 3425 tilium
412 3388 495 3427 suum
514 3373 573 3428 Dee
587 3374 617 3428 in
637 3373 819 3442 monasterio,
834 3373 858 3427 si
873 3373 933 3444 ipse
946 3388 1016 3444 puer
1056 3373 1247 3442 monasteriis,
1269 3370 1461 3438 Quintiacensi
1475 3371 1625 3434 nimirum,
1644 3365 1744 3423 llicriae
1762 3357 1848 3416 insulse

217 3455 319 3511 minori
333 3463 415 3514 aetate
430 3465 483 3529 est,
504 3468 635 3533 parentes
657 3465 719 3534 ejus
734 3463 840 3517 saciant
852 3461 1015 3532 petitionem
1057 3463 1170 3518 condito
1180 3461 1216 3517 ab
1229 3460 1382 3525 Ansealde,
1394 3465 1421 3514 et
1436 3459 1629 3514 Gemeticensi
1643 3460 1767 3512 sanaem
1777 3462 1848 3517 regu·

217 3559 302 3614 quam
316 3561 403 3618 supra
419 3547 550 3616 diximus,
566 3558 594 3606 et
608 3567 671 3606 eum
690 3549 831 3607 oblatione
843 3551 933 3622 ipsarn
947 3550 1017 3623 peti·
1056 3552 1173 3606 lamuel
1195 3567 1229 3606 ea
1243 3555 1412 3622 tempestate
1431 3548 1562 3620 riguisse.
1578 3549 1679 3604 Canen
1695 3541 1726 3600 15
1741 3541 1767 3596 S.
1783 3536 1848 3592 Leo·

215 3631 333 3700 tienem,
350 3640 378 3690 et
391 3653 507 3693 manum
524 3640 604 3712 pueri
618 3639 760 3696 involvant
773 3640 803 3695 in
817 3640 893 3712 palla
907 3639 1015 3705 altaris,
1057 3640 1164 3714 degarii
1179 3637 1442 3711 augustodunensis
1456 3637 1590 3710 episcopi,
1608 3639 1642 3692 Α.
1661 3635 1693 3690 C.
1708 3627 1768 3694 670,
1783 3621 1846 3680 hesed

216 3720 258 3776 sic
278 3739 342 3778 eum
365 3725 494 3782 olierant.
520 3747 532 3780 s
557 3730 592 3784 lit
614 3729 689 3785 intra
710 3749 746 3783 :r
769 3730 798 3784 Si
818 3729 925 3801 aliquid
948 3729 1016 3783 dare
1058 3729 1421 3803 quaquampraetereundus
1433 3732 1477 3782 est
1490 3727 1605 3782 silentio
1617 3745 1627 3790 ¹:
1641 3713 1847 3809 «Beabbotibus

216 3810 356 3868 voluerint
379 3815 529 3887 (parentes)
553 3817 582 3874 in
611 3817 818 3890 eleemesynam
846 3818 1017 3873 monasterio
1058 3819 1179 3875 vereret
1194 3816 1339 3873 monachis
1353 3817 1501 3872 observare
1516 3814 1706 3875 convenitut,
1726 3793 1847 3880 quidqud

217 3915 269 3970 pro
302 3904 432 3960 mercede
459 3923 519 3974 sna,
548 3907 653 3964 faciant
678 3925 710 3964 ex
738 3906 822 3964 rebus
849 3924 920 3980 quas
950 3907 1018 3962 dare
1058 3907 1209 3964 canonicus
1227 3907 1296 3962 ordo
1310 3905 1353 3961 vel
1371 3907 1469 3976 regula
1486 3905 1577 3960 sancti
1591 3897 1735 3960 Benedicti
1751 3893 1845 3988 edocet,

217 3989 326 4054 velunt,
355 3992 545 4063 donationem,
567 4015 580 4050 s
601 4003 654 4052 etc.
671 3997 737 4053 Vita
762 3997 851 4052 sancti
876 3995 1018 4068 Bigomeri
1059 4003 1088 4052 et
1103 3997 1219 4070 implere
1228 4002 1256 4051 et
1269 3995 1411 4050 custodire
1423 3995 1453 4050 in
1464 3994 1596 4050 omnibus
1608 3983 1771 4047 debeantSi
1781 3992 1846 4076 enim

217 4077 338 4148 abbatis,
364 4097 396 4136 ex
425 4101 477 4139 ros.
504 4085 688 4141 Florineensis
720 4085 839 4141 coenobii
869 4086 929 4141 hec
954 4100 1019 4156 sup-
1059 4087 1154 4142 omnia
1164 4085 1407 4156 fuerintlegitime
1421 4084 1496 4156 apud
1509 4081 1627 4138 abbates
1637 4079 1680 4134 vel
1691 4076 1845 4165 menesteus

216 4171 334 4244 peditat.
363 4175 462 4230 Eodem
491 4182 608 4248 ternpore
629 4177 809 4246 (childeberti
832 4177 906 4249 regis
932 4177 1019 4232 Fran·
1059 4179 1232 4242 consecrata,
1245 4178 1274 4228 et
1288 4189 1423 4228 numerus
1438 4171 1652 4237 monachorum,
1660 4167 1717 4223 Deo
1727 4157 1844 4234 P¹⁰Plt¹⁰¹

217 4263 328 4336 oerum)
356 4285 370 4314 ι
404 4267 523 4322 Sanmus
547 4268 658 4323 Avitus
674 4274 704 4323 et
731 4269 851 4324 Sanctus
880 4265 1018 4322 carilefus
1059 4263 1217 4335 augebitur,
1242 4269 1271 4318 et
1292 4261 1518 4317 mundusemnis
1532 4277 1583 4331 per
1602 4271 1700 4315 eornm
1719 4247 1845 4306 orationes

218 4355 312 4418 882
331 4353 361 4408 in
374 4361 460 4410 vastae
473 4357 560 4411 eremi
575 4357 726 4412 solitudine
742 4355 820 4412 binas
834 4354 949 4410 cellulas
964 4353 1016 4409 sub
1057 4353 1184 4408 assiduas
1202 4351 1283 4407 malis
1298 4350 1405 4406 carebit
1426 4349 1574 4420 contagiis.
1593 4368 1605 4400 s
1622 4341 1774 4403 eanonicus
1786 4330 1844 4388 erdo

218 4444 426 4513 sanctaregula
442 4445 631 4514 [Benedictina
644 4445 782 4514 videlieet]
798 4445 915 4500 mirillce
929 4437 1104 4498 sediti-Bhic
1126 4441 1248 4496 retertur
1270 4440 1306 4494 ad
1329 4439 1454 4506 abbates,
1475 4437 1616 4510 siquidem
1638 4451 1671 4490 ea
1693 4423 1844 4498 tempestate

217 4534 351 4584 caverunt
364 4531 431 4599 Dee,
453 4532 517 4588 fulti
532 4550 643 4606 queque
655 4536 688 4604 S.
707 4533 869 4590 innocentis
884 4534 1019 4589 Cenoma·
1059 4531 1107 4603 qni
1133 4529 1274 4584 canonicis
1302 4534 1442 4600 praeerant
1473 4525 1589 4582 abbates
1616 4525 1703 4581 etiam
1731 4509 1844 4572 solebat¹

218 4615 289 4671 nica
302 4617 381 4673 urbis
394 4621 507 4687 anxilio,
529 4641 543 4677 s
559 4627 611 4678 etc.
627 4622 692 4678 Vita
706 4623 865 4678 massueti
887 4621 1018 4678 Ansberti
1059 4619 1194 4687 vociteri3
1218 4618 1317 4690 regula
1340 4634 1406 4672 vero
1428 4618 1457 4672 S.
1476 4614 1620 4671 Benedicti
1642 4611 1677 4668 ad
1697 4600 1842 4696 monachos·

219 4705 349 4762 monachi
370 4708 585 4766 Fontinellensis
601 4721 686 4776 (nunc
701 4712 728 4767 S.
744 4711 945 4784 Vandregesilil
962 4727 1019 4764 mo·
1059 4709 1120 4765 linc
1135 4707 1242 4763 accedit
1261 4706 1416 4762 doctissimi
1435 4705 1564 4761 Manardi
1578 4699 1617 4759 ad'
1628 4696 1807 4789 praelationem
1818 4699 1842 4737 ¹¹¹

217 4791 1018 4873 nasterii,acpestmednmaachiepiscepiltethomagensis,
1060 4797 1246 4852 Concordiam
1272 4796 1436 4868 regularum
1462 4793 1552 4850 sancti
1577 4785 1718 4849 Benedicti
1741 4784 1843 4837 Αιῑιῑῑῐὶω

218 4883 322 4954 passim
335 4893 417 4944 sonat
430 4894 591 4962 utrumque,
608 4895 637 4946 et
651 4889 882 4962 vandregesilum
903 4895 932 4944 et
948 4890 1020 4943 Ans·
1060 4884 1318 4953 abbatis,ornnibus
1328 4883 1486 4949 abbatibus,
1499 4889 1528 4938 et
1538 4869 1842 4964 menachisdestinatss¹¹

218 4969 328 5029 bertum
340 4975 501 5034 institutum
512 4979 724 5035 Benedictinum
734 4979 821 5034 tuisse
831 4977 1019 5051 professes,ac
1059 4973 1227 5040 observatio,
1236 4975 1295 5030 haec
1305 4973 1388 5028 verba
1397 4973 1567 5028 illustrantis
1580 4989 1587 5026 ε
1601 4993 1613 5020 ι
1628 4960 1751 5025 Occurrit
1759 4963 1842 5010 ammo

216 5062 336 5134 preinde
359 5067 512 5122 coenobitas
537 5068 586 5124 ille
608 5069 638 5123 in
659 5068 796 5124 asceterio
817 5067 851 5122 D.
873 5066 1016 5122 Benedicti
1059 5079 1093 5119 ea
1105 5063 1318 5136 quoeatepidis,
1328 5060 1517 5134 segnibusque
1526 5058 1669 5116 monachis
1680 5049 1731 5108 dici
1741 5040 1839 5101 assolet.

217 5157 346 5210 normam
369 5156 489 5212 coluisse
507 5158 550 5212 vel
571 5157 671 5212 iisdem
694 5156 868 5229 temporibus
892 5156 953 5228 thoe
975 5160 1018 5210 est
1057 5152 1129 5217 Quid
1151 5157 1258 5207 caterae
1284 5152 1349 5206 huic
1360 5150 1568 5222 <Benedictinael
1580 5145 1723 5204 conterunt
1733 5121 1841 5203 regul&

218 5241 346 5299 Letharii
373 5249 402 5299 et
429 5245 582 5317 Dagoberti
604 5247 774 5302 Francorum
797 5251 908 5318 regum)
934 5245 1018 5301 fateri
1058 5241 1129 5308 Quid
1139 5243 1175 5297 ad
1186 5258 1230 5296 me
1239 5257 1310 5313 quas
1322 5256 1378 5296 non
1388 5239 1503 5312 promisi
1521 5239 1643 5312 pertinet
1654 5235 1775 5302 legeras
1793 5220 1838 5312 etc·

216 5347 362 5389 necemurn
379 5339 421 5389 est
435 5355 441 5392 :
455 5333 687 5406 crotonensium
702 5335 870 5390 audiamus:
886 5353 899 5387 e
918 5335 1017 5390 Factus
1060 5350 1073 5385 r
1088 5333 1158 5386 Cum
1173 5331 1216 5386 liis
1232 5336 1331 5386 auctor
1344 5328 1475 5384 omnibus
1488 5327 1631 5383 monachis
1643 5315 1764 5380 Ecclesia
1776 5318 1839 5361 ecci·

217 5421 444 5496 archiepiscopus
461 5423 489 5478 S.
504 5422 671 5489 Ansbertus,
687 5424 823 5496 privilegii
839 5423 883 5478 sui
897 5423 1019 5479 anctori—
1058 5421 1179 5476 dentalis
1194 5421 1339 5492 loquatur;
1409 5418 1532 5488 demque
1552 5415 1700 5488 tepidiores
1713 5392 1840 5492 01¹l¹⁰¹¹ft¹¹t

218 5515 277 5566 tute
291 5511 378 5567 edixit
393 5516 433 5576 ut,
450 5529 500 5585 per
512 5511 690 5568 succedentia
706 5518 843 5585 tempora,
861 5512 1016 5568 secundum
1058 5527 1089 5565 se
1109 5511 1198 5565 selam
1222 5509 1312 5565 sancti
1332 5509 1370 5564 Be
1408 5506 1476 5561 dicti
1497 5507 1625 5577 regulam
1645 5497 1753 5556 sosiae.
1768 5483 1835 5539 ahts»

219 5599 248 5654 S.
264 5599 356 5654 Patris
378 5600 520 5658 Benedicti
541 5602 680 5672 reguum,
701 5605 730 5656 et
745 5612 775 5657 ut
799 5601 1018 5674 precedentium
1059 5599 1319 5674 quasinheoepere
1332 5568 1838 5666 eontinentur,ignorare;1¹l¹¹¹¹¹¹¹¹¹est
