3896 6170
222 293 292 353 1159
727 293 756 347 S.
776 291 974 350 GUILLELMI
992 289 1145 347 ABBA'I'IS
1164 289 1336 352 HIRSAUG.
1761 293 1815 353 tttt
1909 309 1910 316 ’

585 416 662 476 XIII.
1026 420 1052 479 A
1429 415 1501 472 XIV.

258 509 293 564 In
308 525 362 581 qua
376 509 512 564 nimirum
535 509 626 578 ligans
646 512 735 562 totam
756 514 891 580 suscepte
906 527 923 564 a
938 508 1020 564 nobis
1164 507 1268 575 Flacca
1281 507 1460 563 Monoclrordi
1475 511 1501 560 et
1515 507 1735 577 explanationes.

223 598 565 670 materiaeabyssum,quaa
573 598 633 667 jam
649 596 678 650 iu
694 597 763 651 satis
778 597 867 651 latum
882 599 1020 652 constitu·
1096 594 1299 652 Universaliter
1319 594 1637 651 autemhicnatandum
1649 595 1819 666 estquodom·
1909 593 1910 665 l

223 686 306 740 tionis
320 687 444 740 omniurn
460 686 614 757 specierum
631 702 663 739 ac
675 684 1018 757 dispositionistropornm
1061 701 1110 738 nes
1123 684 1305 739 authenticis
1322 683 1453 739 finalibus
1464 683 1626 753 incipientes
1638 683 1669 738 ad
1683 684 1820 738 excellentes

221 793 317 847 equor
329 776 486 830 collationis
510 781 612 829 nostrai
636 775 723 828 ducta
745 773 846 828 dillusa
870 780 922 837 est,
943 777 1021 831 velut
1060 774 1305 834 ascendunt.etin
1320 770 1821 844 superioribusdistinguunturmmnes

219 865 292 920 intra
308 865 466 936 parvissimi
491 864 545 917 laci
569 862 725 933 marginem
751 863 873 917 naturali
898 864 1018 934 quodam
1061 877 1125 915 vero
1137 861 1300 932 subjugales
1319 860 1480 932 agravibus
1495 861 1654 916 inchoantes
1672 861 1697 916 la
1718 861 1820 932 superio·
1909 881 1910 906 l

219 959 288 1008 aestu
302 958 444 1024 receptum
459 953 662 1022 collectumque
679 950 827 1005 mirabere.
846 951 936 1006 Habet
945 953 1019 1006 enim
1063 950 1141 1004 ribus
1158 951 1304 1014 limantur,
1322 957 1352 1004 et
1366 950 1395 1004 in
1413 948 1543 1003 frnalibus
1568 949 1733 1015 mediantur,
1746 949 1822 1018 sicque

222 1049 374 1114 quaternos
386 1042 515 1096 tramites
530 1041 558 1095 in
569 1041 629 1094 viee
640 1045 762 1111 quatuor
772 1042 943 1096 naturalium
961 1047 1018 1096 tro·
1062 1040 1159 1094 linarles
1170 1048 1199 1094 et
1213 1040 1371 1111 superiores
1382 1038 1510 1108 utrisque
1523 1043 1588 1092 sunt
1600 1055 1757 1100 communes,
1771 1051 1821 1108 gm-
1909 1039 1910 1080 f

221 1149 332 1204 porum,
348 1132 376 1187 id
388 1137 439 1186 est.
454 1147 516 1185 cum
532 1129 728 1200 subjugalibus
747 1130 889 1184 unitorum
901 1132 1017 1202 positos,
1062 1144 1108 1182 ves
1122 1134 1216 1182 autern
1229 1127 1607 1200 subjugalrbns,excellentes
1617 1126 1768 1182 authenticis
1777 1143 1823 1197 pro·
1909 1099 1910 1122 ¹

222 1239 340 1295 quorum
365 1220 469 1291 singuli
493 1219 618 1290 ejusdem
638 1219 722 1289 tropi,
734 1221 814 1290 cujus
830 1219 959 1275 obtinent
977 1221 1020 1275 vi·
1060 1217 1128 1288 prise
1150 1224 1233 1284 sunt3
1254 1224 1282 1272 et
1298 1217 1372 1288 quod
1386 1217 1539 1282 naturales
1555 1214 1582 1270 id
1599 1223 1648 1282 est,
1664 1215 1823 1270 indillerentes

221 1314 416 1380 cem,quatuor
435 1308 521 1362 etiam
536 1305 735 1378 priucipalibus
745 1307 857 1362 chordis
870 1313 933 1378 post
943 1313 1020 1362 certa
1061 1312 1182 1378 quatuor
1195 1306 1270 1378 tropi
1291 1305 1455 1378 agraribus
1478 1305 1622 1360 initiantes
1642 1305 1674 1360 ad
1687 1305 1823 1360 excellentes

221 1399 396 1455 diatessaron
420 1402 449 1452 et
471 1397 611 1467 diapente,
637 1396 695 1450 sive
721 1397 855 1468 diapason
870 1397 962 1468 spatia
975 1398 1019 1452 in·
1060 1411 1150 1466 usque
1165 1396 1341 1466 pertingunt,
1357 1401 1457 1450 ettam
1473 1395 1501 1449 ln
1520 1394 1650 1449 finalibus
1664 1410 1739 1465 quam
1752 1392 1777 1446 in
1791 1409 1824 1446 sn·

225 1488 322 1560 scripti
336 1487 423 1542 totius
435 1488 494 1557 jam
507 1487 631 1540 decursae
646 1486 816 1540 narrationis
826 1486 1018 1541 brevissimam
1061 1485 1217 1555 perioribus
1233 1485 1340 1539 medias
1355 1483 1550 1539 distinctiones
1564 1484 1715 1556 accipiunt3
1741 1481 1774 1535 sic
1791 1487 1825 1535 ta·

222 1583 360 1633 ettamen
382 1574 573 1647 plenissImam
596 1575 860 1646 apertissimamque
882 1576 1020 1647 recapitu·
1061 1591 1126 1629 men
1140 1575 1230 1630 initiis
1246 1581 1275 1630 et
1299 1575 1427 1630 terminis
1452 1572 1609 1644 mediisque
1633 1570 1825 1628 distinctionibus

220 1665 356 1721 latIonem
382 1663 526 1718 continere
549 1662 717 1734 probantur.
739 1664 830 1717 Tanta
852 1663 1016 1734 quippevia,
1059 1663 1186 1718 omniurn
1204 1663 1239 1719 ab
1250 1664 1366 1718 invicem
1383 1661 1561 1733 inaequaliter
1570 1661 1740 1728 distantibus
1749 1659 1826 1714 uther

222 1755 393 1824 effectusque
418 1752 544 1824 potentia
568 1753 642 1806 inest
666 1751 867 1823 principalibus
896 1752 1087 1838 chordIs;Bin
1105 1752 1236 1808 omnibus
1248 1759 1348 1824 regnet
1359 1751 1514 1823 equalitas,
1532 1758 1559 1806 et
1573 1752 1689 1824 quisque
1702 1751 1754 1805 suis
1766 1749 1827 1820 prin·

221 1843 295 1916 quod
317 1849 346 1897 et
366 1859 453 1914 supra
475 1842 639 1908 memoravi,
656 1847 688 1896 ut
711 1843 769 1897 brec
791 1841 882 1896 brevis
905 1842 1017 1895 illarum
1060 1841 1330 1914 cipalrbuschordiS,
1352 1841 1426 1914 quod
1441 1847 1470 1894 et
1489 1859 1575 1914 supra
1590 1840 1794 1902 memoravimus,
1807 1843 1829 1890 et

220 1932 355 2014 connexio
370 1949 441 2004 pene
463 1932 600 1991 onmium,
614 1948 675 2002 quae
697 1933 756 2001 jam
772 1937 849 1986 tacta
870 1931 913 1985 vel
927 1931 1019 1985 adhuc
1035 1977 1040 1986 ,
1059 1931 1256 2002 incipiatur‚et
1271 1931 1388 1986 liniatur
1398 1939 1427 1987 et
1437 1933 1638 2004 distinguatur,
1649 1927 1828 1999 totusqueinde

223 2021 365 2092 tangenda
380 2027 456 2088 sunt,
472 2021 674 2092 plenitudinem
692 2020 862 2075 contineant.
877 2021 908 2075 ln
919 2020 1018 2075 ultimo
1060 2026 1168 2075 constet
1183 2026 1212 2075 et
1227 2026 1352 2092 regatur,
1370 2028 1467 2093 utpote
1483 2029 1582 2094 protus
1604 2038 1636 2075 ea
1654 2019 1770 2074 cornil-as
1780 2019 1828 2085 pri·

224 2111 299 2166 enirn
315 2110 440 2175 tramite,
451 2110 498 2181 qui
510 2115 591 2180 proto
602 2109 800 2181 praetitulatur,
808 2109 915 2180 primus
926 2107 1019 2163 omni·
1060 2115 1113 2163 ints
1129 2129 1137 2163 .·
1153 2111 1283 2164 dertterus
1298 2127 1330 2164 ca
1344 2114 1472 2166 arrrnibus
1490 2110 1630 2176 secundia,
1646 2109 1726 2164 tritus
1743 2124 1773 2161 ss
1783 2121 1828 2160 ent·

223 2199 275 2254 bus
285 2198 418 2262 collectis,
433 2204 461 2252 et
480 2198 659 2262 abinvicem,
675 2197 714 2252 ita
731 2204 762 2252 ut
776 2198 804 2251 in
818 2198 1016 2265 monochordo,
1048 2200 1141 2256 ,aibas
1154 2201 1253 2263 tertiis,
1272 2202 1412 2254 tetrardus
1428 2217 1461 2254 es
1474 2200 1605 2256 omnibns
1615 2197 1727 2271 quartis.

221 2286 471 2361 proportionaliter
485 2287 629 2357 sejunctis,
646 2286 753 2358 liquido
766 2287 924 2358 inspicitur,
936 2292 966 2342 ut
983 2289 1016 2342 Α.
1095 2288 1149 2343 Sed
1164 2294 1192 2342 et
1209 2289 1260 2342 hoc
1276 2289 1346 2343 satis
1357 2290 1483 2345 notabile
1495 2287 1692 2359 videtur,quod
1705 2285 1783 2357 ipsius
1794 2297 1831 2336 na·

222 2378 299 2433 etl).
315 2376 388 2431 sicut
402 2375 432 2431 in
446 2376 646 2431 constitutione
660 2376 818 2447 specierum
842 2376 947 2431 dictum
964 2382 1016 2442 est,
1058 2382 1130 2432 turae
1157 2378 1310 2432 auctoritas
1325 2377 1370 2432 hie
1392 2379 1540 2434 manifeste
1556 2377 1683 2434 concedit
1694 2375 1829 2436 Ptolemae,

223 2467 343 2538 primam
354 2465 473 2537 speciem
489 2465 664 2520 diatessaron
678 2465 712 2520 D.
729 2470 757 2520 et
769 2483 794 2520 a.
813 2465 933 2537 primam
953 2483 1018 2537 spe·
1060 2467 1272 2521 consonantiam
1280 2467 1416 2539 diapason
1427 2485 1490 2523 cum
1504 2469 1679 2523 diatessaron
1687 2464 1719 2520 ab
1729 2461 1830 2532 antiquis

222 2555 292 2610 ciem
305 2555 436 2626 diapente
451 2571 477 2608 a.
494 2559 523 2609 et
533 2555 560 2608 d.
577 2554 696 2624 primam
707 2554 810 2608 iterum
825 2553 946 2625 speciem
961 2555 1020 2608 dia·
1060 2555 1242 2628 philosophis,
1260 2573 1293 2612 eo
1305 2557 1379 2628 quod
1404 2563 1432 2612 et
1454 2575 1485 2612 ex
1504 2557 1728 2629 superpartiente
1741 2555 1832 2608 constat

220 2651 357 2709 tessaram
373 2649 402 2698 et
417 2651 530 2698 rursum
541 2644 575 2699 Α.
592 2651 619 2697 et
645 2660 674 2699 a.
690 2643 811 2713 primam
826 2643 947 2715 speciem
963 2644 1020 2698 dia·
1061 2646 1252 2718 proportione,
1284 2646 1460 2717 repudiatam
1487 2646 1636 2702 verissima
1660 2643 1761 2700 radone
1784 2657 1833 2712 pvo-

220 2749 318 2805 pason,
342 2732 465 2804 itemque
480 2733 513 2787 D.
529 2737 558 2786 et
570 2731 597 2786 d.
612 2731 731 2803 primam
748 2733 867 2803 speciem
884 2732 1019 2804 diapason
1061 2735 1154 2802 banti;
1171 2735 1273 2806 singuli
1289 2735 1364 2789 enim
1380 2737 1554 2790 naturalium
1577 2740 1697 2808 quatuor
1709 2739 1832 2802 troporum

220 2823 402 2888 concludant;
419 2827 447 2878 et
458 2825 489 2876 ut
504 2820 682 2876 authenticus
697 2825 793 2892 protus
804 2837 836 2875 ex
851 2821 913 2892 ipsa
924 2825 1020 2891 priano
1061 2823 1126 2878 licet
1141 2811 1176 2877 ex
1189 2823 1379 2895 bisdiapason
1402 2825 1557 2879 secundum
1578 2823 1735 2897 predictam
1749 2817 1833 2891 specie·
1909 2843 1910 2848 κ

220 2912 312 2984 specie
324 2911 470 2983 diapason,
482 2914 623 2981 quaesta
636 2911 665 2964 D.
681 2909 709 2964 in
726 2911 752 2964 d.
766 2917 884 2974 constet,
897 2911 1018 2965 rriediam
1060 2928 1123 2966 rum
1136 2909 1371 2966 coadunationem
1393 2918 1610 2984 componantur,
1630 2911 1772 2966 secundum
1786 2906 1834 2975 pla·

222 3001 430 3057 distinctionem
441 2999 545 3054 iaciens
559 2999 587 3055 in
602 3017 631 3056 a.
642 3005 671 3054 et
681 2998 716 3053 ab
728 3000 825 3054 eadem
842 3017 869 3055 a.
885 2999 1019 3055 diatessa·
1059 3017 1124 3055 uam
1139 3005 1235 3054 tamen
1249 3001 1446 3072 descriptionis
1456 3003 1540 3071 hujus
1557 3005 1678 3056 lormam
1688 2997 1834 3069 simplicem·

224 3107 276 3146 ron
301 3090 439 3162 superius.
457 3089 588 3160 diapente
604 3094 699 3144 autem
715 3088 822 3143 habens
836 3089 970 3156 iuferius3
990 3095 1048 3161 etc
1059 3107 1113 3161 que
1129 3105 1279 3144 numerum
1295 3090 1462 3145 chordarum
1479 3107 1511 3145 ex
1528 3091 1630 3146 eadem
1646 3089 1771 3160 diapason
1783 3099 1834 3138 cum

221 3180 360 3252 quomodo
376 3178 530 3249 subjugalis
545 3179 606 3248 ejus
620 3195 653 3232 ex
667 3177 715 3231 illa
738 3178 829 3250 prima
847 3179 939 3250 specie
954 3178 1016 3233 dia·
1058 3178 1232 3233 diatessaron
1248 3183 1359 3232 tantum
1375 3179 1499 3233 existunt
1513 3177 1706 3234 consonantia.
1723 3174 1801 3247 Igitur
1811 3171 1834 3224 in

221 3285 319 3341 paeon,
333 3285 394 3340 quae
410 3273 453 3322 est
475 3267 509 3321 ab
529 3268 563 3322 ll.
580 3268 609 3321 in
629 3284 655 3321 a.
671 3268 816 3330 consistat,
837 3268 959 3322 mediam
976 3267 1017 3322 di·
1057 3273 1119 3324 octo
1134 3266 1248 3322 discreti
1269 3267 1372 3336 singuli
1395 3267 1501 3322 habent
1516 3274 1577 3323 tres
1591 3266 1754 3339 principales
1771 3263 1835 3317 chor·

221 3356 400 3412 stinotionem
418 3361 546 3410 statuens
561 3355 590 3409 in
605 3354 639 3412 D.
652 3361 678 3409 et
689 3372 773 3426 supra
783 3354 1016 3411 eannledeia-
1057 3355 1117 3424 das,
1143 3355 1172 3410 in
1185 3361 1307 3428 quatuor
1321 3361 1417 3411 autem
1439 3357 1640 3424 recontinuati,
1658 3361 1783 3428 quatuon
1795 3349 1834 3404 sic·

220 3450 315 3518 pente,
331 3444 405 3498 inira
419 3461 484 3498 vero
498 3443 672 3498 diatessaron
694 3460 857 3510 assumens;
879 3449 907 3498 et
920 3460 1017 3515 quem·
1058 3446 1167 3515 querit,
1183 3444 1281 3500 utduo
1298 3444 1332 3499 ab
1348 3445 1466 3500 invicem
1477 3447 1620 3517 disjuncti,
1632 3451 1661 3501 et
1674 3441 1835 3514 singulariter

219 3533 371 3588 admodum
388 3533 431 3588 hee
443 3532 505 3586 duae
525 3532 632 3604 speeies
651 3531 787 3603 diapason
808 3533 1015 3604 protumindil·
1057 3533 1175 3605 inspecti
1200 3550 1247 3588 sex
1271 3534 1441 3606 principales
1466 3536 1587 3591 chordas
1606 3535 1770 3596 contineant,
1783 3545 1833 3585 aaa·

221 3622 344 3678 lecenter
368 3621 518 3676 conficiant
541 3620 650 3675 duabus
666 3621 767 3676 mediis
790 3621 1016 3676 distinctionibus
1055 3623 1146 3693 juncti
1161 3639 1226 3678 vero
1239 3628 1268 3678 et
1282 3624 1311 3678 in
1322 3639 1410 3679 unum
1425 3628 1537 3696 tropum
1548 3625 1657 3681 redacti
1666 3622 1772 3680 nonnisi
1782 3635 1834 3692 qua·

219 3710 379 3776 dilatatum,
395 3717 423 3764 et
438 3726 521 3780 quam
537 3709 651 3764 ommno
672 3709 801 3764 mirando
825 3710 1016 3766 moderamine
1058 3719 1122 3767 taor
1137 3705 1268 3767 habeant.

220 3805 328 3855 naturae
343 3798 434 3853 omnis
449 3799 602 3869 primarum
614 3799 782 3855 chordarum
791 3800 917 3871 operatio
925 3802 1016 3856 solum
1095 3801 1153 3856 Hoc
1169 3802 1254 3857 etiam
1267 3819 1338 3872 pene
1352 3821 1409 3876 pras
1426 3803 1557 3859 omnibus
1568 3809 1598 3860 et
1612 3800 1790 3876 superomnia
1801 3795 1836 3851 hic

219 3893 333 3961 protum
346 3886 507 3942 constituat
1059 3891 1240 3946 memorabile
1251 3897 1304 3960 cst,
1316 3893 1382 3963 quia
1393 3894 1452 3949 haec
1466 3893 1668 3965 principalium
1687 3891 1834 3946 chordarum

255 3977 391 4034 SImiliter
404 3977 566 4032 insecundo
580 3977 704 4044 tramite,
717 3977 765 4048 qui
780 3977 897 4033 deutero
916 3978 1016 4050 praesi·
1056 3979 1228 4047 distributio,
1245 3997 1307 4051 quae
1330 3984 1363 4036 fn
1387 3999 1437 4055 per
1457 3983 1538 4037 initia
1556 3991 1586 4037 et
1603 3984 1675 4038 fines
1695 3977 1836 4047 mediasque

217 4073 331 4140 gnatur,
347 4066 477 4121 secundis
488 4065 632 4134 omnibus;
646 4071 732 4138 atque
747 4067 775 4122 in
791 4068 885 4134 tertio,
895 4068 1016 4139 quitrito
1057 4069 1252 4124 distinctiones
1262 4070 1437 4141 singulorum
1449 4078 1511 4127 octo
1527 4083 1684 4144 troporum,
1695 4067 1836 4136 illud,eujus

218 4161 402 4230 praeaotatur,
419 4155 550 4209 omnibus
574 4155 755 4224 tertiis3nec
775 4173 832 4210 non
854 4156 884 4210 in
904 4161 1014 4228 quarto,
1057 4158 1087 4212 in
1121 4158 1312 4230 superioribus
1337 4161 1508 4216 mentionem
1536 4161 1700 4228 babuimus,
1725 4165 1753 4214 et
1778 4149 1838 4226 quod

218 4247 267 4319 qui
277 4245 403 4301 tetrardo
418 4243 619 4316 prescribitur,
637 4243 767 4298 omnibus
782 4245 890 4316 quartis
903 4246 1012 4314 eadem,
1057 4247 1158 4320 saepius
1172 4249 1382 4304 retractandum
1396 4255 1481 4322 atque
1497 4249 1702 4306 ruminandam
1715 4263 1770 4303 esse
1783 4241 1839 4298 diri·

220 4353 276 4408 qua
288 4335 513 4406 dlxi,spatiorum
525 4333 707 4405 proportione
717 4333 923 4401 ordinatis,non
933 4337 1015 4391 lardo
1057 4355 1129 4404 mus,
1147 4337 1294 4394 manifeste
1305 4339 1447 4393 declarat:
1463 4338 1491 4394 id
1508 4344 1561 4407 est,
1580 4339 1722 4412 quomodo
1739 4337 1769 4391 Il.
1784 4330 1838 4388 etd-

218 4425 377 4480 hebetantis
399 4422 486 4477 animi
501 4422 659 4493 enigmate,
673 4423 722 4477 sed
735 4429 933 4478 momentanea
949 4441 1013 4478 san·
1024 4416 1048 4475 D
1058 4424 1190 4480 biformes
1205 4427 1274 4480 siant
1288 4443 1320 4481 ae
1329 4427 1465 4498 duplices.
1485 4427 1560 4483 Sane
1574 4435 1634 4484 tres
1644 4427 1719 4482 modi
1733 4419 1839 4478 biformi·

219 4512 308 4568 sibilis
322 4511 437 4567 obtutus
449 4510 767 4582 perlustratione‚quasi
779 4513 849 4567 lacis
864 4511 899 4567 ad
915 4513 1013 4569 faeiem
1054 4514 1122 4570 tatis
1146 4521 1231 4587 atque
1246 4516 1419 4588 duplicitatis
1442 4533 1539 4572 eorum
1555 4521 1689 4590 patenter
1700 4515 1744 4570 bic
1762 4516 1840 4567 osten·

219 4601 413 4674 cognoscitur:
428 4601 674 4672 quisunaqnaeque
685 4600 810 4670 ipsarum
817 4601 1015 4674 principalium
1054 4603 1171 4662 duntur.

220 4691 390 4747 chordarum
417 4689 504 4743 series
522 4688 549 4742 in
572 4689 620 4742 illo
636 4695 727 4758 tropo,
741 4689 785 4744 eui
800 4690 941 4762 adscripta
960 4697 1012 4758 est,
1423 4695 1482 4751 XV.

219 4779 346 4835 eamdam
361 4794 445 4851 quam
462 4777 558 4850 prIme
572 4777 601 4831 in
616 4784 698 4850 proto
717 4781 832 4850 regendi
854 4781 1015 4852 specialiter
1160 4782 1233 4837 lladc
1250 4783 1379 4852 bitoricas
1393 4789 1417 4838 et
1429 4785 1551 4853 displices
1565 4787 1624 4839 sint
1640 4786 1673 4840 D.
1685 4789 1710 4839 et
1720 4785 1745 4838 d.

219 4869 410 4941 operandique
423 4865 527 4921 habeat
538 4871 717 4938 potestatem.
733 4869 874 4940 Quidquid
889 4869 964 4924 enim
979 4873 1012 4926 Α.
1091 4869 1212 4936 Primus,
1232 4870 1307 4943 quod
1319 4871 1349 4926 in
1364 4872 1462 4927 ardiae
1480 4873 1539 4928 siue
1552 4889 1673 4928 numero
1688 4870 1841 4927 chordarum

219 4964 248 5014 et
260 4959 292 5014 D.
309 4957 338 5012 in
348 4961 439 5029 proto.
453 4956 505 5011 hoo
515 4956 545 5010 B·
559 4961 586 5010 et
603 4955 625 5010 E
650 4956 680 5011 in
695 4955 821 5023 deutero,
837 4958 865 5013 id
880 4959 966 5013 etiam
981 4961 1013 5014 C.
1055 4959 1254 5031 principalium
1273 4961 1517 5017 tetrachordorum
1533 4967 1562 5018 ct
1577 4963 1686 5018 ultimas
1708 4965 1771 5016 sunt
1782 4973 1842 5028 gra·

219 5053 248 5104 et
262 5048 292 5102 F.
308 5047 337 5102 in
351 5046 427 5112 trito,
444 5045 536 5117 ipsum
554 5061 665 5116 quoque
685 5047 717 5100 D.
740 5052 768 5101 et
783 5046 816 5101 G.
840 5047 1016 5103 constituunt
1055 5047 1131 5103 vium
1155 5065 1188 5102 ac
1201 5049 1390 5120 superiorum,
1407 5058 1434 5106 et
1457 5052 1555 5124 primes
1579 5051 1708 5107 sinebam
1723 5065 1754 5104 ac
1767 5043 1842 5101 excel-

218 5139 247 5193 in
257 5137 393 5193 tetrardo.
408 5134 483 5190 Idem
498 5139 543 5189 est
556 5133 585 5187 in
600 5135 716 5189 cerens.
729 5135 764 5190 Et
778 5140 809 5190 ut
820 5136 871 5191 boc
886 5137 1016 5192 similiter
1055 5135 1183 5192 lentium.
1205 5138 1359 5206 Secundus,
1377 5141 1450 5212 qaod
1463 5140 1492 5194 in
1506 5139 1695 5212 dispositione
1705 5145 1840 5208 troporum

218 5243 352 5300 corporeo
364 5224 459 5279 videas
473 5222 586 5288 intuitu,
595 5222 720 5294 singulos
736 5225 832 5296 figurae
843 5231 945 5280 nostrae
955 5233 1016 5281 tra·
1057 5227 1160 5281 eedem
1169 5243 1224 5281 uno
1237 5244 1268 5282 ac
1279 5230 1376 5283 eodem
1388 5229 1478 5302 spatio
1493 5235 1522 5284 et
1532 5229 1726 5284 authenticum
1741 5229 1840 5298 protum

219 5317 310 5382 mites,
332 5331 401 5388 quos
423 5313 452 5368 in
473 5318 596 5384 quatuor
609 5312 780 5368 naturalium
795 5319 940 5385 troporum
957 5317 1016 5370 vice
1057 5321 1085 5369 et
1097 5315 1277 5387 subjugalem
1292 5317 1450 5373 tetrardum
1466 5318 1624 5373 includunt.
1644 5317 1765 5378 Tertius,
1776 5308 1840 5384 quod

218 5407 324 5478 positos
337 5403 414 5459 brevi
430 5400 630 5474 principalium
644 5401 812 5457 chordarum
828 5403 1016 5475 descriptione
1057 5403 1087 5458 in
1101 5403 1258 5461 differentia
1274 5406 1432 5472 modorum,
1448 5407 1477 5461 id
1501 5413 1554 5475 est,
1570 5407 1742 5478 agnitionem
1755 5410 1840 5472 tropo·

217 5493 443 5556 constrinximus,
453 5491 482 5544 in
492 5489 632 5560 regularis
642 5489 760 5546 licentiae
776 5491 955 5548 diffusionem
969 5511 1016 5550 re·
1056 5510 1120 5549 rum
1137 5494 1241 5550 eadem
1254 5501 1283 5552 et
1296 5495 1418 5568 primum
1430 5497 1544 5552 modum
1558 5495 1713 5551 instituunt
1725 5497 1752 5548 et
1765 5505 1841 5564 quar·

217 5583 342 5640 laxemus
355 5583 409 5638 hoc
422 5579 517 5636 modo.
537 5579 594 5634 Vid.
605 5581 653 5648 tta.
669 5579 702 5650 B,
715 5581 803 5649 infra.
1056 5587 1142 5640 tum:
1164 5583 1214 5656 qui
1232 5584 1333 5640 tertius
1354 5585 1527 5658 duplicitatis
1548 5585 1649 5641 modus
1672 5582 1781 5640 interim
1796 5575 1840 5632 tibi
