3856 6176
105 131 144 186 106
425 130 464 186 lN
482 131 515 186 D.
537 131 645 187 Phoar
666 132 779 188 EPIST.
800 131 987 202 COMMENT.
1009 163 1041 178 -
1063 132 1177 210 EPIST.
1197 133 1245 218 61)
1264 133 1374 191 HEBR.
1661 133 1716 210 406

102 253 197 330 regrinis
211 255 298 309 nolite
313 253 422 323 abduci.
438 255 582 328 Optimum
596 263 640 312 est
651 259 725 312 enim
741 257 835 328 gratia
847 258 972 313 stabilire
987 275 1044 326 cor,
1054 259 1081 315 2.
1092 277 1148 315 nen
1162 258 1230 316 escis
1242 277 1303 332 quae
1318 275 1374 330 666Ι
1388 257 1554 330 protuerunt
1566 256 1715 334 ambulan-

101 345 158 398 tibus
168 343 192 398 iu
207 341 257 398 616.
275 343 302 399 3.
319 343 464 424 Habemus
479 346 578 418 altare,
587 345 621 400 de
635 363 690 418 quo
706 347 788 401 edere
802 363 859 402 non
868 347 974 404 habeut
987 351 1156 421 potestatem
1173 347 1220 421 qui
1233 349 1414 406 tabernaculo
1428 331 1601 428 deserviunt.
1612 345 1630 423 l
1642 333 1716 432 Quo-

101 433 230 488 rumonim
247 434 413 490 animalium
428 435 550 490 infertur
573 437 689 507 salignis
704 453 754 507 pro
775 441 888 508 peccato
901 437 930 492 in
945 445 1042 494 sancta
1055 455 1106 510 per
1120 439 1292 510 pontificem,
1307 437 1407 492 horum
1423 453 1539 510 corpora
1553 443 1715 498 cremantur

103 531 164 578 eitra
175 529 273 578 castre.
289 524 408 594 Propter
423 524 499 595 quod
513 529 542 578 et
553 525 645 592 lesus,
661 526 889 582 utsauctilicarat
902 543 952 596 per
965 543 1049 582 suum
1063 527 1228 598 sanguinem
1243 527 1387 598 populum,
1400 532 1478 582 extra
1494 532 1605 596 portem
1615 541 1714 597 possus

104 617 141 666 at.
156 607 1135 686 66666166161666666666666661666666666616166366666666.
1148 617 1210 669 Nou
1221 615 1296 682 enirn
1304 609 1494 668 habemushio
1503 618 1665 668 manentem
1674 610 1714 667 el·

102 703 203 764 ritatem,
216 699 266 753 sed
281 699 407 754 futuram
418 696 655 778 inquirimus.1³er
664 701 755 774 ipsum
764 719 831 773 ergo
845 703 997 783 offeramus
1006 691 1128 763 hostiam
1138 704 1229 759 leudis
1244 721 1355 775 semper
1366 703 1434 765 Deo,
1447 698 1476 758 16
1487 706 1529 758 661
1543 681 1716 782 666161616-

102 788 189 844 biomm
199 789 393 844 confitentium
402 789 509 844 nomini
517 791 587 861 ejus
596 791 791 850 6666666666
801 798 907 862 autem,
920 801 948 849 et
957 795 1163 850 communionis
1174 794 1394 851 uoliteoblicisci
1405 813 1412 862 3
1423 793 1526 850 talibus
1537 791 1718 852 euimbostiis

100 885 256 953 promeretur
268 879 354 936 Deus.
367 881 484 936 Obedite
495 883 651 953 prepositis
666 884 775 950 vestris,
788 883 967 950 etaubiaoete
981 883 1031 938 eis.
1050 884 1107 954 Ipsi
1126 884 1202 938 enim
1218 883 1394 954 pervigilant,
1404 882 1484 953 quasi
1501 882 1641 938 rationem
1663 897 1714 952 pro

101 967 225 1022 animabus
239 968 340 1024 restris
351 969 500 1035 reddituri,
516 975 548 1025 ut
562 987 625 1024 curu
639 971 742 1041 gaudio
758 971 937 1034 6661661661,
953 977 981 1026 et
995 987 1052 1025 666
1065 977 1211 1042 gementes
1223 991 1229 1040 3
1255 961 1308 1026 hoc
1326 971 1402 1025 enirn
1422 963 1477 1025 non
1502 969 1614 1056 expedit
1627 968 1716 1042 robis.

100 1057 166 1114 Orate
174 1073 223 1128 pro
238 1057 318 1112 uobis
332 1077 338 1124 ;
360 1057 386 1114 5.
403 1058 570 1114 confidimus
586 1062 767 1126 aeoeoenim
777 1061 953 1132 quiabonam
967 1059 1167 1115 conscientiam
1183 1058 1320 1114 habemus
1332 1057 1362 1112 ln
1372 1056 1502 1132 omnibus
1512 1053 1717 1112 benevolentes

100 1146 234 1200 conversari
243 1145 384 1218 ,Amplius
392 1152 486 1202 autem
501 1129 1636 1226 66666666661166166666,666661661666666166666616.1)6666616166666661
1649 1137 1718 1201 666·

99 1235 128 1288 rit
140 1235 169 1289 de
184 1235 303 1290 mortuis
314 1236 461 1291 Pastorem
478 1252 613 1308 maguum
626 1238 730 1300 orium,
744 1237 771 1292 6.
787 1239 968 1310 insanguine
983 1237 1145 1292 testamenti
1160 1235 1186 1291 1.
1202 1235 1309 1300 salerni,
1323 1235 1473 1290 Dominum
1483 1235 1715 1294 nostrumiemm
1730 1245 1742 1266 ⁰

99 1324 231 1388 Christum,
247 1329 327 1394 aptet
341 1339 389 1378 ros
403 1325 432 1378 in
448 1326 525 1380 omni
539 1325 622 1392 6666,
639 1330 672 1380 ut
686 1327 796 1382 iacietis
815 1328 877 1397 ejus
890 1328 1077 1402 voluntatem,
1092 1325 1197 1378 faciens
1213 1325 1242 1378 16
1257 1323 1334 1378 vobis
1349 1315 1424 1394 quod
1438 1317 1549 1394 placeat
1562 1319 1657 1378 comui
1673 1339 1715 1406 se,

98 1413 233 1484 pertesum
250 1413 409 1480 Christum,
426 1416 471 1470 eui
487 1422 531 1470 est
543 1415 633 1487 gloria
654 1414 800 1473 insaecula
820 1419 995 1473 saeculorum.
1012 1401 1113 1468 limen.
1126 1413 1203 1484 Rogo
1218 1419 1312 1480 autem
1327 1429 1385 1482 vos,
1402 1407 1512 1479 fratres,
1526 1396 1714 1494 6166666666

98 1501 192 1556 terbum
205 1503 309 1560 solatii.
327 1503 438 1560 Etenim
457 1506 604 1577 perpaucis
618 1506 716 1578 scripsi
730 1505 817 1564 vobis.
835 1504 1001 1576 Cognoscite
1015 1503 1129 1560 tratrem
1140 1509 1269 1560 nostrum
1283 1501 1462 1562 Timotheum
1476 1499 1635 1573 dimissura,
1651 1518 1716 1559 cum

97 1591 187 1660 666161
205 1591 325 1646 celerius
339 1592 457 1662 venerit)
477 1593 575 1648 videbo
590 1610 648 1650 vos.
664 1594 792 1650 Salutate
808 1611 906 1650 omnes
920 1591 1084 1672 praepositos
1099 1597 1216 1655 6661666,
1233 1594 1262 1646 et
1276 1606 1374 1646 omnes
1388 1595 1509 1648 6666166.
1525 1591 1656 1650 Seluteat
1667 1592 1717 1648 voi

95 1679 122 1732 de
134 1675 206 1734 ltalia
224 1680 338 1734 tratres.
354 1680 454 1735 Gratia
468 1667 532 1736 curn
548 1681 677 1738 omnibus
692 1683 780 1740 robis.
792 1685 892 1739 Amen.

757 1790 1053 1853 COMMENTARIUS.

120 1873 142 1928 t.
157 1875 213 1930 1166
224 1879 303 1930 66616.
316 1875 408 1932 Datur
425 1877 545 1948 intelligi
566 1879 701 1950 quosdam
724 1881 811 1935 161666
830 1881 876 1958 qai
886 1883 912 1940 A
922 1895 1021 1952 passus
1041 1883 1092 1957 est,
1109 1883 1206 1936 oinos
1222 1879 1270 1951 qui
1283 1893 1398 1950 ffltport
1416 1882 1446 1933 et
1465 1876 1603 1948 sanguine
1626 1875 1718 1945 ojasa

95 1961 302 2032 dogmatizarent
321 1969 878 2042 66666166666666666616616616616-
919 1969 1039 2048 peccatis
1054 1965 1183 2026 mundari
1199 1971 1336 2034 volumus,
1351 1955 1522 2048 improperia
1531 1971 1560 2021 et
1572 1957 1719 2036 angustiat

93 2049 153 2106 6666
168 2051 293 2107 allicere.
920 2064 1040 2134 passuri,
1053 2060 1226 2120 tabernaculi
1240 2057 1354 2117 delicias
1373 2051 1545 2119 deseramus.
1625 2126 1627 2134 y

120 2139 143 2194 3.
156 2143 293 2198 11666666
305 2145 405 2198 altare.
419 2143 651 2202 0666666666616
665 2163 720 2202 666
730 2147 768 2202 sit
782 2147 880 2206 immo·
956 2149 981 2208 6.
997 2154 1166 2221 0666611666
1180 2149 1264 2206 caim.
1280 2148 1372 2203 Causa
1386 2162 1437 2201 our
1451 2151 1533 2210 orent
1547 2160 1597 2217 pro
1615 2160 1660 2212 eo,
1675 2142 1718 2206 ris

92 2230 173 2286 derata
188 2231 378 2289 affluendum.
394 2233 465 2287 Cum
479 2233 631 2288 sobrietate
645 2236 720 2290 enim
738 2237 876 2292 edendum
920 2237 1021 2312 delicet
1044 2241 1119 2312 quod
1138 2239 1241 2293 honam
1261 2235 1462 2296 conscientiam
1483 2238 1513 2289 et
1528 2233 1564 2288 ad
1578 2249 1626 2288 eos
1638 2237 1668 2288 et
1680 2224 1718 2287 ad

92 2325 125 2370 est
136 2335 231 2390 eorpus
245 2319 351 2390 Christi
363 2339 372 2390 3
388 2321 462 2392 quod
474 2327 502 2376 et
515 2321 545 2377 in
557 2321 619 2377 aliis
635 2323 793 2380 diuinarum
809 2325 877 2381 locis
919 2342 1017 2383 omnes
1030 2327 1114 2403 {supa
1128 2327 1272 2398 habeant}
1589 2392 1592 2402 .
1709 2397 1712 2402 Ι

91 2406 288 2480 Scripturaruru
302 2409 392 2464 altare
405 2416 531 2474 vocatur,
545 2429 595 2486 pro
610 2429 643 2467 eo
661 2414 790 2470 videlicet
802 2415 876 2486 quod
953 2413 980 2474 6.
996 2419 1030 2472 16
1044 2418 1189 2486 sanquine.
1207 2414 1382 2486 Sanguinem
1397 2429 1476 2478 ruore
1489 2426 1540 2477 666
1554 2415 1718 2489 locptmqt·

90 2495 113 2548 16
127 2497 191 2567 ipso,
202 2497 231 2552 id
247 2504 301 2562 est,
313 2498 342 2552 in
354 2499 409 2552 666
421 2498 517 2570 ipsine,
531 2501 611 2573 quasi
623 2503 653 2556 in
663 2503 784 2573 quodam
794 2505 876 2558 altari
917 2509 985 2568 tem,
996 2522 1142 2579 perquam
1154 2505 1283 2560 Christus
1295 2504 1329 2558 de
1341 2503 1459 2557 mortuis
1475 2499 1637 2559 resurrexit.
1655 2499 1717 2572 Nisi

89 2581 171 2636 oblata
192 2600 291 2654 preces
313 2590 341 2640 et
366 2587 544 2656 operationes
563 2594 669 2644 nostrie
694 2591 878 2661 acceptabiles
919 2595 995 2650 enim
1009 2601 1175 2660 moreretur,
1193 2609 1245 2649 nac
1270 2591 1307 2647 ad
1328 2592 1434 2647 inferos
1452 2591 1645 2658 descenderet,
1665 2605 1717 2645 uec

88 2671 147 2725 liunt
154 2672 221 2728 Deo.
918 2681 954 2737 ab
967 2668 1064 2739 inieris
1079 2684 1252 2740 ascenderet.
1539 2753 1541 2758 A

8 2789 9 2802 .
114 2759 139 2816 1,
154 2761 277 2827 Ocurura
294 2765 369 2816 onim
383 2765 567 2819 animalium.
585 2766 640 2820 Per
652 2767 792 2839 duplicem
807 2769 877 2823 alle·
954 2767 1653 2831 61616661.6166666666666161166616616,
1687 2770 1716 2821 et

8 2895 9 2910 ,
87 2849 190 2916 goriam,
207 2867 296 2904 unam
314 2849 434 2918 Veteris,
448 2857 477 2906 et
488 2851 607 2912 alteram
619 2856 691 2910 Novi
702 2857 877 2932 Testamenti
918 2861 997 2930 quod
1007 2851 1087 2930 liiltio
1102 2865 1130 2930 et
1141 2853 1197 2924 666
1211 2854 1288 2928 'carel
1307 2853 1336 2918 et
1352 2855 1428 2929 huod
1448 2861 1560 2912 tuntum
1574 2871 1664 2927 usque
1679 2855 1715 2910 ad

86 2936 171 3006 probat
194 2955 299 3010 eorpus
319 2939 425 2994 Christi
448 2953 507 2995 non·
535 2959 596 2997 esse
620 2943 760 2999 edendum
784 2946 875 3002 abhis
918 2950 1002 3004 finem
1016 2939 1111 3004 saeculi
1126 2953 1282 3022 permanet,
1299 2941 1451 3002 secundum
1467 2961 1553 3017 quam
1570 2944 1715 3016 signitica-

7 3081 8 3106 ,
87 3027 125 3094 qui
138 3028 318 3083 tabernaculo
335 3029 504 3084 deserviunt.
531 3032 573 3086 66
596 3033 649 3088 hoc
666 3035 742 3092 enim
757 3051 875 3106 corpora
916 3038 1021 3094 tionem
1029 3045 1166 3101 ammom
1177 3037 1355 3110 hioponitur,
1367 3033 1578 3107 etperMoysen
1590 3034 1710 3089 dieitur:

86 3115 240 3171 animalium
261 3117 363 3171 horum
390 3125 468 3172 extra
490 3125 583 3174 castra
607 3122 823 3192 cremabantur;
846 3131 875 3180 et
916 3128 1051 3182 Dominus
1067 3123 1619 3196 669666111661666616,6166661116οά.
1634 3121 1694 3193 xv).

84 3211 219 3274 pmpterea
232 3205 365 3262 Christus
373 3213 452 3264 extre
461 3213 571 3278 portam
585 3210 706 3268 civitatis
715 3207 904 3270 JerusalemB
1563 3223 1567 3230 '
1643 3223 1647 3228 “

424 3328 544 3402 Explicit
559 3333 782 3392 Commentarius
796 3339 826 3393 B.
842 3314 998 3407 lanfranci
1009 3344 1042 3396 in
1056 3340 1191 3410 Epistulas
1200 3341 1232 3396 11.
1246 3341 1341 3396 Ρ6611.

83 3504 1700 3544 Q&

380 3653 813 3752 CLARISSIMUM
836 3653 1049 3754 VIRUM
1076 3656 1131 3754 G.
1170 3655 1389 3754 RATUM

604 3815 709 3906 sacua
733 3857 919 3907 rasomora
942 3855 1175 3920 raorassoauu,

7 4093 8 4118 Χ
82 4001 246 4073 ilicibus
269 4014 303 4074 et
316 4009 528 4096 poeuitentiis
542 4009 820 4098 reverendissimi
839 4009 875 4072 in
895 4007 1026 4075 Christo
1045 4008 1153 4110 Patris
1169 4027 1206 4072 ac
1222 4007 1352 4073 domini
1365 4001 1401 4070 o.
1424 4002 1562 4088 Georgii
1580 3982 1705 4078 61666-

544 4117 645 4196 61661,
663 4115 912 4201 archipraesulis
926 4115 1225 4198 Rothomagensis,

334 4281 558 4340 FRANCISOUS
575 4283 801 4352 QUADRATUS‚
820 4279 1015 4342 BEOCENSIS
1035 4279 1237 4350 COENOEITA,
1253 4279 1426 4370 SALUTA'I'.

106 4567 1701 4652 2306666161,66666166661666661666611666666666666666166666166669666666666660166

32 4691 38 4706 ,
80 4639 250 4696 conciliemus
261 4658 330 4714 quos
341 4642 381 4696 rei
391 4647 494 4696 nostrae
502 4641 565 4696 usui
576 4641 684 4697 laturos
694 4641 874 4698 arbitramur.
884 4643 926 4697 66
934 4647 961 4697 te
969 4642 1055 4712 igitur
1063 4639 1258 4712 theologorum
1267 4640 1465 4712 oculatissimo¹
1477 4637 1594 4714 liberum
1603 4648 1683 4710 nostr

79 4713 250 4785 praemoitur
264 4713 391 4784 epistola,
407 4716 440 4767 ut
453 4713 528 4783 quod
543 4719 637 4768 nostro
650 4714 715 4785 jure
735 4727 791 4768 666
805 4731 954 4785 possumus
969 4720 1018 4768 tuo
1033 4709 1149 4766 mirnere
1170 4728 1384 4794 consequamur.
1398 4711 1436 4767 lit
1451 4716 1546 4776 autem
1562 4713 1597 4771 ad
1609 4718 1674 4768 nost
1690 4775 1697 4790 .

79 4785 183 4837 nsotuoi
191 4799 311 4856 scopum
322 4784 576 4865 pervenias,pauoie
586 4784 901 4848 absolvam.0um,hisoe
908 4784 1016 4849 diebus,
1028 4779 1114 4838 animi
1124 4783 1362 4853 colligendrcausa
1370 4781 1563 4838 bibliothecam
1573 4789 1700 4842 nostram

78 4853 218 4928 revolveos,
236 4855 345 4926 aliquid
362 4855 397 4916 66
413 4855 537 4926 Virginis
559 4861 710 4937 assumpta
723 4855 1101 4927 laudibusquaererem‚ecce
1113 4854 1142 4908 16
1156 4871 1258 4910 manus
1269 4860 1381 4910 nostrae
1397 4860 1478 4910 retus
1491 4855 1605 4926 quidam
1614 4857 1700 4912 codex

78 4925 341 4996 raciditlieuorpore
349 4932 378 4980 et
386 4927 523 4997 sauguine
533 4927 680 4986 Christian
687 4927 888 4998 Bereugarium
895 4927 1045 4997 quemdam
1056 4925 1216 4988 hoereticum
1226 4926 1384 4982 16666666
1391 4931 1505 4986 auctore
1514 4927 1697 4998 masanpoa.

78 4991 134 5048 Tum
148 4999 219 5050 mihi
236 4997 443 5068 persuadebam
460 4997 575 5068 dignum
590 4997 656 5070 quid
670 4997 811 5066 accidisse,
823 4998 955 5069 aetatique
970 5003 1073 5052 nostrae
1089 4996 1208 5050 maxime
1222 4995 1459 5070 necessariumin
1469 5013 1524 5069 qua
1537 5003 1564 5060 et
1581 4998 1698 5070 dispersu]

78 5066 154 5136 gregis
171 5067 314 5123 Dominici
327 5069 395 5122 tides
410 5070 935 5140 6666666661666666666666616166ι
952 5085 986 5122 ea
1001 5075 1043 5122 est
1053 5068 1138 5122 etlam
1149 5067 1224 5140 apud
1239 5067 1405 5122 domesticos
1415 5067 1644 5140 controversiam
1654 5065 1698 5121 vix

78 5135 151 5191 cilum
165 5140 293 5194 civitatis
307 5139 380 5194 alius
393 5139 567 5202 desideratas,
581 5141 609 5194 id
624 5147 674 5204 est,
692 5140 857 5195 Christianae
869 5140 945 5210 pacis
957 5140 1118 5210 vestigium,
1131 5145 1182 5194 aut
1191 5138 1373 5194 simulacrum
1383 5139 1496 5208 aliquod
1507 5138 1698 5208 appareatNe

78 5205 261 5276 igitursalutia
272 5211 443 5270 trumentum
451 5227 468 5266 a
475 5211 550 5268 lideli
559 5210 1288 5282 populoremediatusabsconderamapuomeacuas
1295 5209 1454 5280 cogitabam
1459 5209 1571 5267 6616666
1581 5214 1697 5291 strenuo

78 5278 233 5336 16166666
249 5281 359 5338 militias
367 5281 441 5346 duci.
453 5287 599 5354 expertura
613 5282 717 5339 Christi
726 5282 844 5340 militem
855 5283 990 5346 hacteuus
1002 5281 1171 5352 neglectum,
1180 5282 1451 5353 longoquacaroere,
1462 5293 1698 5344 uocooorucuna

78 5349 122 5403 iere
136 5353 242 5406 rictum
255 5352 408 5408 mitterem.
420 5352 488 5422 Mihi
502 5352 542 5406 ita
563 5357 719 5418 uenantum
734 5354 825 5408 scelus
835 5371 892 5408 non
903 5354 1013 5422 serenti,
1030 5353 1143 5406 venitin
1155 5347 1696 5426 666666616166616166616661661666

79 5419 213 5478 tirunculis
228 5423 385 5494 evangelici
396 5371 616 5496 6666666666
625 5423 800 5480 uberrimum
811 5423 967 5480 1666166666
977 5425 1142 5496 porriglsmt
1151 5418 1269 5479 nimiam
1280 5415 1465 5478 adulterantis
1471 5411 1600 5504 aridique
1607 5411 1710 5484 saeculi
