3872 6162
88 277 154 338 1081
586 285 795 344 cousulant.
815 283 985 343 latuscula.
1010 315 1046 327 -
1065 283 1133 340 Llll.
1151 283 1177 340 ιι
1661 275 1728 338 10θῖ

85 409 144 462 ιιιιιι
158 405 189 460 in
202 404 249 460 die
263 420 349 477 quam
371 406 401 460 in
422 411 503 462 nocte
526 425 657 466 arsurum
674 431 680 443 ·
701 413 755 467 nisi
769 417 886 486 propter
895 416 919 474 Α
928 412 1026 466 Altera
1044 410 1150 465 veroin
1160 424 1278 464 caverna
1289 399 1379 480 ¹propo
1391 406 1553 471 armarium,
1567 405 1595 460 in
1611 421 1666 476 quo
1679 422 1727 460 ca-

85 496 156 550 alios
169 511 302 550 accensos
316 495 524 566 exstinguatur3
541 500 668 557 accendit
686 508 715 556 et
726 502 804 557 illurn
819 519 886 556 can·
925 501 992 556 lices
1006 507 1161 570 caeteraque
1186 497 1333 553 ustensilia
1357 495 1489 568 praedicta
1513 499 1670 558 servantur,
1685 497 1730 548 est

85 584 201 638 delabro
213 585 330 640 affixum
345 591 374 640 et
388 587 598 656 supergradam
612 589 700 660 ponit,
713 597 745 645 ut
758 595 887 662 portetur
927 590 1028 661 posita.
1041 589 1073 643 In
1084 587 1211 642 eamdem
1222 601 1367 642 cavernam
1380 585 1503 639 minores
1513 583 1644 654 arrapullae
1657 583 1728 637 dilu-

85 673 119 727 ad
134 673 351 745 processionem,
368 689 430 746 qum
444 675 506 730 lieri
521 676 593 731 solet
609 679 646 733 ad
665 679 693 734 S.
711 679 831 736 Mariam
843 681 886 735 vel
927 679 989 734 culo
999 677 1327 749 sqaaimpletaeafratre
1342 674 1474 746 praedicto
1486 678 1641 744 ponuntur,
1653 678 1681 726 et
1689 671 1730 726 sic

86 762 113 818 S·
131 763 263 818 Crucem·
927 767 1016 827 donec
1031 767 1122 822 missa
1136 765 1251 838 privatae
1267 781 1300 818 ex
1313 769 1373 818 toto
1387 763 1445 817 sint
1462 761 1617 823 celebrata,
1631 759 1669 815 ibi
1684 759 1728 814 di-

120 852 271 908 Sciendum
285 858 380 909 minen
395 869 552 926 nunquam,
565 856 620 912 nisi
634 856 730 914 formae
744 859 886 931 tapetibus
927 857 1092 922 mittuntor;
1117 860 1146 909 et
1161 871 1217 909 non
1231 853 1297 918 nisi,
1323 856 1458 922 quantum
1475 850 1511 906 ad
1527 855 1575 906 eas
1588 849 1728 904 canendas

86 940 142 995 sint
154 949 303 1013 coopertae,
319 941 385 996 illuc
399 943 543 998 afferenda
556 961 618 1001 esse
631 947 687 1002 duo
697 948 883 1004 candelabra:
927 948 1174 1016 transportantur3
1191 943 1240 998 sed
1255 947 1323 997 tunc
1335 940 1370 996 ad
1383 942 1523 1015 ampullas
1536 939 1674 996 vinearias
1687 954 1729 996 m·

87 1045 146 1099 ques
158 1035 189 1084 et
198 1046 310 1102 semper
319 1035 386 1086 ante
396 1032 486 1087 altare
499 1033 527 1088 S.
541 1034 635 1090 Maria
645 1041 712 1092 sunt
722 1037 859 1108 ponenda.
875 1039 885 1064 ·
927 1040 1080 1105 ponuntur.

87 1119 128 1172 td
143 1119 172 1173 S.
190 1117 309 1174 Crucem
330 1121 464 1191 praevenit
478 1127 656 1191 conventum,
672 1125 751 1180 atad
765 1125 886 1182 basilica
962 1126 1021 1193 (un.
1035 1125 1107 1191 ror.)
1118 1123 1221 1177 Vinum
1234 1127 1329 1177 autem
1344 1123 1445 1195 dequo
1456 1122 1679 1176 sumendumest
1692 1119 1727 1175 ad

86 1207 232 1262 columnas
245 1209 384 1274 mariolas,
405 1216 545 1282 quotquot
565 1213 717 1278 sufficiant,
735 1217 792 1281 (ιί).
808 1213 884 1284 aar.)
925 1212 1093 1266 sacrificium
1104 1211 1131 1265 iu
1147 1211 1261 1266 cellario
1275 1211 1303 1265 in
1315 1212 1364 1266 tali
1380 1227 1480 1282 cuppa,
1494 1227 1555 1281 quae
1568 1215 1612 1264 ost
1623 1214 1727 1276 serata,

86 1295 183 1367 alligat
195 1297 338 1363 ardentes,
354 1298 395 1353 ita
408 1315 530 1367 arsuras,
546 1317 636 1373 usque
653 1301 721 1356 dum
735 1303 887 1358 abcesserit
926 1305 1063 1356 servatur.
1078 1301 1119 1355 hd
1136 1303 1206 1354 hanc
1218 1300 1347 1371 quotiens
1357 1298 1594 1355 hebdomadarius
1608 1315 1729 1352 accesse-

87 1391 249 1440 oonventus.
269 1387 312 1442 Ad
327 1393 453 1444 sanctam
471 1389 588 1444 Mariam
604 1407 677 1454 vero,
693 1392 805 1462 quando
819 1391 886 1447 illac
926 1389 973 1454 rit,
988 1396 1045 1444 'non
1061 1388 1144 1444 modo
1159 1405 1269 1453 manus,
1282 1390 1330 1444 sed
1346 1389 1431 1444 etiam
1447 1387 1605 1444 duciculum
1622 1391 1651 1441 et
1663 1388 1728 1441 tun·

87 1475 228 1544 pmcessio
244 1475 348 1546 agitur,
366 1479 622 1548 quotquotlumina
636 1485 703 1535 suut
717 1481 883 1544 necessaria,
926 1477 992 1532 dum
1018 1493 1113 1549 cuppae
1139 1478 1168 1532 in
1191 1477 1310 1533 circuitu
1331 1477 1451 1532 duciculi
1473 1477 1623 1547 diligenter
1644 1476 1730 1544 lavat,

89 1569 214 1619 etenum
228 1565 263 1620 de
276 1565 320 1620 his
334 1565 434 1627 tribus,
450 1583 513 1638 quae
522 1569 645 1639 pendent
659 1569 686 1624 in
702 1570 825 1642 capitulo
835 1570 887 1624 sci·
927 1582 1011 1637 quam
1022 1567 1128 1637 aliquid
1139 1566 1174 1620 de
1183 1567 1496 1638 vinoaccipiotl'inum
1508 1565 1581 1637 qaod
1590 1565 1619 1619 in
1628 1563 1729 1634 majori

87 1651 426 1724 licetproximaejusdem
438 1656 560 1712 ecclesiae
570 1658 677 1712 scribas
689 1659 828 1726 accendit3
844 1675 887 1714 aa
927 1655 1043 1709 ecclesia
1058 1656 1101 1710 vel
1114 1655 1150 1709 ad
1165 1657 1193 1710 S.
1211 1656 1331 1710 Mariam
1349 1660 1485 1721 remanet,
1501 1655 1529 1709 in
1544 1653 1667 1708 crastino
1683 1669 1730 1707 re·

89 1741 178 1797 caudit
192 1743 278 1798 etiam
296 1743 323 1796 in
343 1743 432 1806 sestis,
456 1761 517 1816 qum
540 1745 569 1800 in
588 1747 684 1818 cappis
698 1746 1022 1837 celebratatur,sspor·tat
1037 1744 1066 1798 iu
1083 1745 1239 1809 cellarium,
1255 1750 1288 1798 ut
1313 1745 1462 1799 misceatur
1487 1748 1566 1798 aceto
1581 1758 1631 1814 per
1647 1742 1729 1795 vina-

90 1837 142 1885 tres
155 1847 254 1887 cereos
269 1837 334 1886 ante
347 1833 439 1903 suajus
453 1834 542 1888 altare
556 1835 584 1888 in
601 1836 701 1906 majori
716 1837 833 1890 ecclesia
851 1836 886 1891 ad
928 1833 1011 1887 rium.
1030 1833 1059 1888 Si
1074 1839 1116 1887 est
1138 1849 1171 1886 co
1185 1837 1320 1905 tempore,
1337 1849 1392 1904 quo
1416 1833 1507 1904 prima
1527 1848 1589 1886 cum
1605 1831 1665 1902 ipsa
1682 1829 1728 1884 die
1773 1898 1775 1906 ,

89 1920 380 1991 damulashorasm'si
393 1923 428 1976 ad
443 1923 666 1994 completorium.
676 1925 786 1979 Aurora
800 1941 888 1996 appa·
929 1921 1078 1992 incipiente
1094 1921 1212 1987 canitur,
1227 1933 1294 1976 tunc
1315 1939 1345 1976 se
1362 1922 1416 1976 rite
1430 1922 1465 1976 ad
1487 1921 1638 1975 tanvillares
1653 1919 1728 1991 psal·

90 2014 165 2064 reate
182 2010 345 2066 sacerdotes
358 2009 480 2082 privatas
495 2011 596 2066 missas
611 2013 749 2086 incipiunt
761 2021 885 2068 cantare.
929 2027 989 2064 mos
1001 2011 1177 2066 diurnalibus
1197 2011 1305 2078 calciat,
1321 2027 1421 2065 manus
1436 2027 1468 2064 ac
1482 2010 1581 2064 faciem
1597 2011 1679 2074 lavat,
1696 2024 1728 2062 ac

89 2100 128 2152 hd
141 2115 213 2170 quas
226 2098 303 2154 idem
315 2099 551 2156 hebdomadarius
560 2103 656 2156 statim
671 2107 735 2173 post
747 2105 889 2158 berrediea-
929 2115 1056 2154 reversas
1072 2099 1106 2152 ad
1132 2098 1258 2153 litaniam
1284 2117 1347 2153 cum
1372 2100 1508 2170 amphora
1525 2099 1631 2168 majore
1646 2097 1729 2169 plena

90 2203 148 2240 mus
162 2189 290 2252 daunino,
305 2189 429 2244 accensis
439 2190 562 2260 primum
577 2191 613 2245 ad
626 2193 652 2246 S.
665 2190 785 2246 Mariam
797 2193 839 2246 vel
852 2191 886 2246 ad
929 2193 1170 2260 aquasmaquam
1181 2193 1242 2242 tota
1252 2188 1376 2242 titulatur.
1396 2188 1472 2243 Idem
1483 2187 1607 2243 recitatis
1617 2191 1729 2241 tantum

91 2274 204 2330 Crucem
220 2277 363 2348 praedictis
377 2278 542 2344 luminibus,
558 2281 568 2304 '
583 2279 686 2334 deinde
700 2297 770 2350 pexo
784 2281 885 2352 capite,
928 2284 1089 2333 sanctorum
1103 2277 1264 2333 nominibus
1277 2279 1349 2332 levat
1363 2293 1402 2340 se,
1422 2279 1494 2333 sicut
1509 2282 1537 2332 et
1551 2293 1624 2348 saepe
1638 2276 1729 2330 dictus

91 2364 273 2436 manibusque
287 2365 399 2432 ablutis,
416 2368 510 2422 viuum
527 2373 555 2422 et
576 2384 678 2439 aquam
697 2369 835 2440 providet,
851 2385 887 2424 ne
928 2369 1025 2434 trater,
1050 2373 1078 2422 et
1101 2369 1240 2422 accelerat
1263 2367 1358 2421 vinam
1388 2371 1416 2421 et
1441 2383 1542 2438 aquam
1568 2371 1727 2437 apportare.

91 2451 167 2531 fratri
186 2455 222 2510 ad
236 2455 404 2510 sacrificium
420 2457 634 2528 pampas-andum
650 2457 794 2528 deputato,
811 2463 888 2528 post·
929 2457 1035 2512 Altaris
1049 2455 1173 2510 ιιιιιιιιιιιιι
1189 2457 1239 2510 tali
1253 2455 1299 2510 die
1313 2473 1369 2510 non
1381 2456 1559 2527 discooperit,
1576 2461 1729 2526 antequam

92 2558 172 2612 quam
183 2548 212 2597 et
225 2543 286 2614 ipse
300 2544 396 2598 eodem
407 2551 534 2615 ternpore
544 2551 628 2616 caput
643 2546 759 2617 pexerit,
773 2561 888 2600 manus·
930 2546 1022 2616 pulset
1036 2545 1154 2608 scillam,
1172 2545 1206 2599 alc
1229 2561 1285 2615 qua
1305 2545 1417 2614 signum
1441 2545 1526 2599 datur
1538 2543 1673 2598 iratribus
1693 2542 1728 2597 ad

91 2649 144 2703 que
158 2632 287 2698 abluerit,
300 2633 401 2688 desint.
414 2634 490 2690 Idem
503 2651 625 2705 natuque
638 2635 735 2700 linter,
747 2635 795 2706 qui
806 2634 889 2689 debet
929 2635 1119 2701 calciandum
1135 2635 1163 2688 in
1180 2639 1275 2688 aestate
1289 2650 1353 2687 vero
1366 2634 1409 2688 vel
1424 2633 1535 2704 quoties
1548 2632 1591 2686 bis
1606 2631 1728 2686 comedi-

89 2723 888 2795 essesacerdosautdiaconusquotirliemisiiaParasceve
929 2728 986 2789 tur,
1000 2728 1066 2777 ante
1081 2722 1211 2794 primam.
1226 2722 1280 2777 Sed
1297 2727 1422 2776 econtra
1437 2720 1473 2776 ad
1489 2721 1614 2785 missam,
1629 2719 1729 2774 litania

89 2817 116 2864 et
129 2811 249 2868 Sabbata
259 2818 357 2868 sancto
371 2818 435 2884 post
445 2812 626 2879 matutinum,
639 2812 681 2868 vei
691 2814 720 2868 in
737 2813 838 2884 hyeme
848 2813 889 2868 iu·
929 2812 1102 2884 praecedente
1112 2812 1139 2864 in
1151 2811 1221 2876 loco,
1229 2811 1273 2866 sin
1283 2817 1377 2865 autem
1387 2809 1420 2865 ad
1432 2810 1584 2864 familiares
1593 2809 1726 2880 psalmos,

89 2900 130 2954 im
143 2900 271 2956 litaniam
286 2905 351 2956 aute
364 2902 529 2974 capitulum,
546 2909 575 2956 et
588 2907 653 2956 ante
670 2901 782 2972 majoris
795 2901 887 2957 missa
928 2901 1130 2972 qualiscunque
1146 2900 1182 2954 sit
1197 2899 1267 2965 dies,
1281 2916 1315 2954 ea
1325 2899 1461 2970 contegit3
1478 2898 1525 2953 sed
1537 2899 1566 2952 in
1576 2895 1729 2970 Dominicis

90 2989 262 3058 evangelium
276 3005 374 3044 ornnes
384 2990 485 3045 calices
497 2990 532 3044 ad
547 2991 646 3046 missas
660 2991 782 3062 privatas
798 2991 915 3076 parthe
927 2990 1026 3046 diebus
1040 2988 1149 3044 duobus
1172 2989 1284 3055 albatis,
1300 2994 1334 3044 ut
1357 2987 1445 3043 vicem
1462 3003 1542 3043 suam
1561 2987 1591 3042 in
1611 2987 1664 3042 hoc
1678 2987 1729 3040 im-

90 3083 185 3134 uentes
203 3077 326 3134 breviter
346 3080 429 3144 lavat,
449 3080 549 3135 hostiis
572 3081 765 3152 superpositis,
781 3081 844 3136 vino
859 3085 888 3135 et
928 3081 1036 3152 pleant,
1060 3078 1162 3133 innuit.
1179 3080 1246 3133 Post
1260 3079 1375 3133 missam
1390 3095 1455 3133 vero
1471 3077 1683 3149 discooperitur,
1700 3080 1730 3130 et

90 3167 266 3238 aquainsusis
274 3169 310 3223 ad
318 3169 486 3225 sacrificium
495 3175 643 3241 praeparat,
653 3175 754 3225 utcum
764 3170 887 3242 primum
928 3168 967 3224 sic
979 3184 1066 3239 usqae
1080 3173 1144 3238 post
1156 3183 1285 3238 vesperas
1299 3167 1461 3222 dimittitur.
1473 3167 1504 3221 In
1519 3165 1622 3236 vigiliis
1633 3170 1727 3221 autem

89 3257 244 3312 sacerdotes
256 3257 435 3323 accesserint,
451 3259 545 3313 omnia
559 3264 659 3330 parata
672 3259 824 3314 inveniant.
928 3257 1125 3329 principalium
1146 3258 1282 3311 testarum
1307 3257 1342 3311 ad
1359 3258 1473 3311 missam
1496 3272 1551 3310 non
1575 3255 1728 3324 detegitur,

122 3345 198 3401 idem
213 3347 273 3418 ipse
292 3347 321 3400 in
336 3348 412 3402 omni
426 3353 527 3417 quarta
540 3348 609 3402 feria
624 3353 654 3403 et
668 3347 799 3413 Sabbata,
817 3366 888 3421 qua·
928 3363 1025 3400 verum
1040 3347 1069 3400 in
1085 3345 1216 3400 omnibus
1239 3346 1327 3410 festis,
1351 3363 1412 3417 quae
1426 3346 1456 3401 in
1477 3345 1572 3418 cappis
1594 3349 1727 3415 aguntur,

89 3433 230 3507 bscunque
245 3435 282 3490 sit
299 3437 367 3499 dies,
391 3437 421 3491 in
441 3437 547 3492 festivis
563 3437 676 3508 quidem
690 3443 755 3510 post
770 3439 886 3494 matuti-
928 3435 1021 3490 ablato
1036 3436 1162 3506 eJusdem
1178 3435 1276 3490 altaris
1290 3435 1437 3497 velamine,
1449 3451 1499 3506 pro
1512 3451 1546 3488 co
1561 3433 1676 3505 pallium
1692 3432 1728 3487 ad

89 3539 165 3587 num,
175 3525 203 3578 in
213 3525 331 3596 privatis
342 3543 407 3580 vero
417 3531 481 3597 post
494 3525 596 3598 prioris
606 3527 697 3582 missae
709 3528 886 3598 evangelium
927 3525 1042 3580 missam
1067 3524 1190 3595 ponitur,
1211 3540 1261 3595 per
1285 3524 1441 3590 sacristam,
1466 3523 1509 3578 sic
1529 3521 1729 3577 dimittendum

89 3627 171 3683 supra
188 3614 279 3668 dictos
292 3615 392 3668 calices
406 3615 501 3686 digitis
513 3615 633 3670 interius
649 3616 740 3669 missis
761 3616 886 3672 studiose
928 3629 1017 3685 usquo
1028 3619 1092 3686 post
1104 3612 1328 3684 completorium.

89 3699 168 3756 hiat.
177 3702 310 3766 Quotidie
320 3719 432 3774 quoque
441 3707 507 3758 ante
517 3703 615 3758 horam
626 3703 817 3774 prandii,cum
825 3705 885 3774 jam
1221 3719 1338 3776 cqppT
1357 3719 1441 3774 χχχ,
1776 3767 1779 3774 ,

89 3791 309 3860 amplius-¹¹1¹&
332 3791 369 3846 δὴ
391 3791 478 3846 ”lim
490 3792 626 3855 menda·
643 3798 771 3847 recenset
784 3809 841 3858 0⁰⁸2
858 3797 887 3848 03
928 3810 1064 3878 Quomodo
1076 3811 1113 3864 od
1126 3811 1252 3878 sinqirlcs
1273 3811 1355 3863 boras
1374 3812 1485 3878 pretioue
1499 3808 1600 3872 clebect,
1622 3807 1730 3878 etquid

88 3887 164 3934 caute
173 3881 318 3952 perspicit,
329 3881 352 3934 si
365 3880 431 3952 qaid
444 3880 473 3934 in
486 3880 526 3936 eis
537 3879 572 3935 de
586 3898 702 3952 corpore
711 3881 823 3937 Donaini
835 3883 886 3936 ad·
1168 3883 1250 3934 aliud
1263 3883 1349 3948 officii
1362 3885 1486 3948 apoteca..

87 3967 195 4024 haereat.
207 3969 290 4034 Quod
303 3969 327 4024 si
342 3969 435 4032 tuerit,
449 3970 510 4041 ipse
524 3971 566 4025 vel
582 3971 655 4025 alius
670 3977 740 4026 autu
754 3971 815 4041 ejus
829 3977 885 4026 sta·
962 3972 1031 4037 iun.)
1043 3969 1138 4040 Signa,
1150 3985 1212 4040 quae
1227 3967 1367 4039 pulsanda
1379 3969 1493 4023 suntad
1505 3968 1631 4036 singulas
1644 3968 1728 4022 horas

85 4056 133 4112 tim
142 4058 277 4114 absumit.
291 4057 429 4130 Recenset
441 4059 529 4114 etiam
545 4059 631 4114 libros
645 4060 781 4125 missales,
794 4075 827 4115 ac
840 4075 884 4116 ve·
926 4058 1062 4112 sollicitus
1085 4066 1138 4120 est,
1155 4062 1187 4111 ut
1201 4057 1294 4128 pulset
1314 4057 1477 4128 tempestive
1491 4073 1497 4124 ;
1521 4055 1561 4110 ita
1575 4061 1680 4124 tamen,
1696 4062 1730 4111 ut

87 4147 216 4202 stimanta
227 4147 424 4214 sacerdotalia,
436 4163 497 4219 quae
512 4148 547 4202 ad
563 4148 675 4202 eosdem
687 4148 787 4203 calices
802 4150 886 4220 perti·
926 4147 998 4201 nihil
1012 4151 1172 4218 praesumat,
1190 4145 1243 4200 nisi
1256 4147 1352 4215 jussus
1365 4161 1382 4199 a
1396 4147 1512 4214 majore,
1530 4151 1559 4199 et
1573 4145 1727 4200 secundum

87 4241 160 4301 nent,
176 4241 206 4292 ct
220 4236 317 4290 vinum
331 4252 395 4291 curn
409 4253 498 4308 aqua3
521 4237 556 4291 de
571 4237 693 4308 prelatis
708 4238 840 4308 ampullis
856 4238 885 4292 in
926 4235 1001 4308 quod
1010 4251 1061 4306 per
1075 4251 1156 4290 usum
1168 4241 1211 4290 est
1220 4234 1541 4300 constitutumouando
1549 4234 1650 4288 iratres
1661 4240 1727 4290 ante

87 4325 234 4396 amphoras
255 4325 389 4380 retundit.
404 4327 537 4380 Attamen
552 4333 646 4380 autem
669 4327 833 4398 priusquam
849 4327 884 4381 de
925 4325 1051 4389 tertiam,
1065 4325 1184 4379 velante
1199 4324 1407 4378 nonarnlavant
1417 4339 1526 4390 manus,
1537 4323 1727 4394 statipse,vel

85 4411 245 4483 hujusmodi
261 4413 351 4469 cilicio
361 4431 392 4470 se
401 4415 581 4482 intromittat,
594 4415 724 4486 praelatus
735 4415 884 4470 hebdoma-
895 4383 917 4440 D
927 4415 1006 4469 sedet
1016 4413 1088 4468 infra
1097 4414 1178 4483 juxta
1190 4413 1292 4468 ostium
1304 4413 1442 4480 ecclesim3
1459 4417 1560 4466 etcum
1572 4428 1674 4483 pueros
1686 4413 1728 4466 vel

85 4501 178 4558 danus
188 4503 438 4576 armarium,qucd
448 4509 492 4558 est
499 4505 844 4570 tricame1·atum,reserat,
855 4506 883 4560 in
923 4505 1067 4575 juvenem,
1075 4503 1109 4557 ad
1118 4503 1198 4572 qu'us
1207 4502 1354 4557 introitum
1364 4501 1399 4555 ad
1410 4507 1561 4557 nocturnos
1572 4502 1729 4557 soletscilla

85 4607 141 4661 quo
150 4592 249 4648 calices
259 4591 384 4662 praedicti
394 4591 422 4647 in
435 4607 577 4664 supremo,
587 4593 779 4664 corporalibus
788 4609 885 4665 super·
922 4592 1039 4658 dimitti,
1052 4593 1112 4661 jam
1127 4609 1156 4646 se
1171 4591 1272 4646 viderit
1285 4591 1401 4657 lavasse,
1419 4591 1531 4662 pulsare
1543 4591 1655 4662 siguum
1671 4607 1728 4647 non

84 4680 191 4749 positis,
200 4681 460 4748 reconduntamuo.
471 4681 598 4736 inmedio
606 4682 705 4737 hostiae
713 4687 742 4737 et
750 4683 884 4753 candelae,
925 4681 1028 4736 tardat.
1047 4681 1138 4736 Factis
1154 4687 1248 4735 autem
1273 4679 1364 4735 tribus
1388 4679 1573 4743 orationibus,
1591 4681 1634 4734 vel
1648 4681 1672 4735 si
1686 4687 1729 4736 est

82 4769 146 4824 siue
158 4770 260 4840 quibus
274 4769 353 4824 nulla
366 4778 410 4825 est
424 4769 509 4825 missa
529 4771 671 4838 canenda;
695 4771 724 4826 ia
748 4772 885 4828 imovero
926 4777 992 4826 ante
1008 4787 1111 4825 nonam
1128 4787 1194 4835 una,
1211 4770 1302 4840 majas
1317 4770 1427 4840 signum
1443 4769 1546 4840 pulsat.
1563 4769 1604 4824 Ad
1620 4775 1728 4826 sextam

82 4859 213 4930 ampullae
225 4861 348 4930 majores
357 4864 386 4914 et
399 4859 531 4914 minores.
544 4861 664 4931 hlajores
673 4861 786 4932 quidem
802 4862 837 4916 ad
847 4863 885 4916 vi·
926 4877 1001 4926 vcro,
1018 4877 1080 4914 cum
1096 4860 1218 4930 primum
1239 4859 1377 4930 sanguine
1396 4859 1519 4914 minutos
1535 4875 1652 4931 pransos
1667 4877 1728 4915 esse

82 4963 162 5013 uum,
187 4949 312 5004 minores
338 4964 403 5003 vero
427 4948 463 5003 ad
488 4965 601 5020 aquam,
617 4955 646 5004 et
667 4951 835 5021 anaphoram
855 4951 884 5006 ιιι
925 4949 1095 5020 cognoverit,
1115 4949 1223 5020 pulsat;
1251 4949 1274 5002 si
1299 4961 1393 5002 autem
1418 4948 1459 5003 illi
1474 4949 1586 5014 desunt,
1602 4949 1727 5020 pulsare,

1 5091 2 5098 ,
81 5052 140 5106 qua
154 5037 247 5092 viuum
263 5037 299 5092 de
311 5037 425 5092 cellario
439 5039 556 5093 allatum
574 5038 702 5096 babetur.
716 5041 726 5061 ⁶
739 5040 787 5094 Est
801 5040 839 5094 ibi
856 5046 884 5096 et
925 5039 978 5093 nisi
986 5040 1092 5110 jussus,
1106 5054 1162 5102 non
1177 5037 1419 5110 praesumitand
1431 5043 1532 5110 etpost
1544 5036 1728 5092 nihilomiuus

81 5125 160 5180 aliud
169 5127 363 5192 armariolum,
373 5127 402 5180 in
413 5143 467 5198 quo
482 5127 545 5181 libri
556 5128 692 5192 missales
706 5130 754 5199 qui
764 5129 799 5183 ad
810 5146 883 5200 prae·
925 5128 1069 5195 observat3
1087 5123 1246 5199 quanquam
1262 5128 1332 5182 illud
1348 5127 1469 5199 spatium
1480 5127 1652 5184 debentesse
1662 5125 1726 5180 bre-

81 5211 172 5270 dictos
179 5215 279 5271 calices
295 5216 446 5287 pertinent,
458 5232 520 5271 curn
531 5217 706 5272 vestimentis
719 5218 884 5274 sacerdota·
925 5218 1079 5273 vissimum.
1091 5218 1162 5272 Nam
1174 5234 1229 5272 non
1244 5217 1367 5289 amplius
1378 5217 1441 5284 erit,
1453 5233 1537 5289 quara
1551 5221 1583 5270 ut
1596 5215 1726 5270 sacerdos

81 5302 156 5358 libus
169 5311 327 5360 serrantur.
342 5305 507 5360 Forinsecus
529 5311 623 5361 autem
645 5307 729 5361 etiarn
745 5309 807 5362 duae
822 5323 883 5362 am-
925 5307 1073 5378 caeterique
1089 5307 1123 5362 ad
1140 5308 1276 5377 majorem
1292 5307 1407 5361 missam
1422 5305 1562 5370 servituri,
1582 5320 1612 5359 se
1632 5304 1726 5358 lavaro

82 5393 167 5461 pmtae
183 5399 250 5449 sunt
263 5395 423 5467 implendae,
438 5395 473 5449 de
488 5393 589 5466 quibus
604 5395 730 5451 funditur
745 5402 883 5469 quantum
925 5398 1054 5462 debeant,
1071 5402 1103 5451 ut
1117 5396 1175 5452 sint
1189 5397 1281 5468 parati
1296 5395 1331 5450 ad
1354 5394 1537 5449 induendum.
1554 5395 1591 5447 At
1605 5393 1628 5447 si
1649 5397 1728 5449 sexta

81 5483 118 5538 ad
133 5485 301 5540 sacrificium
314 5486 349 5540 de
358 5502 433 5556 aqua
443 5491 487 5542 est
498 5484 681 5542 miscendum.
698 5487 752 5543 Sed
762 5488 811 5542 illa
825 5505 884 5543 am-
924 5488 1060 5558 majorem
1074 5487 1187 5541 inissem
1203 5485 1394 5556 subsequitur.
1411 5483 1500 5537 donec
1514 5482 1664 5538 servitores
1677 5499 1725 5538 co·

81 5573 185 5644 pliora,
202 5575 237 5629 de
258 5591 315 5647 qua
328 5591 428 5630 manus
441 5575 596 5634 abluuntur
608 5592 734 5634 seorsum
757 5578 881 5649 ponitur.
925 5577 1017 5652 quinae
1029 5581 1143 5648 accepto
1154 5575 1214 5646 jam
1230 5575 1316 5628 mixto
1329 5572 1421 5628 redire
1435 5569 1617 5646 perspexerit,
1630 5573 1725 5644 pulsa·
