3882 6172
84 219 125 276 ile
572 215 656 272 lll’l'A
678 216 707 276 S.
727 217 924 274 AUGUSTlNl
945 216 1055 272 aaut.
1074 217 1201 274 APOST.
1648 224 1701 285 titi

82 344 155 410 sitire,
171 342 229 414 pati
243 357 299 396 non
314 357 395 413 posse
404 340 578 397 Christianos
590 343 691 406 rivere,
708 343 785 398 nullo
797 359 861 398 rero
870 342 1052 413 Alegetionis
1065 359 1168 400 nonien
1178 361 1260 401 suum
1270 361 1440 420 causamque
1453 347 1563 406 itineris
1575 349 1701 408 scribens

82 432 151 486 modo
164 430 291 486 abidolis
305 430 363 486 suis
387 447 435 486 eos
449 432 582 492 revocari,
603 446 654 486 nec
668 431 703 486 ad
717 431 861 487 Christum
902 431 1001 486 baculo
1023 431 1054 487 in
1078 438 1154 488 terra
1169 434 1251 504 juxta
1274 435 1391 500 iontem,
1409 437 1453 492 his
1474 438 1597 495 litteris:
1617 459 1629 492 r
1650 441 1701 496 llic

83 521 189 576 conrerti
209 535 301 591 posse.
336 520 382 574 Sic
410 520 551 590 quondam
579 519 723 591 discipulis
750 519 862 574 Domini
902 519 1057 591 hospitium
1067 521 1165 577 habuit
1174 539 1270 578 sersus
1279 541 1421 586 ¹serrorum
1434 527 1495 594 Dei,
1510 527 1698 600 Augustinus,

82 627 146 664 nare
162 609 360 679 navigantibus
380 614 479 663 sentus
494 613 555 672 5ss
570 609 728 663 contrarius
741 608 860 674 obstitit,
903 625 986 680 quem
1012 610 1088 665 misit
1107 611 1142 665 ad
1162 615 1363 668 convertendos
1386 617 1490 686 Anglos
1507 616 1604 672 beatus
1628 635 1701 690 pape

82 699 164 763 donec,
181 698 326 769 increpata
342 697 452 752 modica
477 714 573 751 eorum
591 698 654 756 lide,
674 699 777 752 iluctus
792 713 862 768 quos
904 699 1066 768 Gregorius.
1084 720 1095 749 ι
1111 701 1264 770 ingruente
1280 703 1339 772 jani
1359 720 1471 771 aurora,
1485 711 1630 778 arreptum
1645 707 1701 762 iter

81 789 130 859 ipse
142 789 296 842 calcaverat
308 787 454 851 Dominus,
474 786 591 857 imperio
605 787 726 840 sedaret.
747 787 864 841 Mittunt
903 793 1048 841 attatumut
1073 805 1238 860 percurrere
1261 791 1297 844 od
1324 793 1468 848 Dominica
1490 794 1577 858 luera,
1598 802 1701 868 agente

80 879 160 949 itaque
173 877 338 948 suppliciter
350 876 431 930 beato
447 877 582 946 Gregorio
594 877 863 948 Augustinumqua-
903 875 1021 930 forsitan
1046 877 1141 931 divina
1162 879 1311 942 sententia,
1342 887 1373 935 ut
1396 883 1444 953 qui
1470 884 1544 939 ultro
1569 885 1699 940 collatam

80 973 149 1020 tenus
170 983 218 1020 eos
246 965 393 1036 permittat
414 965 505 1020 rethre
528 966 653 1028 domum,
678 981 730 1019 nec
751 971 862 1020 tantum
903 962 1103 1019 benedictionis
1123 966 1244 1036 gratiam
1268 970 1297 1022 in
1317 970 1474 1042 hospitibus
1490 973 1641 1029 Dominicis
1659 993 1702 1029 re-

80 1055 215 1109 discrimen
240 1054 335 1108 subire
359 1054 388 1108 in
407 1054 606 1109 racuum.Sed
621 1071 637 1108 a
658 1054 803 1124 Gregorio,
817 1071 862 1108 se·
903 1053 1064 1123 pnlsissent,
1078 1053 1138 1124 jam
1165 1072 1221 1109 iren
1242 1065 1468 1128 assequerentur,
1496 1077 1560 1115 cum
1586 1063 1698 1118 vellent.

81 1144 187 1197 madum
197 1141 648 1212 riomensuumpnerigilimiissa
662 1141 777 1213 epistola
787 1141 861 1212 quod
903 1141 964 1194 lam
977 1141 1021 1194 die
1033 1142 1118 1207 claro,
1138 1149 1200 1198 tuta
1222 1145 1287 1199 illuc
1303 1147 1401 1202 ricinia
1416 1150 1546 1214 accurrit,
1559 1150 1607 1206 ubi
1621 1168 1638 1206 a
1651 1170 1701 1207 su-

82 1249 198 1302 nagnum
215 1231 342 1286 laborem
362 1233 452 1302 major
471 1231 562 1302 gloria
580 1234 776 1302 consequatur,
791 1238 818 1286 et
831 1238 863 1287 ut
904 1245 990 1300 perna
1002 1231 1124 1294 cardine,
1138 1234 1264 1304 usquein
1281 1240 1395 1301 terrani,
1409 1237 1496 1307 jubar
1510 1239 1602 1294 solare
1616 1257 1702 1313 super

81 1320 234 1390 Augustino,
254 1337 337 1392 quem
352 1320 393 1375 eis
413 1321 473 1391 jam
496 1319 625 1374 abbatem
645 1320 824 1375 ordinaverat
833 1321 862 1376 in
903 1318 976 1372 cives
996 1317 1057 1373 coeli
1072 1321 1163 1375 arlhuu
1181 1324 1343 1394 peregrinos
1367 1331 1458 1390 terrae,
1476 1327 1570 1383 ridere
1587 1329 1701 1401 plurimi

80 1409 196 1464 carnibus
224 1409 380 1472 obedirent,
398 1409 446 1480 qui
474 1409 558 1464 etiam
580 1409 734 1480 apostolica
757 1409 864 1464 terebat
905 1407 1017 1462 radiare
1043 1409 1240 1478 Aspiciuntibi
1250 1413 1485 1470 etiunimirabilia
1495 1417 1544 1470 Dei
1556 1415 1585 1472 iri
1597 1419 1702 1474 sanctis

81 1498 167 1569 scripta
182 1498 220 1552 ad
235 1496 383 1552 Etherium
397 1495 456 1564 (83)
475 1497 668 1550 Arelatensem
683 1496 865 1567 arcliipraesu·
905 1496 964 1550 suis
980 1513 1127 1552 comscare
1146 1499 1181 1552 de
1206 1506 1291 1565 terra,
1310 1502 1382 1557 sicut
1406 1511 1489 1559 noctu
1509 1506 1637 1562 viderant
1655 1525 1702 1562 ra-

81 1586 135 1650 lcm,
147 1592 287 1658 quatenus
303 1585 346 1640 his
361 1585 412 1640 Dei
422 1585 523 1655 legatis
536 1585 717 1640 solatiaretur
726 1584 755 1638 in
767 1600 864 1640 neces·
905 1583 1030 1639 dientem
1052 1587 1210 1642 columnam
1236 1589 1271 1644 dc
1292 1607 1355 1644 arce
1378 1609 1509 1662 superna.
1534 1595 1656 1666 Stupent
1673 1603 1702 1652 et

81 1676 209 1730 sitatibus.
234 1676 279 1730 lta
289 1676 352 1744 jam
366 1679 433 1728 sunt
457 1673 615 1728 rorobomti
634 1681 666 1728 ut
684 1691 746 1728 curn
765 1658 1007 1743 itrajorissnorum
1024 1675 1128 1728 iontem
1144 1675 1196 1730 sibi
1210 1685 1345 1748 perpetua
1358 1697 1391 1733 ac
1404 1681 1477 1735 dulci
1494 1699 1563 1738 rena
1581 1691 1699 1752 scatere,

81 1765 269 1835 gaudio,quem
283 1769 349 1818 ante
364 1763 543 1818 vehementer
557 1763 865 1834 exparerant,laborem
907 1769 935 1816 et
951 1763 1177 1834 incomparabilis
1191 1765 1324 1822 honitatis
1344 1769 1465 1824 advenas
1487 1771 1545 1826 haec
1567 1772 1702 1829 beneficia

82 1857 275 1922 percurrerent.
906 1850 958 1906 sibi
982 1868 1033 1922 pro
1056 1853 1210 1908 malefactis
1229 1856 1391 1911 reddidisse·
1409 1859 1551 1916 Discentes
1573 1862 1703 1917 etiamst

110 1944 214 1997 interea
229 1942 328 1996 multis
342 1940 430 2012 signis
454 1956 504 2011 per
523 1941 712 2010 Augustinum
730 1941 864 1997 (livinitus
906 1939 1010 1994 litteris
1024 1957 1125 1996 nomen
1142 1944 1266 2014 praeclari
1278 1945 1409 2005 doctoris.
1423 1953 1517 2002 ettam
1528 1951 1701 2006 salutiferam

82 2033 185 2098 collatis,
201 2033 422 2087 consolabantur
437 2033 600 2104 plurimum,
617 2030 773 2102 exquibus,
789 2031 864 2085 rerbi
905 2045 1020 2084 causam
1034 2029 1153 2098 itineris,
1170 2031 1298 2086 nubiloso
1315 2035 1479 2091 contusione
1495 2045 1605 2093 reatum
1619 2057 1703 2096 sunm

82 2121 167 2188 gratia,
185 2121 232 2174 hic
252 2121 403 2174 inserimus
417 2135 515 2184 unum,
536 2119 593 2173 imo
621 2119 650 2172 in
671 2135 727 2173 uno
746 2119 863 2185 trinum,
906 2117 1083 2188 deplanxere,
1095 2119 1170 2189 qnod
1185 2119 1287 2174 Christi
1298 2122 1431 2190 legationi
1443 2127 1563 2181 etsaluti
1574 2128 1703 2198 gentium

82 2209 198 2264 omnibus
207 2210 270 2280 ejus
283 2208 337 2262 loci
349 2209 397 2263 ubi
411 2209 515 2263 iactum
530 2213 573 2262 est
587 2224 698 2280 semper
718 2207 866 2262 celeberri-
908 2213 967 2260 tam
982 2206 1110 2278 improbe
1124 2203 1262 2263 restitere.
1280 2211 1340 2265 ileu
1353 2227 1404 2266 nos
1414 2212 1543 2280 iuriosus,
1563 2216 1702 2280 dicebant,

82 2313 156 2363 muni,
171 2303 258 2369 atque
272 2295 868 2368 etiamscriptiscreditum.lamillechorus
910 2295 983 2366 quod
1007 2301 1148 2350 tantorum
1168 2298 1331 2368 angelorum
1361 2317 1416 2356 nan
1440 2303 1594 2359 nieruinius
1617 2307 1705 2362 sorori

82 2395 240 2452 saeuorum,
267 2386 364 2456 legens
383 2385 437 2439 iter
451 2384 741 2456 perAnrlegarensem
758 2387 867 2456 prorin·
908 2381 1111 2452 benedictione,
1127 2402 1178 2440 nec
1197 2385 1285 2442 imbui
1305 2387 1466 2444 dulcedine!
1482 2391 1637 2448 Condidere
1651 2395 1706 2450 ita-

82 2475 151 2540 riani,
174 2475 300 2529 subeunt
320 2474 424 2538 sillam,
451 2474 497 2529 Sai
522 2471 576 2541 (Bi)
591 2473 769 2544 appellatam·
791 2475 866 2538 Quos
908 2489 962 2542 quc
977 2473 1122 2527 ecclesiam
1144 2474 1173 2528 in
1197 2474 1294 2530 eodem
1314 2477 1374 2531 loco
1401 2479 1527 2534 unanimi
1547 2481 1703 2550 devotione,

81 2564 254 2618 ruricolarum
268 2562 354 2617 turba
366 2561 512 2628 indomito,
529 2561 683 2631 utignotes
702 2567 732 2616 et
746 2567 864 2625 exteros,
908 2568 937 2614 et
950 2561 978 2614 in
994 2561 1098 2616 honore
1124 2579 1157 2616 ac
1179 2564 1292 2618 nominc
1315 2566 1404 2619 sancti
1428 2569 1576 2638 Augustini
1593 2571 1705 2627 Christo

82 2651 167 2706 humili
192 2652 291 2706 habitu
315 2668 348 2705 ac
370 2651 492 2722 pedestri
510 2651 621 2705 incessu
637 2651 792 2722 despectos,
809 2650 867 2704 risu
910 2649 1082 2704 dedicavere.
1105 2650 1199 2705 Altare
1219 2669 1294 2718 reru,
1310 2653 1357 2707 ubi
1371 2655 1431 2723 ejus
1445 2657 1549 2728 scripta
1567 2659 1703 2728 legerant,

82 2745 105 2792 ct
116 2741 228 2812 apporia
243 2738 391 2794 alliciebat.
408 2740 443 2794 Et
455 2738 504 2792 riri
519 2737 630 2810 quidem
651 2739 687 2792 ad
701 2738 867 2792 feminarum
909 2743 1043 2803 statuere,
1055 2745 1086 2792 ut
1096 2739 1174 2809 cajus
1185 2741 1707 2818 nonmerebanturcorpomligaudere

80 2831 214 2884 sessulam
240 2829 389 2884 indemnes
414 2827 590 2884 ridebantur.
618 2828 676 2882 lllre
694 2844 769 2890 reiro,
791 2826 868 2881 reiut
910 2827 1069 2898 praesentia,
1093 2834 1229 2898 perpetue
1248 2846 1313 2884 eum
1338 2839 1503 2902 praesentem
1519 2834 1655 2891 haberent
1675 2840 1706 2892 in

81 2919 232 2987 conjurata,
246 2918 277 2972 in
291 2918 454 2972 innocentes
468 2917 589 2972 advenas
608 2921 669 2970 tota
685 2915 866 2970 insultatione
910 2915 1170 2986 ipsasuaecclesia.
1187 2917 1228 2972 lbi
1243 2917 1328 2972 etiam
1345 2922 1533 2990 praecordialis
1550 2925 1707 2997 Paterpcr·

81 3005 242 3062 terebantur.
263 3008 383 3078 Jamque
406 3022 471 3060 rure
495 3006 607 3075 ejectos,
621 3011 652 3059 ut
670 3004 773 3060 rabide
785 2971 1000 3059 canescmulta
1018 3021 1048 3059 se
1069 3005 1246 3078 poscentibus
1261 3015 1443 3078 repraesentat
1458 3010 1601 3079 benetlcia,
1618 3016 1710 3071 multa

81 3095 190 3162 ululatu,
202 3095 298 3164 rugitu
310 3112 342 3149 ac
353 3095 465 3148 fremitu
476 3093 696 3149 insectabantur.
709 3093 868 3148 Proximam
910 3093 1063 3148 sanitatum
1085 3093 1197 3148 exhibet
1215 3095 1359 3152 miracula.
1383 3099 1583 3157 Verumtamen
1599 3102 1634 3156 ab
1656 3103 1709 3159 hac

80 3185 177 3239 ulmum
194 3191 262 3239 tunc
280 3189 420 3238 astantem
441 3183 507 3238 lessi
527 3183 647 3237 viatores
669 3187 813 3255 captantes
833 3182 869 3236 ad
910 3181 1026 3236 ecclesia
1040 3189 1174 3254 perpetuo
1189 3185 1305 3255 repudio
1324 3203 1407 3242 otene
1426 3194 1539 3245 arcetur
1555 3207 1645 3258 genus
1665 3193 1708 3246 ie·

79 3273 315 3344 requiescendum,
340 3271 405 3326 inde
434 3272 519 3326 etiam
545 3288 561 3325 a
586 3271 739 3326 ludibrioso
763 3271 869 3344 impetu
911 3271 1062 3338 minarum,
1083 3277 1115 3326 ut
1146 3273 1276 3330 omnibus
1307 3282 1469 3334 sanctorum
1495 3279 1709 3350 injuriatoribus

79 3363 259 3418 exturbantur
287 3361 455 3431 viraginum.
477 3362 513 3414 At
531 3376 616 3414 unam
637 3360 704 3414 almi
723 3359 802 3413 ducis
822 3377 869 3414 re·
910 3375 1022 3431 semper
1035 3359 1092 3415 sint
1107 3359 1136 3415 in
1151 3363 1319 3434 exemplum.

80 3450 163 3520 stigio,
178 3448 382 3506 incessantius
406 3447 620 3520 astringentem,
643 3465 693 3503 scu
714 3447 867 3515 colubram,
946 3449 1078 3512 Quaedam
1090 3454 1220 3506 matrona
1235 3452 1374 3508 direshuc
1391 3470 1454 3510 oum
1465 3472 1546 3512 cerco
1558 3458 1709 3531 appetebat

78 3555 134 3592 cum
152 3539 203 3594 ille
217 3541 354 3610 praetento
368 3535 467 3591 baculo
482 3537 564 3591 uellet
573 3538 717 3608 repellere,
733 3543 869 3607 tanquam
911 3537 1079 3610 ingressum,
1115 3547 1143 3595 et
1166 3541 1412 3601 interminantibus
1438 3548 1567 3604 omnibus
1590 3550 1710 3622 urgebat

78 3628 169 3694 leram,
195 3627 270 3682 illico
289 3626 405 3680 baculus
424 3625 458 3680 de
471 3642 558 3680 manu
573 3627 644 3696 ejus,
666 3626 740 3680 i‘elut
753 3625 788 3680 ab
803 3642 869 3680 arcu
911 3628 1096 3700 propositum,
1117 3629 1212 3684 dicens
1239 3647 1270 3686 se
1291 3649 1346 3687 non
1368 3649 1497 3705 peccasse
1518 3637 1547 3691 in
1567 3646 1706 3706 sanctum,

78 3718 185 3788 sagitto,
203 3716 352 3780 excutitur,
366 3723 394 3770 et
417 3731 468 3786 per
486 3715 541 3769 tria
561 3715 620 3770 iere
640 3717 731 3770 stadia
745 3715 868 3780 evolans,
910 3716 958 3770 sed
977 3717 1047 3771 veile
1058 3733 1087 3771 se
1104 3717 1240 3774 honorare
1252 3737 1326 3775 euin.
1343 3722 1394 3777 Vix
1408 3731 1503 3779 autem
1518 3725 1709 3784 inconcessam

77 3804 150 3860 horai
160 3804 297 3876 alligitur.
313 3803 501 3876 Subsequitur
513 3805 567 3859 dux
585 3821 647 3859 cum
663 3805 762 3858 devoto
774 3805 868 3866 choro,
912 3811 1015 3859 nietam
1024 3805 1167 3876 attigerat,
1179 3813 1208 3862 et
1221 3808 1313 3864 subito
1321 3812 1411 3882 ruptis
1422 3813 1564 3870 intestinis
1574 3819 1707 3889 exspirat,

78 3895 152 3964 quasi
167 3911 203 3950 eo
215 3911 246 3949 se
259 3899 376 3948 vocante
394 3893 524 3948 Domino.
547 3895 721 3965 Augustinus
740 3893 871 3948 baculum
913 3893 1042 3966 tersisque
1062 3901 1186 3950 extracta
1209 3903 1330 3962 mortua,
1351 3917 1449 3956 onines
1474 3905 1589 3959 credere
1613 3907 1709 3963 docuit

76 3984 174 4048 evellit,
190 3989 219 4038 et
237 3999 303 4037 cum
322 3980 452 4038 baculum
473 3989 638 4056 perpetuum
663 3999 742 4053 aque
765 3983 870 4035 iontem
913 3983 988 4054 quod
1014 3983 1083 4038 nulli
1101 3984 1267 4052 crediderat,
1291 3993 1320 4042 et
1337 4005 1399 4060 quse
1422 4007 1520 4046 omnes
1533 3993 1643 4049 vincere
1657 4013 1709 4054 sua

77 4072 203 4130 extrahit.
220 4071 282 4137 Quo
296 4071 404 4143 pariter
416 4088 434 4125 a
447 4072 525 4143 gravi
540 4071 587 4126 siu
609 4070 734 4136 relevati,
750 4076 871 4125 aeternas
912 4072 1021 4143 putarit
1043 4073 1270 4144 praesumptione,
1288 4077 1418 4133 omnibus
1442 4081 1535 4150 palam
1563 4081 1709 4140 interdixit

75 4160 336 4232 immolautgmtias
346 4161 445 4217 divinae
458 4160 585 4216 bonitati.
601 4159 644 4214 lbi
654 4159 872 4214 suaritcriessos
912 4161 980 4216 talia
992 4177 1134 4231 nunquam
1151 4177 1328 4232 presumere.

76 4253 153 4304 artus
171 4251 330 4306 relerentes
357 4255 469 4306 noctem
495 4250 585 4322 ipsam
610 4249 640 4304 in
667 4249 718 4304 Dei
742 4248 902 4317 laudibusn
947 4248 1058 4303 Habent
1086 4254 1181 4303 tamen
1206 4250 1244 4304 ibi
1266 4251 1377 4308 semime
1402 4271 1454 4310 suu
1480 4260 1657 4330 receptacula
1679 4266 1709 4316 et

74 4353 200 4410 exegere.
219 4339 296 4405 Quos
309 4339 405 4411 pulsos
419 4337 551 4410 hospitio,
567 4337 730 4409 residesque
744 4336 796 4392 sub
806 4353 871 4390 aere
910 4338 1043 4402 sacraria,
1064 4337 1111 4392 ubi
1131 4355 1212 4393 orare
1227 4345 1256 4394 et
1272 4342 1379 4412 gratias
1396 4344 1453 4399 Deo
1474 4341 1567 4417 agere,
1581 4353 1708 4406 rritasua

73 4427 157 4495 uudo,
170 4445 283 4501 semper
291 4428 429 4483 miserans
438 4428 576 4482 altissima
589 4427 747 4497 benignitus
762 4425 872 4498 operuit
910 4427 1036 4492 reddere,
1050 4427 1144 4482 divina
1157 4429 1292 4499 mysteria
1304 4431 1413 4496 audire,
1424 4439 1452 4488 et
1462 4435 1599 4492 salutaria
1612 4455 1707 4495 sacra·

71 4517 164 4585 gloria
183 4535 236 4590 pro
259 4523 345 4584 tecto,
370 4517 432 4572 fuso
455 4517 561 4572 scilicet
581 4517 702 4588 desuper
724 4515 871 4587 splendore
910 4521 1004 4570 menta
1019 4515 1127 4588 possint
1139 4518 1290 4588 percipere.
1307 4519 1418 4576 liabent
1430 4531 1459 4577 et
1473 4526 1660 4596 Augustinum
1676 4531 1707 4588 in

72 4607 261 4679 aethereoqui
279 4607 368 4662 solem
381 4605 504 4660 vinceret
520 4606 628 4676 fulgore
642 4623 723 4672 noro,
739 4621 774 4660 ne
788 4605 872 4659 indu·
912 4605 1042 4660 omnibns
1065 4606 1280 4662 necessitatibus
1298 4609 1358 4664 suis
1371 4609 1522 4682 benignum
1535 4617 1704 4685 auditorem,

71 4703 112 4751 tos
127 4713 213 4752 amna
226 4695 297 4751 lucis
310 4694 493 4750 tenebrarum
507 4701 624 4767 augeret
637 4694 872 4766 obsidio,pulchre
912 4711 1083 4766 precumque
1101 4711 1134 4749 ac
1158 4685 1360 4752 desideriorum
1374 4699 1517 4770 iustorum
1546 4714 1707 4780 promptum

71 4787 158 4841 etiam
181 4786 312 4841 columna
332 4783 413 4850 lucis,
444 4799 506 4856 quas
534 4785 674 4855 quondam
698 4783 873 4855 precedebat
913 4789 1121 4851 exsecutorem,
1149 4792 1251 4856 praeter
1281 4786 1468 4845 inviolabilem
1496 4795 1619 4852 ecclesie
1650 4815 1708 4855 suas

71 4877 143 4932 filios
164 4875 256 4932 lsrael
276 4877 313 4931 ad
335 4881 440 4931 terram
457 4875 692 4947 repromissionis,
708 4891 793 4946 super
803 4874 873 4929 istos
913 4872 1111 4928 conditionem.
1137 4873 1325 4930 Vehementer
1345 4881 1440 4933 autem
1466 4880 1601 4938 admirari
1617 4888 1710 4943 solent

70 4967 193 5033 refulsit,
210 4966 258 5038 qui
273 4965 309 5020 de
327 4965 447 5038 AEgypto
465 4981 592 5026 erronea,
611 4967 693 5036 juxta
713 4964 757 5019 sui
787 4964 872 5018 inter·
914 4961 1129 5032 Andagarenses
1143 4961 1265 5028 advene,
1280 4963 1384 5036 aliique
1403 4967 1485 5039 hujus
1502 4973 1618 5040 notitiae,
1639 4975 1708 5032 dum

68 5055 272 5126 pretationem,
284 5053 444 5121 tenebrosa,
459 5058 503 5109 tot
516 5061 614 5125 gentes
629 5053 753 5116 eductas,
769 5067 872 5124 prace—
913 5050 1081 5128 apudipsius
1089 5051 1238 5122 Augustini
1248 5055 1421 5124 corporalem
1430 5059 1708 5133 requiemaspicinnt,

69 5145 157 5200 dente
184 5143 250 5200 iidei
277 5144 339 5199 luce
360 5143 472 5199 Christo
495 5143 642 5198 credentes
664 5141 831 5196 inducerent
845 5141 873 5195 in
916 5143 1054 5215 quaslibet
1076 5143 1196 5198 feminas
1221 5159 1309 5214 usquo
1332 5145 1367 5199 ad
1387 5145 1475 5218 ipsius
1492 5149 1595 5204 tumbae
1615 5151 1711 5207 oscula

69 5249 196 5307 regnum
210 5233 348 5289 claritatis
365 5237 512 5289 aeteruum.
532 5231 684 5288 Adnotarit
707 5237 801 5286 autem
820 5231 875 5285 dux
916 5231 1057 5296 accedere,
1078 5236 1108 5286 et
1129 5232 1234 5287 nullam
1256 5249 1381 5305 unquam
1400 5236 1474 5307 apud
1494 5235 1568 5308 ipsos
1588 5238 1711 5297 ecclesiae

106 5429 171 5500 t83)
186 5427 300 5486 litherio
311 5427 470 5486 Arelatensi
484 5427 569 5484 missa
581 5428 727 5555 epistolae
743 5428 771 5484 u.
787 5427 923 5500 Gregorio
935 5433 1026 5484 exstiti
1042 5427 1080 5484 lib
1104 5445 1129 5483 nt
1144 5427 1226 5504 epist.
1242 5425 1287 5488 63.

109 5502 169 5572 (Sit
186 5501 270 5558 Forte
281 5517 353 5573 pons
368 5500 495 5568 Cesaris,
512 5501 574 5556 Gal.
603 5507 664 5555 ’ont
677 5499 711 5554 de
728 5500 775 5556 Cri.
1041 5547 1046 5556 .

200 5600 334 5662 Parnoi.
357 5601 416 5661 Ch.
