3900 6168
245 287 300 358 ses
762 295 791 362 s,
811 298 1007 362 summm
1024 299 1178 365 sessus
1195 293 1364 364 metuo
1667 265 1674 272 ’
1813 288 1860 351 no

247 435 312 480 cum
327 421 468 479 nemimem
483 421 570 480 iidem
589 422 692 480 hebes
713 426 745 482 in
763 429 926 501 pradictum
941 429 1074 496 locumA
1077 431 1186 501 jacebat
1195 437 1227 486 ul
1242 430 1316 486 nihil
1320 431 1432 500 penitus
1440 444 1473 484 ea
1486 429 1601 496 unhqsm
1611 428 1773 484 memineo
1781 440 1859 498 usper-

249 493 325 577 baud
351 495 447 567 paucis
474 493 573 550 diebus
587 513 638 568 pro
658 499 772 569 tuguria
793 501 959 558 fruebantur
970 498 1046 557 nude
1085 509 1159 556 esset.
1178 504 1260 558 titud.
1278 503 1437 557 wilhelmus
1451 500 1488 554 ad
1506 498 1646 554 bertholdi
1659 499 1733 554 dnus
1749 515 1858 568 preesse

249 565 350 620 abiete.
367 567 473 621 Horum
492 573 587 622 autem
604 584 679 623 unus
692 570 844 628 vocabatur
856 573 1046 637 Emestus,vir
1085 572 1276 642 fundamentis
1286 571 1558 639 omninoreparacih
1572 572 1670 638 positis
1680 571 1719 624 ibi
1726 573 1857 634 monachis,

248 634 353 708 probus
361 643 391 691 et
405 637 527 702 curialis,
551 639 578 692 ui
587 639 758 708 jampridem
777 659 808 698 se
826 659 932 716 susque
951 645 1047 700 omnia
1086 646 1185 713 quibus
1197 646 1345 711 liutpernm
1357 644 1481 696 abbatem
1489 642 1620 710 prefecit,
1637 642 1686 708 qui
1697 657 1802 712 gregem
1816 640 1859 696 sibi

246 712 350 789 mosum
361 708 477 791 dederat
484 654 665 778 obelierium
676 728 761 782 quem
771 730 836 769 cum
844 716 903 770 suis
916 715 1046 770 omnibus
1086 715 1278 780 commissum,
1303 719 1334 769 ut
1353 719 1470 768 testatur
1486 714 1592 780 passim
1608 711 1777 775 Trithemius,
1790 711 1859 770 serbo

247 777 338 861 eudem
352 779 413 834 loco
422 796 451 836 sn
466 779 639 850 adjutorium
649 785 847 841 concessimus.
862 787 1046 858 Exstititergc
1087 792 1116 842 et
1130 788 1257 858 exemplo
1276 784 1305 840 in
1320 801 1386 840 veru
1401 781 1652 854 innocentiepevit.
1665 783 1769 851 holcen
1778 801 1859 839 numo

246 849 321 905 idem
346 851 480 906 Eruestsm
498 851 560 906 loco
574 857 603 907 et
623 853 756 911 iratribus
777 857 903 928 provisor
923 863 952 913 et
966 858 1046 930 quasi
1087 861 1132 912 riu
1156 861 1288 913 recolitur
1301 859 1332 912 in
1345 857 1494 923 ‚lenolopio
1508 854 1680 910 benedictino
1693 855 1807 910 bucelini
1825 857 1858 910 die

247 919 335 976 Pater
352 923 502 986 secundus,
522 922 570 994 qui
589 924 624 980 ed
654 927 862 1007 exstirpandam
881 929 991 1012 silvsm3
1010 929 1046 985 sd
1087 925 1225 991 bliartii
1238 929 1287 982 ubi
1298 929 1394 982 obiisse
1407 927 1597 1010 diciturenim
1609 921 1686 981 1095.
1702 925 1860 1008 ldemouctcr

247 993 1048 1144 ttmittunttltltlttlluhtlttltu
1088 997 1858 1135 tctlttttllltttttthtttmtltlh}

247 1133 333 1200 dedit,
355 1141 384 1190 et
404 1136 591 1220 undequaque
605 1147 798 1211 competenter
815 1143 971 1214 acquisivit.
982 1144 1049 1212 Ejus
1088 1144 1155 1196 dicit
1169 1157 1244 1197 anno
1253 1140 1439 1198 rotenorum
1449 1139 1493 1192 die
1502 1139 1619 1192 celebrat
1634 1139 1782 1192 luitoldum
1794 1142 1859 1192 corni-

246 1221 314 1277 ergo
328 1214 532 1280 parentumque
541 1210 715 1280 ipsius,sicut
725 1217 854 1270 etmcam
864 1231 1048 1286 meorumque
1089 1219 1142 1268 lent
1153 1215 1184 1268 cle
1198 1213 1321 1280 lchalm,
1341 1226 1417 1267 anno
1433 1205 1502 1266 1096
1510 1210 1682 1277 defunctum,
1693 1209 1736 1262 sed
1744 1209 1859 1278 &scripu

194 1296 197 1304 ·
245 1278 524 1334 memoriamibidem
534 1280 670 1336 celebrem
680 1282 778 1339 heberi
788 1285 1046 1358 dignumJ'udicavi‚
1089 1289 1126 1354 est
1148 1285 1295 1351 huitolsus.
1320 1282 1475 1349 luitolfum
1499 1296 1531 1334 eu
1545 1281 1642 1334 comite
1657 1280 1811 1334 eunuchum
1830 1296 1857 1334 m

245 1348 404 1422 litterisque
416 1351 534 1406 firmavi.
547 1357 617 1408 ncta
637 1355 771 1410 sunthoec
785 1373 859 1412 enno
873 1358 1046 1429 prescripto.
1087 1357 1148 1411 llah
1171 1356 1336 1425 Septembris
1358 1354 1521 1421 defunctum
1542 1351 1641 1406 laudat
1666 1352 1814 1406 bertholdus
1835 1355 1858 1404 in

245 1417 330 1476 Notat
342 1422 509 1476 Trithesnius
521 1428 621 1490 preter
631 1425 714 1486 leuno,
723 1429 793 1481 alios
807 1431 959 1497 complures
970 1428 1047 1500 prio·
1088 1428 1229 1483 Chronico.

245 1495 350 1546 retusa
367 1493 507 1547 Wilhelmo
516 1495 647 1561 fundatos
656 1497 1045 1568 serisseeeiisquenonnullos
1121 1496 1167 1554 lh.
1182 1497 1295 1554 Sestum
1310 1497 1514 1552 monasterium
1527 1495 1622 1550 heolus
1641 1489 1791 1550 Wilhelmus
1807 1510 1859 1548 eon·

242 1565 335 1630 postea
345 1566 460 1618 evasisse
469 1567 500 1617 in
515 1565 649 1629 abbatias,
661 1569 730 1622 alios
740 1585 802 1624 uero
812 1570 847 1624 ab
861 1571 1044 1638 Hirsaupien·
1084 1571 1191 1624 sinicii
1200 1571 1232 1625 in
1246 1569 1326 1632 uitia,
1339 1569 1466 1622 Wilheim
1477 1568 1562 1632 dicta,
1577 1567 1650 1636 quod
1659 1566 1859 1632 ueriusscrtumr

245 1635 320 1688 sium
339 1635 491 1688 obedientia
504 1638 645 1703 paulatim
655 1639 799 1705 defecisse:
815 1641 889 1696 hunc
904 1657 966 1696 cero
980 1657 1044 1695 cum
1082 1641 1208 1710 pertulit.
1230 1641 1359 1694 Primum
1385 1639 1496 1708 quidem
1515 1636 1720 1708 subprioratus
1741 1637 1812 1690 titulo
1829 1637 1859 1688 ibi

244 1703 783 1776 SchonreinsiindiecesiHerbipolensi,
799 1716 1044 1780 etpreposiluram
1084 1715 1273 1766 constructum
1295 1712 1380 1779 subsc
1399 1726 1431 1764 ea
1457 1709 1609 1764 Trithemio
1630 1709 1667 1762 ad
1686 1723 1787 1762 annum
1804 1704 1858 1762 108³

243 1775 403 1832 hortensem
414 1779 445 1830 in
454 1777 627 1845 lupustana,
638 1780 689 1833 sub
699 1783 1045 1852 immediatallirsaupien·
1055 1788 1075 1850 Β
1084 1783 1225 1847 discimus,
1241 1783 1314 1851 quod
1324 1785 1418 1850 postea
1431 1782 1463 1835 in
1477 1784 1599 1834 montem
1606 1779 1703 1836 Sancti
1711 1780 1779 1833 Petri
1788 1783 1859 1832 trans·

243 1847 998 1922 sisabbatisjartsdictioneachnoscaenoperseoerasse.
1010 1855 1044 1910 lle
1086 1855 1175 1908 mlum
1198 1857 1246 1915 est,
1262 1857 1286 1906 el
1300 1854 1332 1906 in
1352 1852 1467 1907 abbatie
1488 1851 1656 1918 dipnitatem
1678 1855 1805 1910 enectum,¹
1824 1849 1859 1902 ud

243 1915 433 1972 Reiehenbach
443 1921 548 1972 iterum
561 1921 692 1984 dicemus,
705 1923 754 1976 ubi
762 1925 976 1994 deHesunpensi
985 1941 1045 1980 mo-
1084 1925 1245 1994 procedente
1255 1929 1372 1992 tempore
1384 1925 1486 1977 amisso
1495 1919 1612 1977 abbatie
1625 1921 1706 1976 tilulo
1713 1923 1743 1976 in
1754 1923 1858 1990 primum

243 1989 374 2042 bacterio·
1085 1997 1211 2050 ordinem
1226 1995 1378 2055 redactum,
1393 1993 1553 2061 acdenique
1567 1995 1601 2047 in
1618 1991 1794 2061 parochialem
1803 1993 1858 2044 resi·

282 2055 324 2116 10.
341 2059 498 2116 Secundam
513 2065 724 2128 monasterium,
736 2081 754 2120 a
767 2065 842 2122 beato
857 2068 999 2124 Wilhehno
1013 2068 1045 2122 de
1085 2067 1453 2133 dentiamtranssormatum
1465 2065 1533 2131 suit,
1550 2067 1583 2117 ut
1601 2067 1691 2117 monet
1706 2062 1856 2119 ltithemius.

245 2145 313 2184 noco
337 2135 516 2195 eastruclum,
538 2134 643 2188 dicitur
666 2135 763 2192 Sancti
786 2137 902 2207 Georpii,
927 2141 1044 2194 diocesis
1084 2140 1125 2194 sic
1134 2139 1166 2193 de
1180 2154 1211 2192 ea
1226 2139 1294 2192 cella
1307 2137 1344 2190 ad
1365 2151 1476 2190 annum
1499 2131 1568 2190 1085
1590 2136 1722 2204 loquens:
1739 2132 1811 2188 Nunc
1826 2139 1859 2186 est

243 2200 469 2265 Constantianus,
483 2206 513 2257 in
527 2203 706 2274 Silva-Niara
722 2211 816 2263 sitrun.
839 2210 967 2264 Fundam
984 2226 1046 2264 oon·
1085 2207 1252 2280 parochialis
1272 2205 1426 2262 residentis
1444 2205 1475 2260 in
1487 2204 1622 2266 Gilheim,
1634 2201 1795 2260 monasterio
1810 2196 1858 2256 llis·

243 2274 321 2326 cessit
343 2273 446 2335 Herilc,
472 2277 517 2328 cir
540 2276 640 2330 nobilis
661 2282 685 2330 et
707 2279 789 2341 dives,
808 2283 858 2348 qui
879 2282 1044 2335 adhortante
1085 2279 1228 2351 seugieusi
1256 2279 1367 2351 ponitus
1388 2277 1568 2348 incorporata
1592 2281 1624 2331 et
1641 2274 1733 2330 abbati
1745 2273 1857 2345 subjecta.

242 2341 367 2404 llessone,
393 2349 520 2412 sumptus
547 2361 611 2400 oum
631 2349 734 2415 predio
754 2365 804 2404 suc
821 2351 858 2404 ad
881 2353 1044 2406 inonasterii
1084 2353 1138 2420 Qui
1148 2354 1259 2419 primus
1268 2351 1334 2404 huie
1348 2351 1546 2410 monasteriae
1562 2349 1638 2402 beato
1662 2347 1857 2413 Wilhelmopre-

243 2417 474 2469 constructionem
487 2433 513 2469 se
520 2419 713 2484 prestiturum
727 2423 867 2487 pollicitus
881 2423 997 2477 estllem
1011 2425 1043 2477 in
1083 2425 1168 2490 seclus
1189 2423 1256 2489 suit,
1271 2422 1377 2476 dicitur
1398 2421 1532 2474 Adhibero
1542 2418 1621 2487 apud
1639 2418 1758 2472 eumdm
1773 2415 1857 2471 Trithe·

243 2500 270 2538 se
280 2487 395 2552 suscepit
403 2486 571 2548 Wilhelmus,
581 2503 614 2540 ac
627 2495 825 2546 consarcinatis
835 2493 872 2547 ad
886 2496 1043 2561 copularem
1085 2494 1185 2555 mium,
1201 2496 1256 2554 uir,
1272 2497 1303 2546 ut
1312 2493 1384 2546 idem
1398 2495 1496 2544 auctor
1509 2493 1637 2558 tutatur,
1644 2487 1775 2560 regularis
1783 2485 1858 2543 obscr-

243 2555 423 2623 disciplinam
447 2561 607 2612 necessariis
629 2561 760 2628 edificiis,
786 2578 854 2618 storo
877 2566 1043 2618 monasteria
1084 2563 1184 2618 vantiae
1193 2560 1425 2618 studiosissimus.

238 2627 362 2695 prefecit
372 2627 532 2691 henricum,
547 2645 627 2697 quem
638 2633 706 2685 illuc
715 2649 778 2687 eum
786 2635 852 2688 aliis
864 2651 877 2689 e
891 2638 949 2688 suis
963 2637 1045 2688 disci·
1121 2633 1163 2691 15.
1180 2633 1332 2703 Septimum
1350 2634 1466 2702 denique
1480 2635 1691 2694 monasterium,
1707 2625 1856 2701 quodiam

240 2699 318 2766 pulis
327 2697 439 2753 direcit.
457 2699 494 2754 So
508 2701 636 2768 detuncto
650 2704 741 2756 alitam
756 2707 787 2757 in
801 2707 859 2774 ejus
875 2708 964 2760 iocum
978 2707 1044 2758 sub-
1091 2705 1251 2760 Withelmus
1265 2721 1282 2760 a
1297 2705 1490 2772 fundamentis
1510 2706 1627 2758 eremius
1650 2707 1815 2760 memoratur,
1833 2705 1857 2753 in

242 2769 335 2822 stituit
354 2769 515 2824 Wilhelmus
525 2787 534 2833 ,·
545 2787 636 2839 quem,
648 2788 712 2828 cum
723 2777 818 2828 minus
827 2781 892 2830 esset
902 2778 938 2830 ad
948 2791 1044 2830 mona·
1085 2777 1347 2832 Corinthieducutu
1357 2777 1444 2829 silum
1454 2779 1523 2836 erut,
1531 2777 1562 2828 in
1574 2776 1631 2830 iaco
1641 2774 1803 2828 lucendictc.
1811 2771 1858 2825 llus

242 2841 322 2923 sterii
331 2841 454 2907 repimen
464 2842 966 2913 idoneusadllirsaupiamrevocauit.
982 2847 1044 2902 lion
1084 2848 1230 2902 monachos
1244 2847 1387 2902 duodecim
1402 2846 1495 2900 beatus
1509 2845 1765 2920 Pateqlransmisit,
1776 2843 1857 2912 quihu

241 2925 318 2964 emm
333 2926 375 2964 eos
385 2912 484 2979 quibus
498 2915 634 2981 ejusmodi
649 2917 771 2970 locorum
781 2933 877 2972 curam
894 2920 1044 2973 committe-
1089 2919 1250 2974 Wezilonem
1257 2919 1378 2986 probate
1389 2918 1504 2973 uirtutis
1515 2919 1658 2981 eiramis
1672 2914 1858 2970 Francicorien·

241 2979 296 3044 bct,
317 2983 363 3035 vir
384 2988 496 3037 sanctus
515 2998 533 3037 a
552 2999 603 3038 sua
616 2985 768 3042 absolvebat
781 2989 952 3057 sanarum.
965 2991 1043 3057 AEpre
1085 2991 1136 3044 tali
1142 2989 1402 3057 penitnmpresecit,
1412 3003 1493 3056 quem
1501 2987 1564 3042 vitm
1575 2985 1684 3042 meritis
1695 2983 1856 3040 venerabilem

242 3055 336 3106 tamen
350 3055 416 3107 tulit
426 3055 456 3109 id
464 3055 1043 3123 sactumGebhardusdonstanhensiscnti·
1083 3075 1117 3116 ec
1130 3059 1227 3116 multis
1235 3059 1342 3114 clarum
1356 3057 1506 3114 virtutibus
1527 3059 1625 3127 fuisse,
1639 3074 1671 3112 ec
1685 3056 1768 3112 multa
1781 3069 1858 3110 moue·

242 3127 303 3186 stes,
327 3127 378 3191 qui
392 3125 466 3180 hune
485 3127 619 3188 abbatem,
629 3130 700 3182 sicul
713 3134 738 3183 et
753 3133 812 3198 ejus
822 3131 1043 3199 predecessorem
1083 3131 1206 3186 steriein
1220 3131 1277 3186 illis
1291 3129 1440 3202 provinciis
1449 3145 1521 3200 pene
1529 3129 1655 3201 collapsa
1663 3129 1819 3184 instaurasse
1832 3139 1857 3178 cc

241 3196 359 3249 sohmni
372 3198 431 3248 ritu
446 3197 638 3252 benediceret:
654 3199 726 3252 unde
737 3203 850 3255 tertium
860 3205 992 3256 ordinare
1001 3216 1043 3255 re-
1053 3189 1251 3258 Cruiormasse
1265 3202 1362 3255 scribit
1370 3200 1639 3256 Trithensius.l²crrc
1647 3217 1678 3254 es
1684 3195 1719 3254 iis
1727 3196 1854 3256 rnoruchiu

242 3267 316 3324 nuit,
328 3267 385 3319 nisi
390 3269 472 3335 prius
482 3283 545 3321 eunt
554 3284 573 3321 a
582 3284 634 3322 sua
647 3270 798 3326 obedientia
809 3273 928 3326 liberum
943 3274 1042 3340 sacerd
1083 3275 1134 3342 qui
1147 3289 1211 3328 crem
1232 3274 1364 3327 Weeilone
1379 3275 1410 3326 in
1427 3271 1608 3326 Corinthiam
1621 3271 1790 3330 aduenerant,
1804 3267 1854 3324 luo.

248 3336 418 3391 Wilhelmus.
435 3339 461 3391 Is
483 3339 539 3405 [uit
562 3345 674 3394 sendus
701 3341 859 3410 Theoperus,
875 3361 908 3397 ee
922 3344 1044 3398 llirsau-
1083 3345 1240 3412 Sipescinus
1262 3345 1366 3396 scilicet
1389 3346 1415 3396 et
1435 3341 1618 3406 Gaudentius,
1635 3345 1667 3396 ln
1680 3342 1780 3396 abbates
1794 3337 1855 3391 electi

241 3407 1043 3481 piensimonasteriopariterassumptus,quipostuipintict
1085 3417 1171 3482 suere,
1185 3417 1267 3483 prior
1280 3416 1488 3469 inmonasterio
1503 3413 1593 3466 Rosea
1608 3428 1694 3484 prope
1716 3407 1854 3482 Aquileiam

241 3478 374 3543 octo(alio
385 3480 416 3532 in
424 3480 480 3532 loco
493 3481 660 3535 Trithernius
671 3484 789 3548 lrs'pinta
798 3485 886 3552 habet)
898 3487 1043 3553 repiminis
1084 3485 1115 3540 iu
1130 3485 1286 3550 Sclevonia,
1297 3487 1389 3553 inquit
1399 3485 1578 3544 l'rithemius,
1594 3487 1668 3538 alter
1677 3498 1736 3538 uero
1745 3487 1773 3536 in
1785 3483 1855 3534 attero

241 3561 340 3610 annos,
353 3549 821 3618 licitensiumepiscopusordinatus
831 3559 877 3609 cst.
895 3557 946 3610 llic
955 3557 1046 3609 sancti
1085 3559 1262 3620 monasterio,
1277 3559 1357 3624 cujus
1368 3571 1467 3608 nomen
1477 3557 1582 3610 reticet.
1601 3555 1697 3608 Verum
1709 3554 1736 3608 id
1746 3563 1856 3621 mesum

242 3617 351 3686 Georpii
365 3623 566 3674 monasterium
580 3624 702 3676 multum
712 3625 874 3686 illustravit,
886 3631 910 3678 et
920 3629 978 3679 alia
990 3641 1045 3680 mo·
1081 3631 1195 3695 pseranl
1204 3629 1302 3694 absque
1311 3627 1417 3679 abbatis
1426 3623 1854 3693 dissonuiemlsssniaundscoa·

241 3689 398 3744 nocherum
411 3704 444 3743 ac
457 3693 703 3746 sanctimonalium
713 3695 1041 3762 edificavitmonasteria,
1085 3700 1168 3752 rnuni
1178 3695 1854 3765 Hirsaupiensluminonachururndecretostetulum

242 3761 283 3814 ita
298 3764 329 3814 ut
343 3763 508 3815 animarum
522 3774 574 3815 occ
589 3767 646 3817 tom
660 3767 786 3819 uirorum
796 3781 881 3834 quam
891 3769 1044 3821 mulierum
1084 3774 1122 3823 est
1149 3775 1181 3824 ut
1201 3771 1317 3824 nomina
1344 3783 1440 3821 eorum
1462 3783 1495 3821 cc
1513 3773 1614 3824 sancto
1627 3765 1740 3836 collegio
1755 3763 1853 3818 fratrum

241 3843 341 3884 curum
363 3831 489 3886 imbuisse
508 3833 627 3886 dicatur.
641 3835 677 3888 lle
697 3851 726 3889 ec
744 3851 865 3903 apemus,
882 3839 935 3892 lleo
949 3839 1040 3896 dante,
1083 3840 1294 3900 abraderentur,
1312 3853 1360 3892 nec
1389 3839 1557 3892 habe-rentur
1575 3853 1701 3906 unquam
1720 3835 1788 3903 apud
1803 3831 1854 3885 llic·

240 3899 344 3958 Seculo
357 3905 490 3970 sequenti.
501 3904 702 3960 Monaslerium
712 3906 809 3962 Sancti
823 3909 931 3976 Georpii
939 3911 1043 3962 inuasit
1083 3912 1239 3978 scanienses
1253 3925 1303 3977 pro
1317 3909 1470 3963 abbatibus.
1483 3909 1542 3975 Oua
1555 3909 1589 3962 de
1604 3924 1633 3963 re
1647 3901 1854 3975 compunclusSi·

242 3986 299 4026 non
320 3974 360 4026 ita
372 3973 482 4041 pridem
495 3974 554 4028 dua
572 3975 804 4045 Wiiemberpensis
818 3980 1001 4039 lutheranus,
1018 3985 1042 4033 et
1081 3983 1206 4049 pensitans
1222 3981 1404 4048 Hirsaupiam
1419 3981 1512 4040 rediit,
1539 3982 1564 4032 et
1579 3981 1717 4048 resipnato
1730 3978 1758 4030 in
1772 3985 1854 4028 manus

240 4043 371 4098 monachi
397 4059 461 4098 cum
489 4045 584 4100 abbate
597 4049 964 4118 aliotransmiprarecoacti
980 4050 1043 4104 Wil·
1083 4051 1227 4114 Gebhardi,
1242 4043 1855 4120 quijamsanctoWilhelmosuccesserat‚abbu-
1903 4055 1907 4065 ’

242 4115 349 4182 lincam
363 4121 537 4178 secesserunt,
555 4117 645 4185 ibique
660 4119 790 4174 hactenus
802 4126 985 4188 perseverant.
1084 4126 1119 4177 tis
1144 4124 1235 4184 titulo,
1251 4125 1362 4175 sreniam
1376 4122 1533 4190 postulauit,
1555 4126 1581 4174 et
1600 4121 1712 4189 jubente
1734 4112 1852 4192 &thordo

276 4183 319 4242 tt.
336 4187 457 4241 Tertium
468 4192 677 4252 monasterium,
690 4192 762 4258 quod
772 4207 791 4244 a
806 4193 880 4246 beato
901 4192 1042 4246 Wiihelmo
1083 4195 1211 4247 omnium
1226 4194 1344 4246 ultimus
1353 4194 1385 4245 in
1394 4193 1604 4259 scirpi-epatium
1613 4193 1689 4246 sedit.
1697 4187 1745 4244 Sed
1753 4189 1777 4240 ei
1783 4197 1853 4254 puat-

240 4261 430 4312 conslructum
443 4275 497 4312 esse
512 4265 666 4314 cremarunt
688 4261 749 4315 Vite
766 4267 864 4316 auctor
887 4266 911 4317 et
934 4262 1042 4316 l'rithe·
1084 4267 1152 4317 tenti
1161 4263 1325 4319 idemabbas
1336 4267 1429 4330 postea
1443 4265 1597 4316 nonsolum
1606 4257 1853 4330 penitentiamrela-

238 4329 323 4390 mius,
335 4330 423 4383 silum
437 4334 498 4383 erat
512 4331 544 4384 in
558 4331 687 4392 bavaria,
702 4333 752 4386 sub
767 4333 839 4387 beati
852 4334 973 4387 Martini
991 4333 1042 4386 Tu·
1081 4337 1169 4395 eavit,
1197 4335 1396 4388 verumetiam
1418 4335 1450 4386 in
1470 4333 1725 4401 abbatisdipnilale
1747 4327 1852 4382 restituto

240 4401 367 4453 ronensis
390 4403 525 4454 antistitis
547 4405 702 4468 patrocinio
726 4404 888 4469 nunciatum,
906 4419 953 4458 nec
966 4403 998 4456 dc
1012 4419 1041 4457 eo
1081 4405 1214 4460 hosarum
1222 4405 1313 4459 redire
1321 4405 1459 4471 permisit.
1470 4405 1531 4458 llere
1543 4403 1576 4456 de
1591 4397 1851 4458 monasteriisabcutc

235 4469 324 4536 plura
339 4469 438 4524 habent
451 4472 498 4524 illi
511 4476 644 4534 auctores,
657 4475 715 4526 nisi
728 4475 800 4541 quod
814 4477 882 4528 illuc
897 4475 1042 4528 beatusoir
1087 4476 1229 4530 Wiihelmo
1242 4477 1396 4530 eastruclis.

240 4542 428 4594 transmiserit
440 4542 565 4596 abbatem
579 4548 604 4596 et
617 4546 724 4612 aliquot
740 4546 886 4599 monachos
909 4547 940 4599 in
963 4541 1074 4611 repa-D
1123 4545 1162 4601 16.
1174 4547 1226 4602 Sed
1237 4551 1337 4614 preter
1351 4547 1403 4598 itia
1424 4545 1593 4598 Viteauclor
1616 4546 1672 4598 tria
1685 4544 1740 4597 alib
1756 4547 1851 4592 mman-

240 4609 299 4662 lari
311 4609 460 4678 disciplina
473 4613 688 4679 probatissimos.
1083 4623 1247 4685 ineratque
1260 4617 1333 4670 idem
1347 4620 1459 4670 sanctus
1467 4629 1534 4682 pene
1542 4617 1607 4682 jam
1621 4615 1754 4668 destructa
1764 4612 1852 4662 sulae·

278 4677 318 4736 ti.
341 4682 479 4748 Quartum
504 4685 593 4736 locum
610 4685 711 4739 obtinet
725 4689 925 4741 monasterium
946 4686 1043 4742 Sancti
1082 4690 1166 4742 cauit.
1181 4687 1376 4743 Schellusense
1390 4689 1501 4750 scilieet,
1509 4685 1696 4740 petershusen
1705 4689 1727 4736 et
1738 4681 1852 4760 campr-

238 4752 318 4806 Petri
331 4751 531 4819 Erphordiense
546 4757 576 4808 in
590 4755 956 4826 Thurinpia,cujuscurarn
971 4775 1042 4811 com·
1081 4760 1230 4830 gemelle
1249 4758 1443 4824 Schaffusensi,
1462 4759 1510 4809 cul
1529 4757 1698 4824 Slpesridum
1720 4746 1852 4824 petentibus

238 4821 378 4876 mendacii
400 4823 718 4889 Wilhelmusdiselberto,
729 4831 780 4896 qui
793 4845 825 4882 ea
836 4829 967 4882 rrtonochc
977 4830 1041 4883 Hir·
1084 4813 1851 4896 locimonochisprefecitplnradieirnuscdannum107?

236 4895 447 4962 soupieruijam
460 4899 713 4964 lunciemporis,ul
728 4899 1041 4966 dicemusinlrambbas
1081 4903 1218 4954 occasione
1231 4899 1497 4967 libehardiejusdem
1514 4899 1565 4952 laci
1578 4914 1611 4952 cc
1624 4898 1719 4952 comite
1731 4886 1849 4946 cuneda.

238 4967 299 5018 erat
313 4965 615 5022 heinharebronnensis
637 4971 724 5022 cicini
747 4973 919 5024 monasterii.
943 4971 1040 5024 Verum
1081 4971 1267 5031 Petershusen,
1279 4985 1325 5023 seu
1338 4971 1431 5037 potius
1445 4969 1665 5036 Petroburpense,
1681 4967 1709 5020 id
1721 4967 1757 5018 est
1768 4963 1850 5013 domus

233 5039 296 5104 post
311 5035 382 5089 beati
395 5035 502 5090 abbatis
516 5044 641 5098 mortem.
655 5039 812 5094 Gebhardus
825 5043 884 5107 eius
893 5056 1038 5104 successor,
1081 5043 1165 5102 Petri,
1182 5041 1348 5096 corsdilorcm
1364 5039 1460 5093 habuit
1474 5041 1570 5092 seculo
1585 5039 1687 5094 decima
1702 5029 1851 5106 Gebhardum

235 5121 312 5160 anno
326 5109 373 5161 sui
386 5109 530 5173 sepiminis
541 5125 577 5172 ru,
586 5111 655 5164 illuc
665 5112 811 5165 inonachus
825 5111 968 5164 duodecim
976 5125 1040 5166 cum
1082 5112 1317 5166 domiantiensem
1325 5113 1489 5178 episcopum,
1501 5113 1533 5163 ul
1546 5109 1670 5164 dicimus
1680 5103 1849 5172 ineiuselopw

235 5177 499 5247 sarcinarumque
509 5182 547 5233 eis
558 5183 680 5248 prefecit
686 5182 820 5243 abbatem,
828 5183 1041 5236 direcit.hiultis
1081 5175 1554 5251 Seculasuperioriadannumllilb,
1564 5180 1613 5234 nbi
1619 5177 1739 5247 piurude
1748 5169 1849 5253 ejusdcm

234 5263 298 5304 uero
312 5251 485 5317 arcumentis
492 5252 591 5318 probat
603 5252 771 5306 Trithemius
782 5254 830 5306 hoc
839 5256 1040 5306 monasterium
1080 5256 1244 5308 monasterii
1257 5251 1422 5321 [undatione
1437 5251 1582 5310 habentur,
1595 5266 1653 5316 que
1663 5249 1705 5301 hic
1719 5260 1769 5298 non
1777 5239 1847 5308 Juvat

234 5335 292 5374 non
306 5321 392 5387 fuisse
413 5321 554 5376 Wilhelmo
577 5325 733 5390 antiquius,
759 5324 832 5391 quod
851 5339 901 5376 suo
921 5329 1038 5391 tempore
1080 5329 1205 5392 repetere.
1219 5325 1372 5392 Hujusloci
1385 5322 1495 5376 obbasa
1511 5309 1848 5390 Wilhelmoccnslitutrnesl

234 5393 370 5447 nonnulli
391 5393 482 5459 ipsum
505 5408 523 5446 a
541 5393 691 5461 llopobertc
714 5409 774 5462 repe
797 5395 939 5448 conditum
953 5396 1038 5462 [uisse
1079 5396 1216 5450 llielricus
1230 5411 1276 5448 seu
1299 5393 1484 5453 Theodericus,
1503 5396 1586 5446 cretea
1604 5393 1682 5460 prior
1704 5387 1847 5469 hircanum·

232 5463 434 5518 contenderint·
699 5521 703 5530 ,
1078 5465 1172 5521 Situm
1185 5471 1223 5520 est
1233 5466 1281 5519 hac
1297 5461 1662 5518 monasteriuminSueuiae
1672 5469 1772 5524 cepione
1782 5449 1846 5503 urbis

272 5531 314 5589 lb.
323 5535 460 5602 Quintum
471 5538 673 5590 monasterium
683 5536 734 5590 sub
748 5537 830 5589 beate
843 5536 939 5590 llarie
945 5541 1038 5602 patro·
1081 5538 1255 5598 constantis,
1277 5538 1315 5589 eis
1326 5539 1438 5602 pontem
1448 5533 1543 5594 liheni,
1555 5534 1586 5586 in
1596 5533 1703 5586 deehra
1717 5522 1846 5594 rjuselactt

233 5604 308 5657 cinio
318 5604 636 5674 achonitam-Aquam,
648 5609 746 5675 tinpua
760 5605 1038 5661 TheutonicaZwilel·
1077 5601 1195 5661 heronio
1208 5607 1370 5675 prodeuntis
1385 5607 1457 5671 ripa.
1479 5605 1637 5671 Variasejus
1651 5599 1734 5654 eludes
1747 5588 1846 5648 remnsel

232 5677 283 5728 ten
296 5675 506 5735 dicitur,silum
516 5679 549 5730 in
563 5677 673 5738 Sueuiu,
687 5677 805 5732 diocesis
819 5679 1037 5734 Constantiensis
1077 5671 1230 5745 Stenpetius
1243 5680 1275 5731 ia
1288 5675 1536 5742 Monosteriolupio,
1558 5673 1685 5740 hodieque
1702 5665 1749 5751 sul
1768 5663 1845 5716 nostro

232 5757 314 5812 prupe
328 5745 500 5810 danubium,
517 5750 549 5800 ut
558 5752 649 5806 neonet
660 5747 830 5803 bertholdus.
843 5749 898 5804 Hae
908 5750 1022 5804 uetustio
1078 5749 1175 5802 ordine
1188 5749 1288 5803 celebre
1304 5747 1439 5801 subsistit.
1449 5745 1570 5813 Denique
1584 5745 1771 5798 monasterium
1780 5731 1845 5809 Gam-

244 5815 413 5885 'cmquidem
423 5815 1037 5888 habuilosipimm,sedilalunchestructum
1075 5801 1842 5888 percenseannolblbccnstrnicoepiteburchardowmlll
