3986 6184
227 239 278 302 135
483 281 490 292 .
715 229 748 285 B.
768 223 975 286 murmur
994 223 1175 285 mnenon.
1194 223 1363 285 enorme.
1797 229 1851 289 136

225 372 293 424 εεει
309 361 421 437 cognati
430 359 487 417 mei
500 355 655 414 secundum
665 353 789 420 carnem,
801 351 923 425 quisunt
931 350 1075 417 israelite,
1085 365 1206 422 quorum
1218 350 1331 423 adoptio
1342 350 1525 418 estillicrum,
1535 351 1610 406 idest
1622 353 1672 421 qut
1684 351 1852 422 ertcdoptcti

225 460 292 510 sunt
307 457 339 508 in
351 447 497 522 tilicaetl.
512 445 611 518 gloria,
624 449 653 500 et
663 446 907 508 testamentum,et
914 439 1063 512 legislatio,
1071 446 1100 495 et
1108 439 1273 512 obsequium
1280 445 1309 494 et
1317 440 1470 512 promissa:
1480 455 1599 512 quorum
1607 444 1743 512 patres,et
1750 440 1853 511 exqui-

225 545 279 600 bus
294 546 337 599 εει
351 534 642 598 Christussecundum
662 547 786 595 carnem,
803 529 852 601 qui
872 534 1017 602 estsuper
1033 529 1129 584 omnia
1150 529 1225 584 Deus
1240 528 1402 585 benedictus
1420 531 1450 586 in
1464 529 1575 586 seculo.
1589 529 1690 584 Amen.
1706 529 1769 584 Nou
1780 529 1807 594 5,
1824 528 1852 584 6.

226 637 322 688 eutem
337 629 412 702 qnod
426 624 559 684 exciderit
569 623 686 680 verbum
699 619 760 676 Dei.
776 620 840 674 Non
850 617 926 672 enim
937 633 1036 672 omnes
1048 616 1096 690 qui
1110 617 1238 673 exlsrael
1252 621 1328 685 sunt,
1339 621 1442 673 scilicet
1455 619 1607 674 secundum
1622 633 1745 684 curnem,
1755 616 1776 671 ii
1786 622 1854 672 sunt

226 719 251 776 7.
269 717 414 782 israelites,
430 730 523 786 neque
537 711 586 784 qui
600 725 697 766 semen
711 707 913 772 snntAbrahae,
928 703 956 762 8.
968 721 1066 760 omnes
1076 705 1137 770 filii,
1146 709 1249 761 scilicet
1258 707 1409 760 secundum
1419 721 1532 761 carnem
1542 724 1551 772 ;
1560 703 1585 762 9.
1596 705 1683 761 sedin
1692 706 1855 762 isaacroea·

226 809 303 865 bitur
316 805 368 862 tibi
382 820 488 870 semen,
499 803 602 857 scilicet
611 799 788 863 hereditatis,
802 795 896 862 idest,
911 811 968 850 non
984 794 1033 866 qui
1047 794 1099 849 tilii
1113 793 1215 860 carnis,
1232 794 1262 848 hi
1273 793 1325 848 tilii
1339 793 1408 862 Dei;
1424 793 1472 849 sed
1488 794 1537 866 qui
1551 793 1601 848 filii
1615 793 1854 866 suutpromissio-

225 897 280 961 uls,
295 894 472 952 aestimantur
483 891 514 945 in
522 888 642 956 semine,
656 887 760 940 scilicet
773 885 927 954 spirituali,
940 885 970 937 id
983 887 1031 948 cst,
1047 885 1142 951 quoles
1151 883 1317 952 promisisti,
1336 887 1404 937 runt
1421 885 1496 952 justi
1509 883 1642 938 uidelicet.
1657 882 1855 938 Promissionis

225 987 300 1042 euim
309 983 426 1040 verbum
440 981 493 1035 boc
503 983 564 1046 est,
580 974 734 1032 secuudum
748 974 802 1028 hoe
814 977 927 1043 tempus
936 972 1032 1039 sotori
1044 973 1127 1038 cnei,
1137 971 1187 1025 boc
1200 971 1244 1025 dic
1258 970 1378 1036 reniam,
1391 970 1484 1027 eterit
1497 971 1574 1026 Sene
1585 971 1671 1026 filius.
1685 971 1726 1029 ill.
1736 971 1855 1028 Nonso·

224 1076 283 1131 lum
298 1077 395 1130 autem
410 1071 468 1138 illo,
486 1067 529 1136 11,
542 1066 584 1125 li.
599 1065 648 1121 sed
663 1065 758 1128 etlltoc
770 1063 866 1133 proten
876 1065 944 1132 quia
959 1074 1016 1114 non
1030 1074 1123 1113 omnes
1137 1060 1193 1127 filii
1204 1061 1372 1129 cursitantis·
1381 1064 1448 1115 mut
1457 1061 1514 1128 Det]
1530 1059 1658 1115 Rebecca
1672 1076 1705 1115 ex
1719 1075 1776 1116 uno
1786 1077 1855 1116 con-

224 1159 321 1217 cubitu
336 1156 453 1223 habens,
469 1155 548 1209 Isaac
563 1149 652 1223 putris
674 1147 774 1204 nostri.
797 1146 956 1203 cumcuim
968 1146 1096 1202 nondum
1105 1147 1165 1201 nati
1180 1145 1309 1214 fuissent,
1325 1151 1375 1202 aut
1388 1147 1495 1219 aliquid
1506 1145 1572 1202 boni
1583 1147 1707 1220 egissent
1717 1155 1767 1204 aut
1776 1149 1855 1215 mab,

227 1250 269 1321 (ει
278 1245 433 1302 secundum
447 1241 623 1305 electionem,
630 1240 661 1293 id
669 1243 707 1293 ert
717 1239 852 1305 oratiam,
861 1233 1035 1308 propositum
1045 1243 1106 1303 ²8
1117 1235 1167 1291 Dei
1179 1241 1316 1302 maneret,
1326 1240 1500 1306 propositum
1508 1236 1559 1291 ilci
1564 1238 1622 1305 fnit
1634 1239 1716 1293 Jacob
1723 1240 1856 1307 preferre

225 1332 551 1403 transreninarum
566 1325 754 1399 exoperibus,
768 1325 818 1380 sed
831 1341 864 1380 ex
878 1330 1004 1391 vocante,
1021 1326 1051 1378 id
1066 1329 1104 1379 est
1123 1341 1155 1379 cc
1167 1328 1262 1394 gratio
1276 1328 1408 1391 uocantis,
1424 1324 1531 1380 dictum
1546 1330 1590 1381 εει
1603 1325 1630 1381 ei
1646 1344 1653 1380 ι
1669 1327 1743 1391 Quia
1764 1327 1857 1398 major

225 1423 327 1480 serviet
341 1418 453 1488 minori,
469 1415 687 1488 sicutseriptum
702 1418 763 1469 est:
778 1413 864 1470 Jacob
876 1413 970 1481 dilexi,
984 1415 1057 1470 Fsau
1071 1418 1165 1469 eutem
1181 1413 1245 1469 odio
1255 1413 1351 1470 habui.
1361 1415 1416 1470 Hoe
1426 1417 1615 1470 testimonium
1629 1420 1668 1470 eet
1677 1417 1858 1472 enucleante

222 1513 367 1584 propheto,
377 1527 439 1581 cap.
456 1523 477 1563 1.
488 1506 562 1572 Quid
577 1521 643 1576 ergo
660 1500 859 1570 dicemustlt,
869 1501 1193 1576 ll.Nunquidiniquitas
1201 1503 1276 1574 apud
1286 1500 1398 1559 Deum?
1412 1501 1559 1558 Absltllb.
1577 1501 1668 1575 Moysi
1677 1503 1753 1559 enim
1763 1503 1831 1558 dicit
1846 1519 1855 1558 ε

228 1599 271 1658 16.
286 1597 450 1665 Miserebor,
466 1596 547 1667 cujus
560 1593 711 1660 misereor;
725 1595 755 1646 et
766 1581 995 1648 misericordiam
1002 1590 1151 1664 praestabo,
1167 1593 1248 1662 cujus
1263 1589 1428 1646 miserebor.
1442 1589 1536 1662 Igitur
1549 1605 1608 1646 nou
1618 1590 1747 1658 volentis,
1760 1607 1855 1663 neque

225 1795 331 1853 iridicat
347 1811 398 1867 pro
413 1790 546 1848 iratribus
561 1789 634 1857 suis,
647 1803 767 1861 quorum
780 1785 871 1858 legem
881 1785 912 1841 in
925 1785 1128 1858 predi-Asnnt
1149 1785 1240 1854 electi,
1262 1785 1311 1840 alii
1331 1785 1462 1857 reprobi;
1481 1801 1548 1841 nam
1562 1801 1654 1858 neque
1678 1801 1712 1842 ex
1728 1787 1860 1860 operibus

209 1887 210 1892 ’
226 1885 336 1941 cellone
350 1881 493 1953 Evangelii
511 1879 657 1934 destruere
670 1875 826 1932 ridebatur.
1063 1875 1162 1946 petris,
1178 1874 1346 1943 autmstris,
1358 1874 1425 1947 quia
1439 1891 1471 1930 ex
1485 1891 1542 1930 uno
1555 1873 1705 1930 concubitu
1729 1882 1814 1945 suut;
1830 1883 1862 1932 et

260 1972 289 2032 1.
307 1974 429 2029 Αεεεετ.
447 1970 494 2040 (ex
507 1966 556 2023 lib.
581 1980 622 2022 xrr
644 1969 716 2019 cont.
743 1964 820 2032 sans.
847 1963 1022 2018 Manicheum
1063 1962 1275 2035 suisnon,quia
1289 1963 1415 2018 nondum
1430 1963 1536 2035 aliquid
1549 1965 1684 2035 fecerant,
1706 1965 1773 2038 quia
1799 1965 1861 2020 nati

226 2079 287 2134 cap.
304 2059 331 2128 3,
342 2059 371 2114 in
383 2056 475 2124 med.)
485 2057 517 2112 lit
526 2056 628 2124 gloria.
639 2052 673 2108 Et
682 2051 956 2124 quaegloriaeorum,
967 2051 1023 2107 nisi
1063 2066 1121 2106 non
1134 2055 1225 2107 erant.

226 2150 365 2224 precipue
378 2147 429 2202 illa
447 2144 513 2217 quia
536 2141 642 2198 credita
666 2145 734 2196 suut
756 2140 812 2196 illis
838 2141 950 2212 eloquia
959 2141 1022 2197 Dei.
1098 2137 1281 2197 linconen.
1296 2140 1385 2211 (epist.
1405 2139 1456 2197 105
1477 2142 1515 2195 od
1534 2141 1648 2198 Statum
1661 2144 1794 2212 presbyt..
1807 2141 1863 2198 sub

226 2241 290 2296 Janu
309 2252 374 2292 vero
393 2236 562 2290 testamento
586 2245 636 2286 eur
659 2229 730 2284 dixit
744 2229 780 2284 sd
794 2229 937 2285 Israelitas
956 2227 1021 2304 [cl.‚
1063 2228 1159 2294 ssnem,
1174 2226 1778 2304 tom.lI)Scdctliebeccu.Quopertinet[cl.,
1794 2247 1863 2302 per-

225 2327 366 2401 praeeipue
379 2319 544 2398 pertinere],
564 2319 619 2376 nisi
637 2319 706 2392 quia
718 2324 747 2374 et
759 2318 846 2374 Vetus
860 2318 1023 2374 Testamen·
1063 2315 1160 2387 tinuit]
1175 2321 1208 2371 ει
1220 2315 1337 2371 abderet
1346 2332 1379 2371 ex
1393 2331 1450 2372 uno
1463 2315 1624 2382 concubitu,
1634 2317 1688 2374 nisi
1702 2323 1734 2374 ut
1747 2335 1803 2374 non
1814 2337 1863 2375 so-

226 2423 288 2474 tum
310 2414 367 2472 illis
380 2417 423 2470 est
436 2413 544 2479 domm,
563 2416 593 2465 ει
614 2409 724 2464 Novum
751 2407 782 2463 in
794 2408 896 2464 Vetere
921 2407 1024 2478 ligura·
1063 2405 1124 2460 lum
1136 2405 1171 2460 de
1190 2405 1257 2472 suis,
1266 2419 1358 2476 neque
1367 2405 1402 2460 de
1412 2410 1561 2477 parentum
1568 2405 1687 2474 meritis,
1697 2407 1746 2463 sed
1760 2425 1813 2464 nec
1825 2409 1864 2464 de

226 2503 313 2562 gum?
1064 2493 1164 2565 ipsius,
1180 2493 1209 2549 id
1224 2499 1275 2560 est,
1288 2493 1372 2549 unius
1383 2494 1472 2566 petris
1487 2499 1596 2550 mutata
1621 2496 1693 2552 forte
1710 2495 1741 2552 iu
1759 2496 1864 2552 melius

262 2593 290 2648 5.
301 2593 407 2648 annn
418 2591 580 2645 Nonoutcm
590 2586 662 2656 quod
675 2585 815 2641 ceciderit.
831 2584 966 2656 Superius
980 2582 1024 2639 di·
1064 2583 1208 2638 voluntate
1231 2583 1369 2653 glorietur
1382 2582 1443 2655 [cl.‚
1459 2582 1641 2658 gloriaretur]
1657 2584 1742 2640 Jacob
1765 2584 1864 2640 dicens

227 2681 269 2737 xit
278 2679 346 2752 quia
356 2676 494 2751 promissa
502 2680 613 2732 aeteruae
623 2672 795 2729 hereditatis
805 2674 879 2728 iacta
894 2676 959 2728 suut
973 2673 1024 2727 lu·
1064 2670 1128 2726 idco
1142 2676 1296 2726 acrostore
1306 2687 1336 2726 se
1350 2670 1494 2740 dilectum,
1508 2673 1574 2744 quia
1582 2677 1663 2744 pater
1675 2675 1737 2744 ejus
1748 2674 1864 2745 quando

228 2769 306 2826 deis.
323 2767 378 2823 Sed
392 2765 459 2838 quia
471 2762 561 2820 ludaei
572 2777 676 2833 megnn
689 2778 723 2816 ex
742 2765 822 2834 parte
841 2761 953 2816 Christo
967 2776 1025 2816 uon
1065 2777 1128 2816 eum
1143 2759 1292 2816 seminarit
1304 2758 1643 2817 melioribuslaudabilior
1655 2761 1781 2818 moribus
1789 2761 1865 2818 fuit?

227 2855 416 2920 crediderunt,
428 2850 576 2906 ridebatur
584 2848 700 2905 uerbum
707 2849 758 2905 Dei
766 2864 822 2904 non
834 2865 895 2904 esse
904 2849 1024 2920 comple-
1064 2849 1104 2903 Ex
1117 2847 1445 2920 uno,inqnit,concubitu
1454 2847 1507 2904 luit
1515 2851 1719 2906 uuumtuncad
1727 2851 1864 2908 eossemi·

226 2952 300 3001 tum.
318 2942 363 2998 Ad
380 2943 433 2996 hoc
447 2939 599 3012 respondet
622 2956 628 2991 :
646 2939 710 2993 Non
727 2941 822 2992 autem
841 2936 943 2992 excidit
964 2952 1024 2991 ree
1064 2937 1863 3013 nandosmeritumpatris,unun1adconcupisceudos[ol.

228 3034 295 3090 bum
308 3031 370 3088 Dei.
384 3029 508 3085 Verbum
528 3026 581 3084 Dei
594 3024 731 3093 excidere,
759 3025 803 3082 rel
822 3025 955 3081 excedere
969 3029 1021 3092 est,
1064 3023 1272 3099 concipiendos]
1289 3025 1388 3081 matris
1398 3025 1531 3082 meritum
1545 3048 1553 3096 ς
1567 3031 1597 3082 ει
1609 3042 1674 3083 cum
1688 3027 1788 3084 eodem
1798 3029 1865 3099 [cl.‚

228 3139 284 3178 uon
293 3119 411 3192 implere
422 3116 571 3190 promissa.
1032 3109 1098 3170 Bex
1108 3113 1218 3185 eodem]
1224 3119 1314 3185 patre,
1330 3114 1427 3169 cadem
1435 3119 1535 3182 matre,
1552 3131 1609 3172 uno
1622 3115 1773 3173 concubitu
1785 3121 1865 3172 aute-
1970 3177 1981 3190 .

262 3209 291 3265 6.
305 3209 428 3264 Annum.
444 3205 581 3274 Nunqnid
592 3203 724 3257 ceciderit
738 3203 852 3256 verbum
873 3203 928 3256 Dei.
948 3201 1024 3267 Quo·
1066 3217 1150 3274 quam
1161 3201 1267 3274 aliquid
1279 3202 1403 3274 egissent
1415 3201 1482 3258 boui
1495 3208 1546 3258 aut
1559 3204 1637 3272 mali,
1653 3205 1773 3260 alterum
1787 3204 1865 3261 Deus

229 3298 307 3353 niam
321 3297 431 3351 dixerat
439 3293 565 3348 dolorem
580 3289 684 3344 habere
698 3305 729 3344 se
742 3289 835 3344 cordis
848 3289 1023 3356 continuum,
1065 3289 1162 3361 elegit,
1176 3290 1296 3345 alterurn
1316 3290 1384 3345 odit.
1401 3290 1544 3362 Intelliget
1555 3291 1641 3347 laceb
1656 3309 1688 3348 ex
1707 3293 1756 3348 illa
1768 3309 1866 3348 massa

228 3401 315 3442 cause
334 3379 540 3438 incredulitatis
563 3392 689 3443 eorum;
722 3392 797 3432 nunc
828 3377 1026 3432 consolabatur
1065 3377 1224 3449 iniquitatis
1235 3378 1388 3451 originalis,
1404 3378 1453 3435 ubi
1465 3379 1593 3448 fratrem,
1606 3397 1670 3437 eum
1695 3398 1750 3453 quo
1764 3381 1866 3437 habuit

229 3490 260 3530 se
260 3511 340 3544 .......
357 3470 432 3527 enim
445 3469 508 3539 lege
516 3465 634 3534 invenit,
649 3463 716 3538 quia
737 3481 794 3521 uon
818 3465 976 3537 omnesqui
992 3481 1025 3520 cx
1065 3483 1176 3522 ornnem
1192 3483 1314 3534 musam,
1331 3467 1407 3523 ridet
1417 3483 1469 3541 per
1476 3468 1619 3538 justitiam
1628 3469 1765 3526 meruisse
1785 3470 1866 3524 dnm·

229 3562 317 3618 lsrael
328 3560 373 3616 rel
386 3557 529 3614 Abraham
543 3561 610 3611 sunt
622 3553 767 3610 credituri.
776 3551 878 3609 blinuit
892 3570 959 3625 ergo
974 3553 1025 3608 do·
1065 3554 1137 3621 nari,
1153 3570 1210 3610 non
1223 3554 1277 3610 nisi
1292 3571 1343 3627 per
1357 3555 1479 3627 gratim
1493 3573 1524 3612 se
1536 3556 1662 3628 potuisse
1675 3557 1807 3613 discerni.

227 3652 317 3706 loram
331 3647 476 3705 inveniens
490 3645 543 3701 boc
556 3643 624 3699 clim
635 3642 809 3715 predictum.
825 3642 951 3708 Quorum
960 3641 1026 3697 edo·
1102 3642 1146 3698 lt.
1163 3643 1265 3698 anrn.
1278 3643 1330 3700 Sed
1344 3649 1369 3700 ct
1378 3645 1500 3701 lletecca.
1516 3645 1592 3700 Ordo
1604 3662 1610 3700 :
1623 3645 1862 3702 Rebeceabubeus

228 3739 287 3812 ptlo
298 3738 334 3795 ad
345 3736 460 3794 Galatas
469 3733 590 3789 dicitur:
609 3732 677 3789 dnm
689 3731 911 3800 venitplenitndo
926 3735 1025 3800 tempo-
1066 3731 1147 3799 filios,
1164 3748 1197 3787 ex
1206 3748 1263 3787 uuo
1277 3732 1429 3788 concubitu
1442 3732 1530 3788 isaac.

226 3832 279 3898 ris,
299 3829 378 3884 misit
397 3825 467 3880 Deus
486 3824 591 3877 Filium
604 3836 687 3876 snum
706 3825 738 3874 nt
756 3821 929 3889 adoptionem
950 3821 1026 3886 titio·
1100 3821 1145 3877 16.
1156 3822 1293 3891 Numquid
1300 3823 1447 3891 iniqnitas.
1470 3820 1630 3894 iniquitatis
1648 3820 1865 3880 videbaturesse

227 3916 499 3984 enmrccipcremur.
1066 3909 1139 3964 Εεεε
1153 3925 1210 3964 uon
1219 3915 1382 3982 peccantem
1390 3909 1564 3982 reprobasse.
1575 3911 1673 3984 Neque
1685 3915 1780 3968 ιειεεε
1790 3913 1866 3969 hanc

264 4005 289 4062 7.
306 4005 410 4060 um.
427 4000 568 4058 Israelita.
579 3997 642 4053 Nou
654 4011 751 4054 omnes
765 3994 881 4051 iuenmt
892 3994 1027 4052 israelite
1067 4013 1200 4068 magnam
1210 4002 1240 4052 et
1251 3998 1370 4054 arduam
1384 3999 1567 4070 questionem
1581 3999 1673 4056 solvit.

228 4091 277 4167 qui
288 4093 404 4150 luerunt
422 4087 475 4144 sub
488 4086 600 4142 culture
621 4083 673 4140 Dei
695 4089 725 4140 et
745 4083 922 4139 observantia
944 4082 1025 4154 legis.
1104 4083 1374 4152 lenocinamento.
1389 4087 1862 4160 pnuloautelNunqnidinipuitos.

228 4183 349 4250 Quidam
360 4181 436 4237 enim
449 4174 625 4233 transierunt
637 4171 667 4228 in
680 4172 751 4228 ritus
763 4171 912 4244 gentilium
924 4176 953 4227 ει
966 4173 1027 4228 εε1-
1067 4171 1138 4228 Cum
1147 4174 1223 4230 enim
1236 4174 1362 4243 dixisset,
1368 4174 1444 4230 absit
1452 4175 1527 4232 utsit
1537 4175 1673 4247 iniqnitas
1678 4177 1753 4249 opud
1760 4179 1861 4234 Deuml

227 4279 323 4330 turam
335 4270 493 4335 idolorum
507 4264 581 4320 sient
592 4266 721 4334 tempore
738 4260 887 4317 leroboam
905 4260 1029 4316 maxima
1067 4260 1166 4334 Itaque
1178 4263 1336 4335 [tanquam]
1359 4263 1385 4318 ei
1403 4264 1547 4320 dicemus:
1561 4263 1642 4320 Unde
1660 4265 1713 4322 hoo
1726 4267 1862 4334 ostendis,

228 4377 295 4433 pars
309 4374 418 4424 eornm,
433 4357 487 4410 hoc
500 4351 676 4424 significante
688 4349 758 4418 Deo,
773 4348 848 4422 quod
861 4349 892 4404 in
906 4349 1027 4405 adventu
1036 4341 1059 4404 G
1067 4365 1130 4405 cum
1143 4366 1253 4408 asseras
1269 4353 1296 4407 N
1297 4368 1333 4408 on
1348 4369 1381 4408 ex
1398 4352 1540 4426 operibus,
1564 4353 1614 4408 sed
1633 4369 1668 4408 ex
1689 4360 1806 4410 vocante
1821 4355 1865 4409 di·

229 4449 336 4507 Christi
350 4447 464 4521 quidam
481 4446 576 4499 essent
595 4439 740 4506 credituri,
762 4443 792 4495 et
818 4438 941 4494 maxima
960 4455 1026 4512 pars
1067 4443 1144 4495 etum
1159 4445 1220 4509 est;
1236 4442 1431 4512 Majorsemicl
1444 4444 1575 4498 minori?
1589 4441 1699 4515 Moyses
1713 4443 1799 4513 enirn,
1816 4444 1863 4499 in·

230 4553 328 4596 eorum
341 4537 372 4592 in
383 4532 550 4590 infidelitate
563 4528 733 4585 remansuri.
843 4524 851 4544 “
1067 4527 1138 4600 quit,
1149 4527 1227 4585 dicit.

265 4628 293 4684 8.
307 4627 405 4684 Omnes
416 4623 481 4690 orti.
495 4616 581 4674 Filios
593 4620 674 4672 vocal
697 4614 800 4670 liberos
814 4629 847 4670 0¹
859 4614 944 4687 legali
957 4631 1025 4670 con·
1100 4615 1145 4674 15.
1162 4618 1266 4674 baren.
1280 4619 1368 4688 Mopsi
1376 4621 1461 4676 enim.
1469 4619 1690 4694 Nourespondet
1698 4619 1862 4694 quaestion'13

226 4715 307 4789 jugio
333 4713 505 4786 procreatos,
519 4705 593 4762 sicut
606 4704 643 4759 ad
664 4703 797 4758 Hebraeos
812 4721 820 4757 ε
834 4703 907 4772 Erpa
920 4704 1026 4759 adulte-
1066 4705 1116 4761 sed
1128 4706 1267 4780 superiori
1286 4707 1441 4777 sententie,
1458 4725 1514 4781 qua
1528 4709 1633 4766 dictum
1658 4715 1702 4767 est
1722 4712 1803 4767 Jacob
1822 4711 1866 4764 di-

229 4807 293 4862 rici
310 4807 335 4859 et
350 4816 407 4856 non
421 4799 476 4868 tilii
489 4797 562 4852 extis.
589 4793 613 4850 li
627 4791 680 4847 soli
704 4790 797 4846 Patris
809 4789 935 4847 heredes
948 4797 1024 4850 sunt.
1067 4797 1130 4863 lesi,
1142 4799 1199 4853 ete.

264 4893 293 4950 9.
307 4892 433 4947 Auuuer.
458 4883 521 4957 (lib.
543 4896 587 4938 εει
600 4883 638 4938 De
651 4882 705 4938 εἰε.
722 4881 781 4948 Ilei,
796 4895 857 4951 cap.
878 4877 935 4951 32).
961 4880 1027 4949 (Sed
1104 4882 1150 4944 16.
1169 4886 1337 4944 lliserenlis.
1355 4885 1389 4942 In
1413 4887 1507 4955 Jacob,
1524 4887 1624 4961 inquit,
1651 4893 1746 4960 potest
1762 4885 1863 4956 rideri,

230 4986 262 5038 in
277 4979 368 5050 leoco)
381 4977 528 5048 Exponens
541 4969 692 5042 Apostolus
705 4967 773 5040 quid
797 4967 835 5023 sit
848 4970 880 5024 in
893 4969 972 5024 leoco
983 4985 1023 5024 eo
1067 4973 1134 5044 quia
1158 4989 1251 5047 neque
1262 4975 1401 5044 voluutas,
1416 4992 1508 5049 neque
1521 4976 1580 5032 rite
1594 4976 1684 5033 seirat
1695 4977 1838 5033 hominem
1853 4996 1861 5046 ς

233 5071 452 5136 eabitnrscmen,
466 5060 576 5133 inquit:
592 5057 904 5124 Nobiliesnntcornir,
919 5057 949 5112 ti
959 5063 1026 5113 sunl
1066 5062 1117 5117 scd
1126 5062 1318 5118 misericordia
1336 5064 1398 5133 Dei,
1413 5081 1471 5138 qua
1484 5065 1558 5122 bona
1577 5065 1706 5122 voluntas
1734 5072 1763 5122 et
1789 5064 1866 5121 bona

230 5161 286 5230 filii
296 5157 355 5213 lici.
364 5153 417 5210 Sed
425 5154 481 5222 tilii
486 5149 681 5220 promissionis
689 5148 862 5216 deputontur
870 5147 903 5200 in
911 5148 1025 5202 semine.
1065 5165 1153 5223 opera
1166 5149 1349 5224 inspirentur.

230 5251 271 5306 Ac
284 5261 335 5321 per
342 5245 395 5300 hcc
409 5241 461 5298 lilii
470 5235 674 5313 promissionis,
687 5239 721 5290 ut
733 5234 791 5290 sint
803 5249 899 5290 semen
907 5233 1027 5291 atrahe
1104 5236 1147 5296 16.
1163 5239 1321 5308 liberetur,
1349 5244 1402 5300 etc.
1428 5239 1533 5298 Probet
1555 5241 1623 5314 quia
1641 5239 1738 5300 dilexit
1765 5241 1862 5312 laceb,

231 5339 261 5394 in
274 5337 364 5404 Isaac,
378 5332 410 5388 in
425 5329 570 5388 Obrimum
596 5327 713 5380 vocante
738 5322 832 5395 gratia
852 5339 1026 5395 congregan-
1068 5327 1136 5400 qnia
1159 5343 1257 5384 omnes
1270 5328 1363 5402 diligit
1385 5330 1538 5388 secundum
1561 5332 1747 5405 propositum,
1764 5330 1794 5386 id
1807 5335 1861 5400 εει,

230 5433 288 5483 tur.
1066 5416 1204 5489 ssmtium3
1217 5433 1285 5475 nam
1296 5417 1386 5476 dicit:
1401 5421 1555 5488 Mnester,
1577 5425 1629 5476 etc.

270 5511 312 5572 10.
323 5513 425 5569 unna.
439 5506 718 5566 Nonsolemoutem.
736 5499 789 5560 Vel
810 5515 868 5558 nou
879 5499 971 5558 solum
982 5500 1024 5560 illi
