4046 6186
138 281 207 342 isit
770 285 856 342 VITA
874 284 903 340 S.
925 282 1160 340 GODEBERTAE.
1714 283 1781 342 isi-2

138 407 335 464 exhortatione
353 407 481 464 infideles
508 408 683 480 frequentius
710 411 881 483 suscipiebat
900 407 1072 470 adAsubito
1087 409 1364 482 corrumpi.·laeebat
1379 426 1446 481 ergo
1464 410 1542 480 virgo
1551 409 1781 470 lessainlectu103

138 498 234 554 tidem.
260 496 296 552 Ut
324 496 411 568 igitur
429 497 462 552 ad
483 505 591 553 eertum
610 500 768 571 exemplum
783 500 940 572 quibusque
982 500 1198 554 verumtotoad
1219 502 1368 556 Dominum
1385 499 1487 554 mentis
1507 497 1781 570 desideriorespira-

138 585 191 638 liet
204 584 343 650 fidelibus,
359 586 525 642 anulorum
541 589 696 659 postposita
709 589 893 656 detractione,
905 590 940 643 de
981 585 1047 640 bat:
1062 588 1178 657 gravida
1186 590 1299 660 quidem
1311 605 1436 660 corpore.
1453 588 1554 659 spiritu
1571 595 1665 642 tamen
1679 587 1780 643 alacris

138 673 238 729 multis
249 675 390 747 velpauce
400 674 584 747 proferemus.
980 674 1009 728 in
1026 674 1076 729 Dei
1091 693 1203 747 semper
1221 675 1351 732 laudibus
1367 678 1572 749 perseverabat.
1589 677 1714 748 Contigit
1728 679 1779 732 bac

455 765 573 821 CAPUT
586 763 627 820 li.
980 765 1042 835 ejus
1056 764 1085 820 in
1098 764 1263 822 infirmitate
1278 768 1353 822 circa
1377 767 1410 825 S.
1430 768 1524 822 Mariae
1540 767 1723 838 principalem
1736 785 1779 822 ee-

293 855 433 908 lliracula
446 851 475 908 S.
492 855 642 910 aratoria
656 857 781 910 visentis.
979 853 1093 908 alesiam
1112 855 1289 928 inopinatum
1303 873 1336 912 ex
1353 856 1504 928 improviso
1524 873 1673 928 erumpere
1686 855 1781 912 incen-

172 939 199 999 b·
215 941 360 1004 ananus
370 957 437 1014 ergo
461 941 536 1014 quod
550 943 629 1015 prius
643 943 785 999 memorie
804 945 936 1012 occurrit,
980 939 1069 1008 dium,
1086 947 1115 997 et
1133 945 1194 1014 ejus
1209 944 1358 1000 subitanea
1372 945 1536 1000 excursione
1554 946 1642 1001 totius
1657 946 1778 1002 ecclesie

135 1037 278 1104 quatenus
303 1031 441 1096 fidelium,
464 1047 534 1102 qnos
557 1032 656 1088 audire
678 1033 837 1104 contigerit,
854 1034 940 1090 corda
980 1045 1063 1084 omne
1075 1031 1188 1104 penitus
1202 1033 1280 1088 exuri
1295 1041 1503 1101 ornamentum,
1519 1034 1647 1090 Flamma
1660 1035 1779 1092 circum-

135 1120 371 1189 corroborentur;
385 1121 840 1188 frontesinlideliumdurissimis.
851 1124 939 1178 mira-
979 1119 1076 1174 volans
1090 1121 1185 1176 omnia
1203 1121 1369 1194 diripiebat;
1395 1124 1475 1194 cujus
1499 1129 1566 1178 ante
1580 1123 1691 1190 taciem,
1712 1124 1779 1196 quia

135 1210 266 1266 mulorum
281 1211 343 1281 ejus
358 1209 498 1281 lapidibus
519 1215 711 1266 conterantur.
732 1210 859 1282 Contigit
877 1213 938 1283 ejus
979 1207 1110 1264 resistere
1133 1227 1189 1264 non
1213 1215 1334 1282 poterat,
1358 1211 1491 1282 fugiendo
1512 1211 1566 1267 sibi
1584 1213 1777 1286 unusquisque

135 1297 166 1354 in
182 1304 319 1371 tempore,
335 1297 375 1352 sic
395 1295 571 1370 exigentibus
585 1300 675 1372 plebis
689 1300 858 1356 Noviomieae
872 1317 937 1372 pso·
979 1298 1152 1354 consulebat.
1179 1300 1280 1356 Omnia
1294 1301 1407 1373 penitus
1432 1301 1495 1355 buic
1509 1301 1692 1371 subjacebant
1705 1302 1778 1375 peri-

135 1387 217 1456 catia,
237 1387 401 1460 pestiferum
415 1386 445 1442 in
459 1387 556 1442 eadem
571 1387 684 1444 civitate
708 1389 835 1460 gladium
849 1390 937 1446 desa-
957 1423 963 1442 ,
978 1387 1051 1454 culo,
1069 1388 1136 1443 dum
1149 1389 1207 1460 jam
1222 1390 1278 1444 alia
1300 1399 1468 1461 consumpta
1482 1396 1585 1460 essent,
1603 1392 1659 1446 alia
1672 1391 1776 1448 nibilo-

135 1477 194 1532 vire
215 1476 396 1532 mortalitatis
419 1512 424 1524 ·
450 1477 494 1532 ira
521 1477 596 1534 enim
627 1478 812 1550 implacabilis
840 1496 856 1534 a
879 1479 936 1536 Deo
979 1475 1073 1532 minus
1084 1477 1258 1534 absumenda
1267 1479 1573 1534 irruentirernanerent
1582 1480 1776 1537 incendioci·

135 1582 259 1638 egressa
282 1566 429 1636 indigenas
452 1565 515 1620 illos
532 1567 750 1638 circumquaque
762 1567 936 1638 devastabat,
977 1567 1071 1622 vitatis
1081 1567 1229 1638 indigenis.
1245 1575 1276 1623 ut
1289 1568 1477 1640 prediximus,
1493 1569 1712 1641 circumquaque
1722 1569 1777 1624 dii-

135 1661 269 1728 parentes
287 1671 351 1710 cura
366 1655 441 1721 liliis,
457 1672 574 1727 sponsos
589 1672 652 1710 cum
669 1658 788 1728 sponsis,
805 1659 935 1714 dominos
977 1653 1156 1725 fugientibus.
1173 1663 1276 1711 sanctae
1300 1657 1420 1729 Virginis
1439 1658 1534 1712 Marna
1553 1665 1645 1712 mater
1659 1659 1778 1714 ecclesia

135 1762 200 1800 cum
219 1745 380 1800 domesticis
394 1744 570 1800 incessanter
583 1745 732 1814 enecabat;
744 1752 837 1802 ettam
849 1747 877 1801 in
888 1765 935 1819 po
945 1728 968 1787 Β
979 1741 1131 1818 [desolata]
1150 1752 1324 1801 remanserat
1338 1766 1344 1777 ·
1358 1763 1443 1818 quam
1458 1746 1646 1802 devotissimis
1660 1748 1718 1803 Deo
1737 1749 1777 1802 la-

135 1839 228 1890 tentes
247 1850 331 1906 quarn
357 1833 385 1888 in
410 1833 533 1905 plebeios
543 1835 728 1890 immoderate
742 1836 933 1908 grassabatur.
977 1834 1079 1905 clymis
1093 1835 1239 1906 quiajam
1256 1837 1478 1891 llammaeorum
1492 1835 1621 1908 superior
1635 1841 1697 1890 erat
1714 1837 1776 1892 viri·

135 1924 294 1995 Fugiebant
318 1939 536 1995 circumquaque
560 1924 608 1996 qui
632 1925 749 1980 evadere
773 1933 904 1997 poterent
928 1949 933 1980 :
976 1921 1037 1984 husi
1052 1923 1142 1978 tristis
1157 1925 1308 1978 admodum
1321 1926 1442 1997 populus
1454 1924 1513 1980 lieo
1529 1926 1581 1980 soli
1594 1926 1775 1981 commenda·

129 2016 259 2087 jamque,
276 2012 400 2068 maxima
414 2028 447 2066 ex
462 2019 541 2082 parte
556 2013 706 2068 subtractis
717 2015 932 2082 habitatoribus,
976 2011 1032 2066 bat.
1047 2013 1138 2068 Tanto
1152 2013 1322 2084 plorantium
1342 2015 1450 2085 gemitu
1473 2015 1572 2086 [mota]
1596 2016 1672 2086 virgo
1687 2016 1777 2071 Goda-

132 2121 229 2160 vacuae
244 2104 273 2159 in
287 2103 399 2158 civitate
412 2103 512 2157 domus
524 2104 705 2174 quamplures
720 2114 932 2162 remanserant:
976 2100 1056 2156 berta
1067 2101 1234 2174 gravissima
1248 2103 1314 2158 licet
1327 2103 1491 2159 infirmitate
1501 2106 1776 2176 promeretur.jussit

131 2195 230 2250 Tantae
243 2193 437 2248 buiomiseriae
451 2192 672 2265 infelicior,prob
688 2195 768 2250 dolor
780 2197 786 2250 l
799 2198 934 2253 successit
975 2196 1070 2246 iumen
1086 2209 1116 2246 se
1130 2191 1161 2246 in
1175 2193 1309 2247 cathedra
1319 2194 1461 2264 deportari
1474 2213 1481 2262 ;
1495 2209 1528 2248 ac
1540 2201 1638 2249 contra
1653 2194 1776 2250 incendii

136 2282 264 2348 miseria,
280 2299 343 2338 eum
359 2282 489 2338 omnibus
503 2292 581 2338 metu
590 2283 772 2340 mortalitatis
780 2286 930 2354 exterritis,
976 2281 1149 2346 violentiam,
1166 2298 1333 2354 quocunque
1343 2300 1373 2337 se
1383 2284 1498 2338 llamma
1509 2282 1776 2354 impingeret,oonli·

133 2370 284 2426 inhumata
305 2375 482 2426 mortuorum
502 2386 620 2442 corpora
643 2373 849 2443 projicerentur
864 2393 870 2428 :
884 2376 933 2447 qui
977 2369 1076 2424 denter
1087 2368 1199 2440 deponi.
1212 2371 1345 2442 Deposita
1357 2386 1422 2425 vero
1439 2370 1468 2424 in
1484 2371 1545 2442 ipso
1558 2387 1645 2443 prope
1657 2372 1778 2426 llammi-

133 2460 211 2514 enim
226 2465 370 2516 mortuum
383 2458 545 2532 sepeliebat,
565 2467 693 2516 mortuus
715 2463 809 2518 subito
827 2470 856 2519 et
874 2465 933 2536 ipse
976 2458 1041 2512 felte
1058 2457 1199 2530 voraginis
1222 2458 1360 2524 incendio·
1382 2474 1447 2512 cum
1465 2457 1547 2513 multi
1558 2459 1618 2529 jam
1633 2459 1668 2514 de
1689 2459 1777 2533 ipsius

133 2549 313 2620 sepeliendus
340 2565 405 2604 mox
428 2549 596 2605 efferebatur
611 2564 617 2599 :
634 2550 669 2606 de
695 2551 855 2609 imminenti
883 2555 935 2609 sibi
977 2547 1034 2600 vita
1047 2547 1241 2618 desperarent.
1259 2553 1362 2602 sancta
1378 2547 1475 2604 Crucis
1490 2548 1612 2618 signum,
1629 2548 1776 2620 quodom-

135 2638 237 2694 mortis
246 2638 381 2711 periculo,
396 2655 480 2696 nemo
495 2655 610 2713 prorsus
625 2638 803 2711 desperabat,
818 2643 934 2698 cuicun-
977 2636 1059 2692 nibus
1075 2637 1105 2692 in
1120 2637 1252 2708 periculis
1261 2637 1477 2692 saluberrimum
1492 2643 1617 2704 noverat,
1633 2639 1776 2694 confiden-

133 2743 188 2799 que
211 2735 355 2784 mortuum
370 2729 532 2801 quempiam
555 2729 675 2801 sepelire
695 2746 746 2785 eeu
770 2731 935 2804 contingere
975 2726 1085 2781 tissime
1100 2727 1253 2798 opposuit:
1273 2733 1302 2781 et
1315 2726 1416 2782 atatim
1431 2726 1505 2796 ignis
1521 2726 1570 2780 illa
1581 2727 1700 2782 vastatio
1713 2744 1776 2783 exs-

133 2815 325 2888 contingebat.
975 2815 1063 2870 tincta
1077 2823 1128 2870 est.

169 2906 196 2960 7.
212 2905 246 2961 ln
269 2905 450 2962 mortalitatis
472 2913 552 2964 tanto
572 2907 706 2980 periculo,
726 2909 804 2980 virgo
817 2909 935 2981 insignis
1011 2904 1038 2962 il.
1054 2904 1163 2960 Accidit
1175 2905 1230 2960 alio
1244 2905 1409 2978 intempore
1419 2921 1520 2960 caecam
1530 2906 1778 2977 quamdam‘l'rau·

133 2995 306 3061 Godeberta.
322 2996 509 3052 universalem
523 2998 671 3054 attendens
682 2999 807 3054 dolorem
822 2999 934 3068 civium,
976 2995 1090 3050 siricam
1109 2993 1231 3060 nomina,
1252 2995 1286 3049 ad
1311 3000 1438 3049 sanctam
1457 2994 1602 3050 devenisse
1625 2996 1774 3068 virginem,

132 3086 287 3141 universali
301 3085 431 3142 Ecclesiae
438 3086 746 3158 triduanumjejnnium
759 3088 872 3157 indixit;
884 3090 935 3144 do·
977 3090 1116 3154 quatenus
1130 3084 1177 3156 pia
1192 3086 1254 3156 eius
1267 3083 1469 3140 intercessione
1483 3084 1639 3152 oculorum,
1651 3085 1727 3156 quod
1740 3085 1776 3141 ab

131 3192 199 3230 cens
214 3191 263 3230 eos
277 3175 452 3231 orationibus
467 3177 687 3248 lacrymabiliter
701 3177 841 3244 insistere,
858 3180 934 3251 jeju·
976 3172 1094 3228 infantia
1105 3173 1236 3245 perdidit,
1248 3172 1403 3245 temporale
1413 3173 1776 3247 recipiatlumen.(iuroque

131 3265 189 3320 niis
202 3271 234 3320 et
248 3264 666 3336 eleemosynisindignationem
675 3266 798 3322 divinam
806 3269 931 3339 placare:
975 3279 1024 3334 spe
1038 3268 1124 3329 cerm,
1143 3280 1195 3318 sua
1217 3280 1268 3335 pro
1289 3263 1506 3330 illuminatione,
1532 3263 1696 3337 lacrymosis
1709 3264 1777 3319 insi·

133 3373 145 3407 a
158 3353 243 3418 Quia.
260 3355 362 3426 inquit,
376 3355 450 3411 siout
463 3371 537 3427 aqua
547 3355 854 3427 exstinguitignenace
863 3359 934 3414 elee-
976 3357 1065 3407 steret
1076 3352 1222 3424 precibus;
1239 3353 1317 3423 virgo
1329 3354 1451 3424 egregia,
1464 3354 1617 3424 premissis
1626 3353 1777 3409 Deointer·

130 3460 252 3515 mosyna
266 3444 418 3515 exstinguit
431 3451 586 3516 peccatum.
600 3464 613 3498 a
626 3445 663 3500 Et
673 3446 790 3502 docebat
802 3449 935 3518 eosvirgo
976 3441 1159 3506 cessionibus,
1176 3457 1260 3512 super
1279 3440 1375 3496 oculos
1397 3443 1458 3513 ejus
1480 3459 1595 3498 manum
1617 3443 1752 3515 imposuit
1767 3462 1774 3511 ς

131 3535 248 3606 egregia
262 3535 415 3590 salutarem
430 3534 618 3590 Ninivitarum
642 3536 847 3606 poenitentiam.
864 3553 935 3607 quo·
976 3532 1104 3602 laetoque
1119 3531 1216 3585 leviter
1229 3538 1332 3585 sanctas
1343 3531 1535 3602 Crucissigno,
1553 3533 1589 3586 ad
1601 3533 1662 3603 ejus
1673 3532 1776 3587 oratio-

132 3624 217 3680 modo
234 3624 369 3678 incinere
391 3630 420 3681 et
438 3624 528 3679 cilicio
546 3625 639 3695 positi,
655 3641 705 3696 per
716 3625 890 3695 jejuniorum
906 3631 935 3680 et
977 3637 1040 3676 nem
1059 3621 1249 3676 miserationis
1265 3621 1365 3675 divinae
1380 3626 1477 3692 optata
1492 3621 1664 3692 propitiatio,
1679 3638 1776 3692 corpo-

131 3713 294 3768 orationum
310 3713 453 3785 mysteria,
469 3713 568 3769 divinae
594 3713 800 3770 maledictionis
815 3716 933 3786 jamjam
975 3709 1083 3764 raleilli
1099 3709 1329 3766 lumenrestituit
1344 3727 1349 3761 :
1366 3710 1580 3782 sicquelactum
1596 3711 1776 3774 est,utdum

131 3819 218 3874 super
231 3817 262 3858 se
276 3803 470 3858 imminentem
486 3819 645 3874 repressere
659 3805 839 3858 sententiam.
844 3804 932 3860 David
976 3798 1063 3852 visum
1080 3799 1265 3870 temporalem
1275 3799 1422 3871 reciperet,
1438 3799 1579 3871 spirituali
1593 3817 1704 3872 quoque
1716 3801 1777 3855 ani-

131 3907 246 3964 quoque
261 3891 345 3963 regis,
362 3891 411 3963 qui
422 3892 576 3946 secundum
590 3908 638 3946 cor
653 3891 703 3946 Dei
717 3893 773 3948 Deo
787 3893 848 3965 ipso
861 3901 935 3950 teste
975 3904 1028 3942 mae
1054 3887 1239 3942 vivificatione
1263 3889 1398 3952 animata,
1422 3889 1499 3944 omni
1518 3889 1698 3960 postmodum
1711 3888 1776 3944 vitea

130 3980 264 4037 inventus
277 3987 329 4048 cst,
349 3981 515 4036 admirabile
530 3981 584 4036 illis
606 3981 744 4036 recitabat
758 3984 930 4054 exemplum,
974 3994 1032 4032 suae
1047 3982 1174 4048 tempore
1195 3975 1271 4048 apud
1293 3976 1522 4032 illuminatricem
1537 3993 1618 4031 suam
1633 3977 1691 4032 Dee
1705 3975 1776 4031 inibi

130 4069 324 4142 quemfacta,
342 4087 393 4142 per
407 4069 599 4142 paenitentiam
615 4071 768 4142 perpetrati
788 4073 931 4137 adulterii,
974 4066 1134 4122 deserviret.

130 4165 279 4231 susceptus
299 4159 337 4214 ait
350 4159 386 4214 ad
401 4159 567 4214 remedium.
584 4159 743 4229 adjiciebat
756 4161 841 4215 etiam
859 4161 932 4217 Petri
1012 4153 1053 4212 10.
1072 4157 1130 4211 Hoc
1143 4156 1240 4226 itaque
1263 4155 1345 4210 modo
1365 4154 1524 4210 'trausirica
1547 4154 1607 4209 heac
1620 4153 1775 4208 illuminari

129 4249 324 4319 negationem,
340 4247 460 4303 latronis
478 4249 507 4302 in
522 4265 605 4303 cruce
619 4249 833 4315 confessionem,
853 4250 934 4322 lugu·
974 4246 1130 4316 promeruit
1148 4263 1182 4300 ex
1201 4245 1348 4300 devotione
1367 4264 1372 4298 :
1391 4241 1528 4315 vulgudis
1546 4249 1653 4306 autem.
1668 4242 1703 4298 de
1718 4259 1777 4314 qua

127 4338 209 4393 brem
225 4337 388 4410 peccatricia
404 4337 500 4393 Mariis
514 4338 843 4410 larnenteiionenr,quam
853 4335 1058 4428 lacileDmodo
1070 4335 1217 4389 dicendum
1234 4341 1286 4395 est,
1301 4350 1350 4404 pro
1358 4333 1558 4395 inobedientia,
1572 4330 1775 4388 interminabili

127 4427 263 4499 lacrymis
277 4426 516 4498 poenitcntialibus
531 4426 684 4482 tactionum
697 4444 812 4482 suarum
824 4445 933 4499 prome·
975 4425 1011 4480 ab
1024 4423 1121 4478 eadem
1136 4423 1252 4494 Virgine
1266 4423 1385 4477 multata
1395 4429 1437 4478 est
1452 4421 1644 4476 excaecatione.
1661 4419 1728 4476 Haec
1740 4421 1776 4476 si·

127 4518 240 4571 ruerint
259 4515 463 4570 remissionem.
482 4515 531 4570 llis
546 4526 575 4571 et
588 4517 651 4571 aliis
669 4517 798 4587 gloriose
818 4519 932 4588 virginis
975 4515 1087 4587 quidem
1106 4512 1239 4582 vulgudis
1257 4513 1285 4567 in
1305 4511 1461 4567 coenobios
1488 4509 1652 4566 audeberte
1668 4510 1726 4566 Deo
1744 4527 1775 4566 se

124 4603 304 4676 respirantes
324 4604 575 4670 exhortationibus,
598 4607 770 4676 permaxima
784 4607 931 4662 devotione
974 4602 1124 4658 devoverat
1137 4621 1142 4656 :
1155 4619 1250 4656 verum
1270 4601 1357 4660 animi
1371 4601 1415 4656 sui
1431 4598 1514 4655 nimis
1528 4601 1690 4672 impatiens,
1706 4616 1774 4656 con·

124 4694 257 4750 triduum
273 4692 343 4748 illud
358 4709 505 4764 suscepere
515 4694 615 4764 jejunii
630 4713 636 4748 :
653 4701 681 4750 et
695 4697 801 4764 statim,
823 4698 932 4753 meritis
974 4693 1094 4748 tentiose
1113 4707 1142 4746 se
1158 4692 1305 4746 adversum
1321 4691 1390 4746 alias
1406 4695 1435 4744 et
1445 4690 1632 4746 irreverenter
1641 4688 1774 4746 habebat.

126 4784 192 4855 eius
206 4787 236 4838 et
248 4782 507 4848 intercessionibus,
522 4783 687 4855 pestiferum
702 4785 782 4840 illurn
802 4787 932 4842 mortab-
974 4781 1064 4836 liade
1079 4797 1165 4837 causa
1176 4780 1352 4853 sequentius
1368 4797 1385 4836 s
1400 4785 1498 4836 sancta
1509 4781 1646 4852 castigata
1656 4781 1774 4852 virgine,

124 4872 197 4928 tatis
209 4871 337 4943 gladium
347 4871 394 4942 pie
408 4872 459 4940 Dei
468 4873 563 4943 gratia
575 4889 685 4928 cessare
695 4873 770 4930 iecit.
974 4877 1073 4928 contra
1082 4871 1209 4926 eamdem
1219 4871 1309 4942 ipsam
1320 4869 1531 4926 tumulentuose
1536 4869 1690 4936 rixabatur,
1702 4875 1732 4926 et
1744 4870 1776 4925 in

163 4959 192 5018 8.
204 4960 306 5016 Paucis
316 4961 496 5032 postmodum
510 4961 610 5018 diebus'
620 4963 718 5018 eadem
733 4964 810 5036 virgo
824 4970 931 5038 tutpote
973 4966 1123 5033 conspectu
1138 4961 1198 5031 ejus
1215 4959 1309 5031 turpia
1324 4959 1409 5014 nimis
1423 4966 1453 5015 et
1468 4959 1617 5015 maledicta
1636 4959 1720 5013 verba
1735 4959 1776 5012 lo-

124 5067 194 5124 quae
208 5049 294 5104 nimis
304 5053 415 5105 austere
429 5055 557 5106 teneram
570 5067 651 5106 suam
664 5060 856 5109 maceraverat
868 5071 931 5110 car·
973 5051 1122 5124 quabatur.
1148 5049 1250 5105 Sancta
1271 5065 1337 5104 vero
1364 5049 1452 5120 virgo,
1477 5049 1567 5103 nimia
1589 5049 1681 5104 stultae
1698 5044 1775 5100 illius

123 5145 204 5209 nemi
222 5138 451 5194 molestissimam
459 5139 584 5211 corporis
597 5141 641 5196 sui
653 5141 758 5197 decidit
771 5143 802 5197 in
812 5143 932 5200 infirmi·
974 5147 1115 5196 commota
1124 5139 1357 5200 stomachatione,
1366 5155 1430 5194 oum
1441 5155 1503 5194 eam
1519 5134 1736 5206 incorrigibilem
1745 5138 1781 5212 et·

122 5227 313 5286 tatemrsicut
320 5227 462 5283 multoties
471 5228 523 5298 ill)
529 5229 667 5300 contingit
677 5247 734 5295 eos,
748 5231 796 5303 qui
805 5249 932 5305 quoquo-
975 5231 1141 5287 obedientiae
1154 5229 1268 5286 stimulo
1284 5229 1472 5284 irreverenter
1478 5225 1700 5280 recalcitrantem
1712 5238 1775 5295 per·

123 5315 342 5374 modeaasuetis
349 5316 520 5372 desuescunt
528 5317 657 5391 dapibus,
668 5320 717 5378 diu
727 5320 871 5378 tabescere
882 5340 933 5379 seu
973 5323 1121 5390 sensisset,
1141 5321 1188 5377 die
1200 5321 1333 5394 quadam,
1347 5319 1376 5373 in
1393 5318 1454 5388 ipso
1470 5317 1530 5387 ejus
1541 5315 1666 5370 rixarum
1681 5312 1775 5386 turpi·

167 5620 322 5694 (inians
335 5624 500 5693 conjecture
513 5624 685 5684 correximus
700 5625 748 5682 :in
759 5643 811 5684 ms.
820 5628 935 5698 legitur,
953 5625 1236 5698 «llultotiesquidem
1246 5621 1366 5692 contigit
1377 5635 1424 5676 eos
1439 5619 1488 5691 qui
1500 5617 1777 5690 quomodoassuetia.
