3934 6174
242 291 295 348 aso
732 280 764 344 e.
786 277 993 335 musaeum
1011 279 1191 338 οιιιιιιιιι.
1212 281 1384 340 nnoeme.
1818 285 1866 346 ιιι

240 418 354 486 spendo.
369 416 428 471 Hoc
441 416 470 468 et
481 414 565 467 etiom
580 423 703 475 oramus,
718 411 840 462 vestram
854 407 1137 471 consummationem,
1157 411 1360 478 perlectionem.
1378 409 1444 466 ldeo
1457 409 1517 464 hmo
1531 407 1632 466 absens
1650 410 1752 480 scribo,
1770 418 1801 469 ιιι
1813 431 1865 471 non

240 521 364 578 praesens
371 501 469 561 durius
476 515 569 571 agam,
577 495 729 553 secundum
740 499 908 567 potestatem
917 499 1094 563 apostotolus.
1102 511 1186 566 quam
1197 497 1334 552 Dominus
1343 498 1422 553 dedit
1431 499 1500 554 mihi
1507 498 1537 554 in
1544 499 1769 566 aedificationem,
1778 507 1806 558 et
1814 517 1867 558 non

239 593 269 650 in
282 591 511 650 destructionem.
532 588 574 643 lle
591 589 702 650 cetero,
720 584 833 650 iratres,
850 583 982 654 gaudete,
999 583 1115 655 perfecti
1125 589 1225 650 estote,
1237 585 1435 654 exhortemini,
1447 587 1523 643 idem
1533 587 1633 661 sapite,
1646 605 1745 662 pacem
1756 590 1862 658 hebete,

240 683 351 738 θῑθθΰὸ
365 677 441 752 Ρθῦὶῦ
450 682 479 733 el
488 674 645 732 dilecAiOniS
654 673 709 728 erit
719 671 869 727 vobiscum.
884 672 1013 730 Salutate
1023 671 1139 728 invicem
1154 673 1185 728 in
1199 673 1294 730 osculo
1303 681 1408 730 sancto.
1421 675 1714 733 salutentvosomnes
1723 676 1864 736 sanctilb.

239 769 347 836 Gratia,
363 768 521 834 redemptio,
535 761 648 819 Domini
657 761 746 818 nostri
758 761 825 816 lesu
839 761 955 827 Christi,
968 763 996 816 et
1008 760 1200 828 charitasDei,
1212 764 1321 818 dilectio
1335 765 1385 818 Ilei
1392 765 1495 832 Patris,
1512 767 1562 835 qai
1569 769 1647 820 misit
1661 767 1739 822 nobis
1750 767 1868 824 Salvato-

237 874 307 927 rem,
324 859 353 912 et
366 851 582 910 communicatio
595 850 685 908 sancti
698 850 821 923 Spiritus
836 849 875 906 sit
887 865 953 906 oum
965 849 1095 922 omnibus
1109 849 1197 906 vohis.

912 1027 1209 1088 COMMENTARIUS.

274 1199 316 1261 lb.
335 1203 433 1260 Gratia
448 1203 561 1258 Domini
571 1201 670 1258 nostri.
684 1195 802 1256 Dilectio
809 1197 862 1256 Ilei
871 1197 948 1255 misit
955 1197 1068 1262 nobisA
1077 1197 1209 1270 Spiritus.
1225 1197 1291 1253 lieo
1303 1193 1367 1272 [ol.,
1376 1197 1439 1271 llic]
1449 1196 1525 1255 enim
1539 1198 1685 1256 dilectosa
1699 1183 1767 1269 Deo,
1778 1201 1866 1256 eleal-

236 1292 410 1349 Salvatorem
423 1291 530 1356 lesum,
540 1289 620 1359 cuijus
628 1287 722 1360 gratia
729 1287 828 1343 salvati
842 1301 950 1354 sumus,
961 1291 989 1342 et
1002 1291 1036 1343 nt
1074 1291 1153 1343 vatos
1174 1303 1192 1342 a
1209 1287 1302 1359 matie
1316 1286 1420 1343 Christi
1440 1293 1547 1355 tuetur,
1566 1293 1599 1344 ut
1616 1287 1703 1344 trium
1728 1288 1865 1361 perfectio,

235 1379 428 1453 possideamus
448 1379 522 1435 hano
542 1378 664 1450 gratiam
677 1377 745 1432 lacit
758 1375 976 1433 communicatio
1004 1375 1032 1432 S.
1074 1376 1281 1432 consummatio
1294 1375 1332 1432 sit
1344 1376 1466 1433 hominis
1479 1377 1509 1433 iu
1523 1375 1654 1433 salutem.

232 1545 1855 1590 &W

232 1821 234 1826 Ι
358 1696 653 1811 EPISTOLA
689 1696 737 1790 Β.
778 1695 978 1792 PAULI
1020 1694 1305 1844 Apostoli
1342 1697 1428 1790 AD
1464 1693 1741 1793 otherus

548 1871 644 1939 cun
659 1869 948 1938 infremens
968 1875 1008 1937 a.
1032 1871 1292 1939 nonnosum
1311 1873 1558 1940 suessonis.

270 2121 363 2184 11⁹
376 2127 576 2173 reomenses·
592 2114 708 2182 Galate,
724 2120 792 2171 aunt
807 2114 905 2171 Greci.
921 2113 957 2170 lli
971 2131 1031 2170 ver·
1071 2119 1105 2172 ut
1125 2115 1155 2172 in
1176 2113 1279 2188 Legem
1293 2119 1322 2172 at
1339 2115 1581 2174 circumcisionem
1600 2121 1787 2176 verterentur.
1811 2119 1868 2175 llos

230 2205 433 2263 humveritatis
451 2204 574 2277 primum
589 2204 624 2259 ah
639 2205 774 2276 Apostolo
788 2210 966 2276 acceperunt,
981 2204 1030 2260 aed
1070 2205 1220 2277 Apostolus
1238 2210 1350 2262 revocat
1367 2205 1404 2262 ad
1426 2205 1512 2262 tidem
1528 2207 1666 2277 veritatis,
1688 2207 1813 2266 scribens
1826 2207 1867 2265 eis

230 2300 294 2390 post
304 2295 460 2352 discessum
475 2295 546 2366 ojus,
567 2293 669 2350 tenmti
686 2298 752 2349 sunt
768 2310 786 2349 a
804 2293 881 2350 falsis
894 2293 1030 2366 apostolis
1070 2293 1107 2350 oh
1120 2294 1240 2367 Epheso.

897 2445 1195 2508 ammomum.
1310 2523 1315 2534 .

267 2590 291 2648 l.
307 2591 412 2672 Paulus
422 2588 611 2663 Apostolusi,
623 2588 682 2656 id·
696 2587 1672 2662 oonabhominibus,ctolisbopostotiselecturmequeperhorridum
1682 2607 1734 2661 per
1745 2591 1867 2652 lammis.

229 2695 276 2734 ras
290 2682 331 2736 oet
344 2683 498 2746 daonium,
514 2683 555 2735 oet
568 2678 710 2734 Christum
719 2679 858 2733 tontinsm
868 2683 990 2744 tontum,
999 2677 1049 2732 sed
1063 2693 1114 2749 per
1126 2679 1224 2734 iesum
1240 2677 1395 2747 Christum,
1406 2685 1436 2735 et
1446 2678 1537 2736 Deum
1543 2679 1668 2748 Patrem,
1683 2680 1732 2752 qui
1744 2679 1863 2736 suasim·

227 2768 268 2823 vit
276 2784 342 2824 eum
350 2768 495 2824 amortuis
504 2787 511 2836 ;
521 2774 551 2824 et
560 2767 609 2839 qui
620 2782 733 2822 mecum
741 2771 810 2822 sunt
819 2781 919 2821 omnes
927 2766 1039 2834 hstres,
1053 2765 1317 2822 EcclesiisColaCae.
1327 2768 1353 2824 t.
1365 2767 1464 2823 Gratia
1477 2766 1555 2824 vobis
1571 2773 1600 2824 et
1610 2785 1664 2842 pax
1673 2786 1691 2824 a
1701 2769 1759 2824 Deo
1769 2769 1862 2832 Pah‘e.

227 2856 385 2912 etllomiuo
403 2863 500 2914 nostro
514 2858 582 2913 lesu
600 2854 780 2927 Christo,qui
790 2854 868 2910 dedit
885 2855 1069 2928 semetipsum
1092 2855 1274 2929 (commodat
1286 2856 1436 2924 Christum!
1450 2873 1501 2929 pro
1521 2857 1643 2929 peccetis
1659 2858 1774 2926 nocuis,
1790 2857 1816 2916 o.
1831 2861 1866 2915 ut

227 2945 349 3018 eriperet
364 2962 417 3002 nos
430 2943 460 3005 7.
479 2945 514 3001 de
528 2945 659 3018 prasenti
672 2944 774 3000 seovnlo
787 2959 920 3016 nequam,
930 2946 1024 3000 saculi
1035 2947 1172 3016 nequitia,
1187 2943 1341 3000 secondum
1355 2945 1529 3003 voluntatum
1538 2946 1600 3014 Dei,
1613 2951 1643 3004 et
1655 2946 1749 3004 Patris
1761 2946 1862 3015 ιιοοιιι,

227 3034 272 3091 oui
287 3041 330 3092 est
342 3036 434 3108 gloria
443 3035 474 3092 in
487 3036 590 3092 seculo
601 3034 781 3105 emulorum,
794 3035 894 3090 Amen·
909 3033 935 3090 8.
954 3033 1041 3094 tliror.
1058 3039 1151 3101 rw
1164 3033 1239 3106 quod
1253 3033 1294 3090 sio
1306 3034 1433 3094 amoto
1445 3035 1528 3104 9,10.
1547 3035 1752 3094 uomlenmtni
1761 3035 1809 3095 ll.
1827 3033 1865 3092 oh

894 3203 1190 3262 COMMENTARIUS.

261 3379 341 3435 CAP.
356 3379 379 3435 l.
396 3409 427 3419 -
442 3378 468 3432 l.
482 3375 588 3432 Lmen.
605 3378 709 3432 Paulus
718 3391 775 3431 non
794 3377 829 3430 ot
852 3372 1131 3440 hominibus,BDeo.
1144 3372 1202 3430 Pex
1216 3379 1382 3449 artemque
1394 3374 1611 3432 reconciliamur
1619 3374 1688 3432 Deo.

225 3472 278 3522 eto.
297 3468 329 3524 ln
343 3467 407 3522 aliis
421 3465 551 3538 Epistolis
572 3465 640 3520 deta
659 3464 761 3531 solute,
780 3464 878 3520 statim
893 3462 1022 3535 incipite
1098 3464 1123 3516 C.
1143 3464 1266 3520 Anonos·
1282 3465 1315 3520 lit
1328 3468 1454 3534 eriperet.
1477 3463 1619 3520 Liberavit
1631 3479 1684 3520 nos
1697 3461 1826 3520 Christus
1845 3477 1866 3518 e

223 3555 381 3627 gratiarum
392 3555 519 3622 achone,
529 3553 575 3610 hio
584 3559 679 3610 sutem
690 3569 757 3622 non,
765 3551 939 3626 nequeenim
949 3551 1021 3608 tales
1062 3552 1207 3622 prasentia
1218 3552 1312 3609 saculi
1326 3553 1392 3622 vita,
1403 3553 1435 3610 in
1445 3569 1502 3626 qua
1510 3553 1601 3609 multa
1609 3552 1644 3607 de
1660 3552 1718 3608 illis
1733 3567 1795 3624 qna
1804 3567 1866 3608 non

224 3650 315 3710 erant,
330 3645 406 3702 unde
420 3643 561 3702 redderet.
1061 3639 1272 3712 conveniebant,
1298 3641 1412 3698 flebant.
1434 3642 1644 3714 Constituitque
1656 3641 1687 3696 in
1699 3656 1749 3715 spe
1761 3639 1867 3696 futuras

256 3735 423 3792 annover.
441 3734 574 3807 (licposit.
599 3735 696 3802 capitis
718 3733 807 3801 priori
828 3735 860 3786 io
883 3732 969 3802 lipist.
983 3730 1021 3788 od
1060 3730 1133 3797 vitae,
1151 3731 1225 3804 quod
1239 3731 1318 3788 nullo
1333 3731 1417 3788 modo
1430 3730 1654 3804 praestarenobis
1669 3731 1712 3786 lex
1724 3729 1824 3787 valuit.

221 3822 324 3888 Colat,
338 3827 398 3877 tom
413 3821 471 3890 IV).
481 3821 541 3876 Non
555 3821 589 3874 ab
603 3819 771 3877 bootioibus.
781 3818 835 3883 oui
847 3816 884 3873 ah
897 3816 1021 3874 homini·
1096 3819 1122 3875 7.
1137 3821 1262 3876 Aususr.
1281 3822 1384 3892 libid).
1404 3829 1440 3878 lie
1452 3824 1582 3893 presenti
1600 3825 1703 3876 emto.
1723 3819 1867 3877 Saeoulum

220 3909 273 3966 hus
288 3910 422 3978 mittitur,
439 3909 560 3966 mendax
574 3913 634 3974 est;
650 3908 698 3980 qui
717 3924 768 3980 per
785 3907 929 3963 hominem
943 3906 1018 3978 [odd.
1060 3926 1184 3984 presens
1202 3909 1358 3982 malignum
1371 3917 1487 3984 propter
1506 3911 1645 3982 malignos
1659 3909 1798 3978 homiues,
1814 3911 1867 3982 qui

220 3999 354 4074 mittiturl
368 4015 450 4056 verax
462 4015 523 4054 essa
535 4003 628 4070 potest
642 4017 648 4053 :
666 3997 734 4069 quia
746 3997 821 4053 Deus
836 4013 918 4052 verax
928 3999 1021 4069 potest
1061 4000 1090 4054 in
1104 4015 1138 4056 eo
1148 4003 1225 4064 sunt,
1242 4003 1332 4056 vocat.
1347 3999 1425 4056 Sicut
1439 3999 1593 4072 malignam
1607 4000 1721 4056 domum
1743 4003 1866 4072 propter

220 4105 271 4162 per
283 4089 426 4146 hominem
445 4088 568 4144 mittere.
586 4086 698 4142 Priores
712 4103 779 4158 ergo
793 4085 913 4158 apostoli
928 4101 946 4140 ο
960 4085 1018 4140 Deo
1060 4087 1199 4160 malignos
1212 4087 1405 4146 inhabitantes
1418 4089 1546 4144 dioimns.

218 4179 424 4251 perhomiuem
437 4176 604 4245 missisunt,
621 4191 672 4248 per
695 4175 792 4232 iesum
807 4172 914 4230 scilicet
927 4172 1018 4228 adhuc
1094 4178 1120 4232 8.
1137 4179 1259 4234 Auaros.
1285 4178 1374 4232 lliror
1393 4179 1466 4248 qood
1490 4180 1538 4232 sio.
1558 4175 1733 4232 Conveniens
1756 4174 1867 4247 princi·

217 4268 375 4324 mortelem·
390 4265 565 4323 Novissimus
575 4263 784 4337 Apostolusper
796 4263 949 4330 Christum,
957 4261 1018 4333 jam
1058 4265 1138 4338 pium
1152 4266 1270 4322 novitati
1292 4266 1442 4323 factorum.
1462 4266 1509 4322 Sio
1530 4265 1607 4322 enirn
1632 4264 1736 4338 posuit,
1759 4263 1863 4334 miror,

216 4361 310 4412 totum
323 4355 459 4424 Daum,id
468 4359 521 4425 est,
532 4353 610 4410 omni
623 4370 656 4410 ax
670 4359 751 4426 parte
763 4351 962 4409 immortalem.
976 4349 1018 4406 Sit
1060 4355 1141 4428 qussi
1155 4354 1222 4426 quia
1233 4360 1262 4413 et
1273 4372 1319 4413 ree
1335 4356 1524 4428 acceditque
1536 4370 1684 4428 nunquam
1695 4353 1868 4411 tieriorede·

218 4439 1019 4518 ergoejusaequalisauctoritasinonjushonoremimplet
1059 4443 1152 4500 bntnr.

216 4533 380 4589 clarificatio
395 4533 524 4601 Domini;
538 4532 563 4588 si
577 4530 646 4604 quid
666 4530 770 4588 habeat
787 4531 855 4586 ordo
872 4528 1018 4602 temporis,
1095 4532 1122 4588 9.
1134 4532 1240 4588 Louan-
1260 4533 1485 4602 Transferimini.
1499 4531 1608 4589 Galatae
1620 4530 1750 4605 isti,purs
1765 4547 1799 4587 ex
1809 4529 1826 4588 J
1829 4547 1869 4588 u-

217 4621 312 4678 minos
337 4621 411 4689 ideo,
428 4637 493 4678 oum
515 4619 632 4676 dixisset
653 4625 679 4676 et
701 4621 799 4688 Ceam,
823 4601 954 4676 eddidit:
970 4621 1021 4690 qui
1061 4620 1138 4690 daeis,
1156 4637 1222 4695 pars
1233 4636 1265 4676 ox
1275 4620 1542 4692 gautibnsadlidem
1559 4621 1664 4678 Christi
1678 4619 1713 4677 ab
1724 4617 1870 4694 Apostolo

215 4711 464 4768 smoitouitiiiom.
1026 4696 1173 4766 Giuerant
1186 4708 1327 4770 conversis
1341 4709 1390 4766 sed
1404 4715 1468 4782 post
1478 4709 1634 4766 discessum
1644 4711 1705 4782 eius
1719 4715 1871 4766 venerunt

252 4798 278 4858 3.
303 4801 428 4856 Arcanos.
451 4797 513 4854 Non
530 4799 565 4852 ab
580 4797 751 4852 hemioliam.
774 4796 899 4870 ldipsum
919 4796 1017 4852 dicens
1057 4797 1372 4872 pseudopnedioatores,
1387 4798 1435 4871 qui
1448 4815 1496 4856 eos
1510 4797 1560 4872 qui
1571 4815 1605 4854 ex
1618 4797 1633 4856 J
1636 4798 1722 4854 udaeis
1733 4798 1873 4856 conversi

215 4888 326 4957 dividit,
347 4894 381 4944 ut
394 4886 525 4944 ostendet
544 4886 606 4958 ipsa
628 4885 811 4942 multitudine
835 4884 1015 4955 nmmtionie,
1057 4886 1180 4954 inerant,
1197 4885 1335 4958 cogebant
1346 4886 1506 4958 judaisme:
1518 4903 1566 4943 eos
1575 4904 1641 4943 vero
1655 4887 1704 4960 qui
1719 4903 1752 4942 ex
1764 4885 1873 4959 genti-

215 4978 292 5034 nullo
312 4977 395 5032 modo
409 4976 472 5032 illos
487 4991 584 5032 verum
599 4974 701 5031 dicero.
1058 4975 1111 5033 bus
1127 4976 1163 5033 ad
1177 4976 1262 5032 fidem
1274 4982 1420 5044 venerant,
1442 4977 1581 5034 elementa
1602 4977 1702 5034 mundi
1726 4976 1869 5046 adorare,

249 5068 276 5124 l.
292 5067 397 5124 honre.
412 5067 476 5122 Non
493 5067 529 5121 ob
546 5065 715 5121 hominibus.
737 5063 858 5131 Quidam
879 5061 1019 5137 putabant
1059 5065 1119 5124 dios
1134 5070 1262 5122 etonnos
1275 5065 1433 5124 ohservare.

212 5155 293 5214 illum
305 5170 362 5214 uon
376 5171 438 5213 esse
449 5154 616 5228 Apostolum
631 5153 748 5209 missum
760 5169 777 5209 a
787 5154 909 5220 Christo,
920 5153 969 5210 sed
980 5153 1017 5211 ab
1095 5153 1137 5213 10.
1152 5157 1275 5212 Ausms.
1295 5157 1523 5225 Transferimv'oi.
1534 5153 1598 5212 Non
1611 5153 1690 5222 dicit,
1701 5151 1876 5210 transduci-

215 5246 279 5304 aliis
293 5245 436 5319 apostolis,
448 5249 499 5300 aut
511 5242 547 5298 ab
558 5241 686 5312 Ananis,
697 5243 751 5298 hoo
765 5240 896 5316 abnegat,
911 5248 944 5299 ut
958 5259 1018 5298 ma·
1058 5243 1138 5308 mini,
1151 5244 1200 5299 sed
1214 5243 1428 5311 transferimini,
1442 5243 1524 5316 quasi
1538 5243 1682 5300 exanimes
1696 5242 1822 5316 sliquos,
1836 5251 1877 5302 et

210 5335 281 5410 ioris
295 5333 472 5394 auctoritatis
490 5332 528 5388 sit
547 5330 623 5405 apud
643 5347 700 5401 eos,
716 5332 819 5405 quibus
834 5331 951 5389 verbum
962 5332 1014 5388 Dei
1054 5333 1103 5406 qui
1117 5333 1205 5389 animi
1219 5339 1328 5390 motum
1341 5350 1396 5390 non
1406 5332 1539 5390 habeant.

212 5425 393 5499 praedicabat.
1092 5423 1134 5479 11.
1147 5425 1188 5480 Ab
1209 5440 1238 5478 eo
1259 5426 1310 5494 qui
1328 5439 1382 5480 cos.
1399 5422 1438 5480 Ut
1453 5439 1510 5480 uon
1530 5419 1725 5480 viderenturne
1742 5421 1876 5480 Christo

249 5515 275 5573 5.
291 5517 418 5573 Annum.
430 5510 533 5584 libid).
544 5511 643 5569 Cratio
655 5510 730 5566 coiis
743 5515 768 5565 et
776 5525 843 5581 poc.
855 5509 954 5567 Gratia
963 5510 1014 5568 Dei
1054 5517 1167 5570 tautum
1180 5512 1334 5578 discedere,
1350 5511 1453 5585 adjecit
1465 5529 1483 5568 a
1496 5511 1565 5570 Deo.

212 5608 265 5674 est,
280 5619 336 5677 qua
349 5601 431 5660 nobis
444 5602 587 5658 donantur
600 5603 725 5673 peccata,
746 5603 779 5656 ιιι
799 5599 1015 5659 reconciliemur
