3912 6166
88 233 132 288 673
680 228 893 286 eunoutcou
912 227 1104 285 BEDDDNSE.
1658 228 1712 290 bii

114 354 309 410 Fundaverunt
323 353 410 408 irater
419 353 479 423 ejus
493 353 640 424 episcopus
652 353 829 410 Lexoviensis
844 353 1065 417 etAcentesimo
1079 353 1261 425 nonagesimo
1272 359 1378 420 octavo,
1390 354 1500 409 decima
1510 355 1596 410 tertia
1606 357 1711 414 mensis

84 445 134 515 ipse
147 442 277 497 Estoldus
291 441 439 514 collegium
463 441 634 496 Lexoviense
650 442 774 498 Parisios
793 444 874 514 juxta
913 442 990 506 Julii,
1002 442 1122 512 arripuit
1132 441 1186 496 iter
1201 442 1437 512 peregrinationis
1447 443 1522 498 ultra
1534 459 1621 512 mare,
1632 460 1711 501 asso·

84 533 202 586 Sanctam
215 530 397 594 Genoievam,
409 535 437 585 et
448 529 592 584 distribuit
602 529 732 586 Estoldus
745 531 832 588 libros
846 539 874 588 et
913 531 1003 586 cintus
1018 530 1114 585 multis
1128 529 1269 585 nobilibus
1285 531 1351 585 viris
1367 531 1492 587 Franciae
1501 539 1530 587 et
1539 534 1711 590 Northman-

85 625 171 674 cuncta
181 635 243 690 quae
258 618 294 672 ab
304 617 421 672 ecclesia
435 618 514 672 Beeei
527 615 693 685 abstulerat,
704 618 778 674 dicto
791 621 873 676 eolle-
914 621 976 686 niae,
993 620 1029 675 ad
1044 619 1212 674 visitandam
1218 624 1344 674 sanctam
1359 625 1464 675 terram
1479 621 1711 694 Hierosolymita-

85 707 138 778 gio;
152 707 185 760 de
200 711 282 761 tanta
295 708 402 762 offensa
415 707 553 762 Dominus
564 707 710 779 indulgeat
724 709 759 763 ei.
913 715 1014 764 namet
1023 708 1319 780 sanctumsepulcrum
1330 709 1452 776 Domini,
1462 716 1492 765 et
1501 711 1556 766 alia
1565 714 1712 768 sanctalo-

119 799 173 859 w
188 795 256 849 Post
268 794 422 850 discessum
437 811 502 849 vero
516 795 604 866 ipsius
619 796 735 864 Estoldi,
751 797 874 852 Gauiiri·
915 814 956 861 ca,
969 813 1020 852 nee
1031 797 1128 852 nonad
1137 796 1269 852 Sanctam
1277 796 1608 864 Catharinam,inmonto
1621 799 1709 858 Sinai.

87 884 130 938 dus
142 882 315 948 parisiensis,
333 883 424 938 dietus
438 883 473 938 de
487 884 608 952 Herone,
626 885 675 955 qui
690 885 826 942 violentia
839 885 874 941 ab
915 885 1090 941 Revertendo
1101 885 1202 940 cecidit
1216 885 1245 939 in
1258 885 1409 956 quamdam
1421 886 1538 954 foveam,
1550 887 1580 944 in
1590 905 1646 960 qna
1659 887 1713 944 iuit

87 972 171 1025 amicis
180 971 247 1027 dicti
256 971 375 1035 Esmldi.
387 989 460 1044 papa
471 974 673 1040 consentiente,
682 975 775 1030 fuerat
784 993 875 1032 remo·
915 990 966 1045 per
975 977 1032 1027 tres
1043 973 1103 1027 dies
1118 973 1193 1044 quod
1203 989 1259 1027 non
1270 973 1364 1044 potuit
1377 975 1505 1029 inveniri.
1516 975 1556 1030 De
1567 993 1622 1048 qna
1634 993 1713 1049 pere·

88 1068 134 1126 tus,
145 1077 254 1116 rursum
269 1066 312 1116 est
324 1061 430 1116 electus
444 1078 461 1115 a
476 1066 536 1116 tota
547 1064 764 1134 congregatione
779 1065 809 1120 in
823 1064 874 1121 ab·
914 1061 1083 1133 grinatione,
1095 1062 1163 1116 dum
1178 1078 1228 1132 per
1242 1062 1354 1117 deserta
1362 1068 1552 1118 reverteretur
1564 1080 1627 1120 cum
1643 1067 1711 1135 suis,

89 1149 168 1204 bamm
180 1156 208 1204 et
217 1155 359 1220 pastorem
367 1150 495 1204 Ecclesiae
506 1152 661 1220 Beecensis,
672 1157 701 1208 et
711 1152 875 1210 diedecima
915 1151 1053 1222 contingit
1063 1150 1144 1206 illum
1159 1149 1308 1218 infirmari,
1318 1151 1388 1206 adeo
1403 1157 1434 1207 ut
1447 1168 1504 1207 non
1519 1159 1630 1224 poterat
1641 1155 1715 1211 ince-

91 1245 178 1309 quarta
187 1238 291 1292 mensis
303 1238 408 1303 Martii,
420 1237 447 1294 id
463 1245 506 1294 est
520 1239 590 1294 lenia
600 1241 685 1296 tertia
697 1243 875 1300 antcanos
915 1238 982 1295 dere
996 1257 1047 1294 nee
1062 1240 1141 1310 pede,
1156 1255 1207 1293 nec
1221 1255 1302 1310 equo,
1319 1245 1348 1294 et
1366 1240 1492 1311 oportuit
1513 1247 1545 1296 ut
1568 1241 1596 1297 in
1616 1243 1714 1300 lectica

91 1326 329 1392 Palrnarum,enno
340 1325 452 1382 Domini
461 1328 610 1384 millesimo
620 1331 818 1388 trecentesimo
827 1349 876 1388 no·
916 1342 1019 1397 m88n0
1034 1325 1129 1380 18b0ie
1142 1325 1340 1396 d⁰P⁰ii³i0ii¹i
1354 1343 1418 1381 cum
1433 1329 1501 1394 suis,
1516 1329 1566 1400 qui
1580 1332 1620 1385 Sic
1633 1348 1714 1386 vene·

92 1414 219 1485 nogesimo
234 1421 363 1486 receptus
377 1432 440 1470 cnm
453 1416 557 1487 gaudio
574 1433 686 1488 magno,
701 1420 808 1476 cuncus
821 1421 876 1476 ela-
915 1419 983 1469 runt
1001 1431 1091 1485 usquc
1110 1413 1139 1468 in
1164 1413 1273 1469 ltaliam
1297 1415 1371 1486 apud
1391 1416 1542 1486 quamdam
1561 1417 1713 1488 civitatem,

93 1503 239 1558 mantibus:
257 1505 346 1560 Noel!
362 1506 446 1560 Noel!
916 1519 979 1574 quae
1000 1508 1114 1558 vocatur
1128 1502 1234 1569 Padua,
1250 1506 1279 1557 et
1301 1501 1405 1558 ibidem
1418 1521 1482 1559 cum
1497 1522 1599 1577 magno
1617 1506 1714 1563 dolore

121 1593 176 1664 lpse
186 1591 214 1648 in
223 1593 317 1666 primo
325 1610 399 1650 anno
409 1595 453 1650 sui
463 1595 600 1651 adventus
608 1597 674 1653 fecit
684 1598 745 1654 fleri
755 1591 904 1670 qugdmAE
915 1607 1040 1658 suorum,
1053 1591 1129 1645 diem
1140 1591 1242 1645 clausit
1256 1597 1420 1656 extremum,
1436 1592 1544 1648 decimo
1559 1594 1657 1667 quinto
1667 1596 1715 1653 die

92 1681 159 1750 ginta
178 1698 302 1738 cameras
324 1682 355 1739 in
377 1684 494 1755 antiquo
509 1685 684 1752 dormitorio,
701 1692 729 1742 et
751 1687 790 1742 ibi
810 1688 876 1745 fecit
916 1679 1020 1734 mensis
1035 1679 1112 1746 Julii,
1128 1695 1201 1734 anno
1218 1679 1328 1734 Domini
1347 1681 1495 1736 millesimo
1515 1683 1713 1739 trecentesimo

93 1767 201 1823 dormire
213 1769 369 1840 religiosos,
383 1769 505 1840 quiante
516 1771 693 1828 dormiebant
702 1790 787 1846 super
795 1793 874 1832 reve·
915 1770 1098 1840 nonagesimo
1121 1785 1214 1836 nono;
1235 1776 1263 1824 ei
1286 1768 1389 1824 ibidem
1406 1771 1437 1824 in
1458 1771 1579 1842 quadam
1597 1772 1715 1828 ecclesia

93 1857 215 1924 stiarinm,
226 1863 255 1912 et
263 1858 375 1914 vestivit
384 1859 481 1914 eodem
492 1861 712 1917 annosexdeeim
723 1865 875 1920 monachos
915 1857 1043 1928 Sepuiiiffi
1060 1857 1122 1912 iiiii·
1145 1857 1181 1912 iii
1204 1856 1281 1912 missi
1300 1864 1367 1913 suni
1385 1858 1498 1931 quidem
1518 1861 1553 1915 de
1574 1861 1714 1932 religiosis

94 1945 176 2000 habitu
189 1947 347 2018 religionis;
361 1953 391 2002 et
401 1949 538 2004 mundare
550 1949 615 2004 iecit
628 1967 725 2006 omnes
736 1953 872 2022 cilicinas,
915 1944 1003 2010 Becci,
1022 1946 1070 2017 qui
1085 1945 1189 2000 ibidem
1202 1945 1361 2017 sumptibus
1377 1947 1499 2003 ecelesiae
1514 1947 1641 2005 iecerunt
1653 1949 1714 2004 lieri

94 2041 117 2088 et
127 2033 257 2105 deponere
275 2036 394 2108 lapides,
413 2042 442 2091 et
459 2054 493 2092 ea
513 2038 613 2110 quibus
626 2041 738 2112 capella
751 2041 876 2098 obstrue·
915 2035 1060 2090 servitium
1074 2040 1102 2089 ei
1113 2035 1288 2106 Sepuiiufflm
1302 2035 1331 2089 in
1344 2035 1509 2092 m0ffl⁰ii³ffi
1526 2037 1595 2120 ejus.

94 2121 189 2186 bantur,
203 2129 232 2178 et
250 2123 385 2180 revitrare
399 2125 434 2180 de
448 2143 529 2193 novo,
551 2133 580 2182 et
590 2129 720 2184 maxime
739 2132 874 2202 capellam
950 2125 1024 2178 Nota
1039 2123 1215 2195 privilegium
1231 2139 1393 2178 concessum
1407 2123 1554 2178 abbatibus
1568 2124 1658 2192 Beeei,
1675 2125 1715 2180 fa·

93 2209 170 2266 Reate
180 2213 283 2281 Maria,
295 2212 324 2268 in
334 2214 413 2284 euJ‘us
422 2214 514 2270 medio
525 2215 618 2271 fuerat
627 2234 724 2273 murus
735 2221 875 2276 maximus
914 2228 980 2267 vore
993 2211 1130 2267 Gauiiridi
1146 2212 1266 2276 Harena,
1281 2217 1349 2266 tuno
1362 2211 1497 2282 temporis
1510 2210 1628 2267 abbatis.

93 2313 162 2368 quern
175 2299 240 2354 fecit
249 2301 372 2370 destrni;
389 2308 419 2356 et
432 2303 527 2368 missa,
538 2321 599 2375 quae
612 2306 737 2376 quotidie
747 2309 782 2363 ds
790 2324 874 2364 mane
952 2320 964 2353 ι
981 2300 1112 2356 Genusus
1125 2300 1281 2372 episcopus,
1297 2316 1393 2354 servus
1406 2316 1549 2356 servorum
1565 2300 1624 2368 Dei,
1641 2301 1714 2357 dile·

92 2385 188 2452 dicitur‚
199 2389 347 2445 dicebatur
356 2397 422 2446 ante
432 2393 524 2463 majus
538 2393 638 2462 altare,
649 2395 795 2468 reincoepit
806 2399 877 2453 0010.
917 2389 969 2444 etis
983 2389 1049 2444 tiliis
1059 2390 1221 2446 Gaurrnmo
1234 2387 1339 2455 abbati,
1351 2393 1380 2442 et
1391 2389 1538 2444 conventui
1551 2391 1715 2446 monasterii

92 2473 155 2530 brari
168 2477 196 2531 in
209 2478 285 2533 dicta
298 2479 416 2551 capella.
431 2480 508 2535 Fecit
523 2482 608 2536 etiam
621 2484 757 2539 mundare
772 2485 877 2558 capitu·
917 2477 951 2532 de
965 2479 1052 2532 sse000
1069 2477 1202 2544 Helium,
1219 2477 1326 2532 Oidississ
1339 2478 1428 2532 Sancti
1442 2478 1596 2544 Βθῐὶθῶθῐῑι
1608 2478 1715 2535 Retho-

93 2563 150 2632 lum,
161 2567 231 2636 quod
244 2567 339 2622 inerat
351 2574 516 2640 occupatum
532 2571 654 2641 quodam
667 2573 839 2640 molendino,
848 2579 877 2630 et
918 2566 1057 2638 megensis
1069 2566 1206 2631 dioeeesis,
1221 2566 1341 2620 salutem
1355 2572 1384 2620 et
1397 2567 1579 2636 apostolicam
1600 2567 1715 2624 benedi-

92 2651 170 2718 irmo,
187 2655 307 2727 quodam
323 2659 465 2728 granario,
486 2674 518 2712 ae
532 2660 641 2730 magnis
655 2661 759 2716 tonniis
780 2663 815 2717 ad
830 2680 878 2734 pe.
917 2653 1048 2709 ctionem.
1072 2653 1201 2725 Exposcit
1224 2659 1321 2708 vestra
1340 2653 1495 2710 devotionis
1514 2655 1670 2724 sinceritas,
1687 2662 1716 2712 et

93 2741 339 2798 nendarnsieeram.
351 2745 386 2800 Et
401 2739 583 2802 fceitdictum
596 2748 751 2819 capitulum
765 2753 794 2804 et
808 2751 877 2805 rete·
918 2743 1062 2814 religiffliis
1082 2748 1258 2814 immittetur
1279 2743 1411 2797 h⁰1¹0⁵i²⁸
1432 2747 1464 2796 nt
1484 2748 1543 2799 iam
1567 2760 1623 2809 '¹⁰⁸1
1645 2760 1715 2816 qu⁰⁵

94 2829 196 2884 ctorium
212 2830 364 2904 depingere
380 2839 409 2888 et
427 2851 572 2904 renovare,
588 2842 618 2890 et
630 2836 665 2890 de
676 2836 737 2908 ipso
751 2839 876 2910 capitulo
916 2831 1030 2904 speciali
1047 2831 1202 2886 devoiiffliiii
1214 2829 1316 2886 affectu
1330 2830 1537 2903 prosequimur,
1554 2848 1638 2903 quam
1653 2848 1715 2888 ωο-

95 2918 174 2972 onnia
183 2920 304 2987 avvierre,
314 2926 345 2975 et
353 2923 493 2994 reparavit
502 2925 598 2978 omnia
608 2941 670 2995 quae
681 2924 795 2982 fuerunt
803 2926 877 2982 facta
917 2920 1071 2976 nasterium
1089 2925 1219 2984 vestrum,
1237 2936 1300 2974 cum
1322 2919 1414 2991 dignis
1429 2920 1582 2974 honoribus
1605 2921 1716 2976 attolla-

93 3011 204 3078 tempore
217 3026 337 3080 gneum.
885 3011 997 3076 ssmus3
1017 3009 1124 3064 dudunt
1137 3007 1275 3079 siquidem
1289 3007 1402 3063 cuidam
1412 3008 1526 3064 Estoldo
1539 3007 1633 3064 abbati
1648 3009 1716 3066 dieti

124 3095 265 3168 Reparavit
279 3098 365 3153 etiam
379 3099 536 3168 ecclesiam,
552 3107 580 3158 et
595 3101 720 3158 officinas
734 3105 801 3160 dicti
818 3123 878 3161 mo.
919 3097 1094 3164 monasterii,
1111 3103 1140 3152 et
1155 3095 1231 3152 vobis
1246 3096 1312 3152 liliis
1324 3097 1482 3164 conventui,
1496 3104 1527 3153 ut
1540 3097 1616 3153 idem
1629 3099 1717 3154 Estol·

95 3184 194 3239 nasoerii
207 3185 241 3240 de
255 3193 432 3258 coopertura,
446 3189 512 3259 quia
523 3190 552 3244 in
571 3191 692 3248 adventu
709 3210 761 3249 suo
775 3194 878 3266 ubique
919 3186 972 3241 dus
991 3185 1086 3253 abbas,
1103 3192 1132 3241 et
1149 3201 1323 3240 successores
1337 3186 1380 3240 sui
1402 3184 1516 3242 abbates
1536 3187 1604 3242 dicti
1617 3204 1717 3242 mons·

95 3271 205 3340 pluebat.
220 3275 324 3330 Omnia
336 3276 461 3330 maneria
472 3283 501 3332 et
516 3280 686 3348 molendina,
698 3298 761 3353 quae
773 3283 879 3338 invenit
919 3273 1008 3334 ⁸iiiiii·
1026 3275 1073 3346 qui
1097 3291 1147 3346 lif⁰
1169 3279 1295 3344 tempore
1314 3275 1414 3343 i⁰i0¹¹is
1437 3276 1531 3343 miili·
1552 3276 1668 3345 annulo,
1689 3282 1717 3333 ei

94 3358 227 3432 mmagna
240 3363 406 3419 decadentia
420 3370 449 3419 et
467 3365 562 3435 ruina,
581 3368 707 3426 studiose
727 3371 877 3442 reperavit,
920 3363 982 3418 aliis
994 3361 1203 3435 pontificalibus
1214 3363 1353 3435 insigniis,
1369 3365 1457 3420 libere
1470 3370 1585 3437 possent
1599 3365 1650 3434 uti,
1666 3382 1718 3422 nec

96 3449 225 3505 ecclesiam
244 3453 397 3524 acquitavit
421 3453 457 3509 de
482 3455 579 3510 multis
605 3455 708 3512 debitis
728 3459 880 3530 obligatam
920 3452 1063 3524 nonquod
1076 3451 1107 3506 in
1121 3451 1196 3507 dicto
1210 3453 1390 3518 monasterio,
1402 3458 1431 3508 ot
1441 3453 1612 3526 prioratibus
1626 3453 1718 3510 eidem

96 3539 205 3607 tempore
220 3539 327 3596 Estoldi
341 3541 553 3613 praedecessoris
565 3545 619 3611 sni,
632 3551 660 3600 et
676 3546 796 3603 aliorum
808 3565 881 3620 pm·
921 3541 1092 3596 monasterio
1113 3541 1255 3612 subjectis,
1272 3557 1305 3596 ac
1326 3541 1532 3614 parochialibus
1547 3549 1576 3598 et
1589 3543 1651 3598 aliis
1667 3543 1718 3598 Ee·

97 3620 257 3682 decessorum
271 3645 397 3685 suorum.
921 3628 1023 3696 elesiis,
1038 3631 1073 3684 ad
1088 3629 1180 3701 ipsum
1201 3629 1330 3685 abbatem
1345 3637 1373 3685 et
1387 3647 1435 3685 vos
1449 3631 1531 3700 tilios,
1548 3631 1719 3702 conjunctim

126 3713 359 3772 temerassent
372 3719 519 3775 ecelesiam
533 3722 567 3776 ue
586 3728 698 3778 eentum
712 3723 792 3780 lions
816 3725 881 3781 rad·
921 3719 1118 3786 communiter,
1140 3719 1181 3773 vei
1199 3719 1335 3784 divisum,
1355 3719 1571 3790 pertinentibus.
1591 3720 1719 3792 quamvis

96 3798 160 3855 ditus
170 3805 202 3859 ad
212 3805 309 3872 vitam,
321 3823 390 3876 quas
400 3807 516 3879 quidam
526 3816 640 3864 vocatus
650 3811 750 3868 Petrus
759 3812 785 3867 le
795 3813 878 3868 Vsul-
918 3805 982 3875 sibi,
998 3813 1026 3863 et
1039 3805 1117 3862 vobis
1131 3807 1213 3878 pleno
1225 3809 1289 3878 jure
1303 3824 1360 3862 non
1374 3807 1530 3877 subessent,
1549 3809 1719 3865 benedictio·

22 3963 26 3970 Ι
95 3885 139 3956 les,
156 3893 220 3948 alias
239 3895 364 3961 Pontrel,
385 3896 506 3952 habebat
529 3897 565 3952 ad
591 3898 677 3954 vitam
698 3917 780 3956 suam
795 3919 880 3974 snper
920 3911 985 3950 nem
999 3895 1153 3950 solemnem
1167 3912 1252 3967 super
1266 3897 1412 3968 populum,
1426 3904 1490 3970 post
1503 3897 1662 3966 missarum,
1674 3915 1719 3954 ve·

96 3975 203 4035 decimas
218 3988 247 4037 et
260 3987 351 4038 terras
366 3991 477 4040 nostras
490 3985 523 4040 de
544 3986 653 4046 Caleto.
920 4000 1076 4056 sperarum,
1089 3989 1120 4048 et
1138 3984 1340 4040 matutinorum
1355 3986 1493 4041 solemnia
1509 3987 1674 4054 (dummodo
1689 3987 1718 4042 in

127 4067 189 4123 Item
202 4073 346 4126 exornavit
360 4074 527 4142 manerium,
540 4080 655 4144 terram,
667 4081 696 4132 et
710 4077 835 4134 redditus
845 4078 880 4134 de
921 4072 1115 4128 benedictione
1131 4072 1301 4144 huiusilwdi,
1320 4073 1423 4146 aliquis
1442 4075 1568 4142 antistes,
1586 4076 1629 4130 vel
1643 4073 1719 4129 sedis

96 4155 219 4232 Quevffly,
234 4179 296 4233 (μω
313 4161 455 4217 invadiata
464 4169 546 4219 omne
559 4164 691 4220 cervasio
704 4166 739 4222 de
753 4167 837 4233 Saura,
853 4173 881 4223 et
921 4161 1080 4234 apostolica
1090 4162 1199 4232 legatus
1211 4177 1333 4233 praesens
1342 4178 1399 4218 non
1411 4164 1492 4228 foret)
1503 4164 1616 4236 elargiri
1625 4181 1717 4236 posse,

97 4249 169 4300 uxori
181 4266 234 4305 sun
248 4251 285 4306 ad
299 4251 385 4307 vitam
400 4269 499 4321 suam,
516 4259 545 4308 et
559 4253 642 4309 solvit
656 4253 831 4326 octingentas
845 4251 1052 4349 li-Dduximus
1063 4249 1278 4321 indulgendum.
1296 4251 1354 4306 Nos
1368 4251 1456 4322 igitur
1469 4252 1593 4307 volentes
1612 4269 1660 4307 vos
1675 4257 1719 4307 at-

97 4332 165 4402 bras,
176 4337 294 4395 debonis
308 4341 398 4413 patris
413 4349 442 4396 et
453 4341 552 4398 matris
567 4359 634 4412 sum,
646 4360 709 4416 quae
724 4360 815 4417 nuper
828 4345 880 4400 ha·
922 4340 984 4396 tolli
1006 4339 1138 4412 ampliori
1159 4339 1344 4412 praerogativa
1361 4339 1484 4406 honoris,
1501 4339 1599 4396 vestris
1616 4340 1647 4396 in
1667 4341 1720 4398 hae

96 4421 187 4481 bnerat
198 4445 229 4483 ex
244 4429 324 4484 obitu
337 4447 445 4490 eorum.
921 4435 1002 4501 parte
1017 4429 1269 4502 supplicationibus
1287 4428 1422 4494 inclinati,
1439 4434 1471 4484 ut
1479 4434 1511 4484 tu
1525 4429 1565 4484 iili
1580 4428 1676 4498 abbas,
1691 4435 1721 4484 et

125 4511 192 4569 Item
203 4518 238 4573 ad
252 4517 402 4575 tuitionem
412 4520 550 4578 libertatis
563 4527 664 4578 nomme
673 4523 708 4578 de
722 4522 881 4579 venditione
921 4534 1095 4575 successores
1118 4517 1161 4574 tui
1185 4518 1311 4590 ejusdem
1330 4517 1494 4574 monasterii
1522 4517 1647 4588 abbates,
1671 4518 1722 4589 qui

94 4599 213 4676 piscium,
239 4607 350 4665 fortiter
374 4608 512 4667 loboravit
529 4617 627 4668 contra
645 4619 816 4668 mercatores
835 4613 884 4685 qui
924 4625 974 4680 pro
989 4613 1116 4680 tempore
1130 4607 1245 4676 tuerint,
1259 4607 1353 4674 mitra,
1364 4607 1478 4676 annulo,
1490 4612 1520 4663 et
1528 4607 1656 4680 insigniis
1670 4609 1722 4664 hu·

95 4693 253 4753 recusabant
261 4697 362 4754 alierre
373 4700 463 4772 pisces
478 4717 544 4757 suos
558 4702 668 4756 venales
683 4701 718 4756 ad
732 4702 883 4774 coquinam
922 4697 1055 4768 jusmodi,
1067 4698 1152 4752 etiam
1164 4697 1196 4753 in
1205 4695 1320 4768 synodis
1332 4700 1361 4752 et
1373 4693 1440 4751 locis
1451 4697 1600 4769 provinciae
1617 4697 1723 4754 Retho-

94 4778 176 4851 ipsius
185 4787 358 4857 monasterii,
370 4795 522 4862 antequam
532 4797 703 4864 exponerent
713 4799 761 4846 eos
770 4792 806 4847 ad
815 4807 882 4846 ven.
924 4786 1076 4856 magensis,
1091 4792 1121 4840 et
1133 4785 1163 4841 in
1188 4783 1378 4857 quarumlibet
1401 4801 1595 4857 personarum,
1612 4785 1723 4842 etiamsi

94 4869 218 4943 dandum,
235 4881 269 4932 ut
289 4877 376 4933 moris
390 4886 442 4936 est.
463 4880 628 4952 Impetravit
641 4897 660 4934 a
673 4881 798 4937 nomano
812 4896 883 4952 pon·
924 4873 1077 4947 pontificali
1087 4891 1136 4930 seu
1143 4874 1230 4946 regali
1238 4875 1402 4946 praeiulgeat
1410 4875 1723 4948 dignitate,praesentia,

94 4959 162 5016 titire
174 4966 245 5034 quod
260 4970 318 5021 tum
332 4967 393 5039 ipse
414 4984 499 5039 quam
516 4985 690 5024 successores
708 4968 751 5023 sui
770 4966 884 5023 abbates
924 4963 1076 5020 dummodo
1089 4964 1119 5019 in
1129 4963 1252 5036 synodis,
1265 4971 1293 5019 et
1307 4963 1374 5018 locis
1386 4963 1526 5036 predictis
1540 4965 1724 5037 archiepisco-

93 5048 177 5118 Becei,
191 5053 224 5109 de
240 5061 340 5111 eaetero
353 5062 468 5128 possent
480 5057 522 5112 uti
538 5058 623 5113 mitra
636 5062 665 5114 et
678 5057 741 5112 aliis
754 5057 885 5129 insigniis
925 5071 978 5126 pus
991 5053 1224 5124 Rothomagensis
1239 5070 1289 5124 pro
1304 5058 1430 5124 tempore
1445 5053 1575 5122 existens,
1586 5055 1629 5110 vel
1643 5054 1723 5109 dictae

93 5143 293 5209 pontificatibus
306 5145 449 5218 perpetuis
463 5147 645 5219 temporibus.
659 5215 666 5222 ἱ
925 5142 999 5198 sedis
1010 5143 1131 5213 legatus,
1148 5147 1199 5197 aut
1212 5142 1338 5209 nuntius,
1349 5159 1472 5214 presens
1488 5160 1543 5198 non
1561 5141 1657 5210 suerit,
1671 5155 1723 5195 nee

126 5230 233 5306 lneepit
243 5235 403 5290 clausuram
414 5253 560 5292 murorum
570 5243 599 5291 et
609 5236 729 5292 turrium
745 5236 820 5292 cirea
828 5253 886 5291 mo·
925 5249 982 5289 non
995 5231 1160 5304 corporalia,
1175 5231 1284 5298 calices,
1304 5237 1333 5287 et
1351 5231 1408 5287 alia
1422 5237 1588 5288 ornamenta
1601 5232 1637 5286 ad
1652 5229 1722 5285 divi-

92 5324 253 5393 nasterium,
268 5342 305 5380 ne
327 5325 362 5382 de
385 5332 485 5382 eaetere
500 5326 616 5381 eeclesia
632 5326 839 5398 opprimeretur
856 5331 887 5380 et
926 5339 994 5378 uum
1009 5323 1125 5388 cultum,
1150 5319 1179 5375 in
1194 5319 1364 5376 monasterio
1385 5321 1536 5392 prioratus,
1552 5327 1581 5374 et
1600 5319 1722 5376 eeclesiis

93 5421 273 5485 occuparetur
281 5419 409 5488 tempore
420 5431 599 5487 guerrarum,
607 5417 682 5471 sicut
688 5422 774 5471 antea
782 5415 884 5471 iuerat.
926 5410 1075 5486 predictis,
1092 5426 1125 5465 ae
1139 5415 1203 5476 m)
1212 5409 1289 5474 loeis,
1300 5415 1330 5465 et
1339 5410 1411 5477 aliis,
1423 5408 1458 5463 ab
1473 5409 1572 5464 eodem
1581 5412 1722 5463 monaste-

125 5502 161 5557 Et
178 5519 250 5561 anno
268 5506 422 5562 Domnrieae
436 5505 639 5562 incarnationis
662 5504 812 5562 millesimo
831 5509 886 5560 tre-
926 5501 969 5558 rio
984 5497 1216 5574 dependentibus,
1233 5498 1391 5555 necessaria
1405 5496 1578 5564 benedicere,
1594 5513 1645 5554 nec
1666 5512 1723 5554 non
