3970 6172
129 359 196 420 ffli
869 372 1014 430 nuslce.

125 502 208 544 more
221 491 377 546 metrorum
391 490 476 548 certis
488 489 598 564 legibus
607 491 802 566 dimetiantur,
816 501 849 554 nt
862 501 930 554 sunt

127 576 321 633 Ambrosiam.

125 681 187 737 XX.
205 684 332 751 Ormiiier
346 700 398 755 per
416 687 519 742 oocoler
541 693 639 744 contar
655 695 771 760 possunt
791 695 925 762 consponi.

1256 639 1287 678 so

968 717 993 776 F
1090 721 1115 776 ri
1213 721 1237 777 ri
1298 723 1333 778 lis

162 788 265 846 Adhuc
288 795 318 846 et
339 791 425 848 aliam
449 793 614 850 modulandi
642 801 832 853 monstramus
853 797 927 854 viam
1161 835 1194 875 ιθ

126 876 277 949 pulchram
300 895 379 947 sene,
402 881 453 938 sed
477 887 543 938 aute
573 883 729 941 Gnidonem
752 885 927 942 inusitatam.
1043 917 1087 971 M„
1125 933 1143 972 a

126 965 264 1038 Inprimis
286 966 317 1023 in
340 969 421 1041 cuius
445 971 506 1026 toni
528 977 642 1028 centum
670 989 838 1045 componere
861 975 929 1032 velis

126 1059 222 1110 ιιιιιιιι
242 1056 384 1113 destinato
406 1077 414 1113 :
434 1065 464 1114 ιι
477 1060 602 1133 quinque
625 1062 700 1118 tonis
725 1079 789 1118 cum
811 1065 929 1120 lotidem

128 1141 277 1200 rotalibus
295 1160 347 1217 per
366 1145 492 1203 ordinem
515 1151 712 1223 suprascriptis
726 1152 827 1208 collato
841 1153 871 1209 in
885 1159 930 1209 ta-
1029 1115 1088 1186 sup

129 1229 216 1296 bulis,
241 1237 271 1288 et
292 1235 446 1292 seeundum
471 1238 545 1309 quod
568 1243 597 1294 te
620 1239 797 1311 singularum
820 1243 930 1298 vocales
1012 1289 1104 1301 ...-

130 1318 265 1376 duxerint
291 1323 475 1395 syllabarum,
503 1327 629 1383 canendo
656 1328 711 1384 rils
737 1329 850 1387 incedas
876 1331 930 1387 hoc
970 1297 995 1358 F
1098 1308 1138 1380 PH
1227 1309 1258 1362 5¹¹

129 1409 235 1464 modo:

166 1495 241 1554 Item
254 1499 372 1559 alterins
385 1503 463 1560 modi
477 1520 528 1577 per
540 1504 659 1562 eandem
674 1507 971 1583 mgulamFGAbc.

728 2651 763 2706 pe
941 2651 1053 2706 semper

526 2748 573 2786 am
805 2739 852 2788 tra

132 2884 274 2951 Quoniam
297 2887 393 2938 autem
416 2882 481 2949 ista,
503 2899 589 2954 quam
611 2882 750 2948 dedimus,
767 2881 1029 2951 modulandiB(ll)
1041 2883 1364 2938 Nunliurcelsovcniem
1375 2885 1483 2953 olympo
1494 2887 1517 2937 te
1528 2885 1676 2952 patrinum
1691 2897 1767 2954 mac.

131 2973 232 3046 regule
244 2972 338 3029 minus
348 2970 445 3026 stricta
454 2969 605 3038 videretur,
617 2971 738 3043 qualiter
745 2972 878 3028 laxiorem
889 2977 931 3026 at
970 2973 1036 3026 Fore
1050 2975 1227 3027 naseiturum
1235 2976 1366 3026 numenei
1374 2973 1770 3040 vilesememperendaordine

133 3077 189 3134 que
208 3059 368 3117 liberiorem
383 3059 568 3131 componendi
583 3059 656 3114 viam
666 3066 697 3117 tu
711 3060 802 3132 possis
816 3075 926 3132 parere,
1604 3059 1731 3131 [promis.

133 3149 323 3206 edocebimus.
341 3147 463 3220 Dispons
477 3165 536 3211 sex,
559 3151 689 3216 relecto,
707 3150 850 3205 verenam
866 3150 930 3222 plu·
971 3148 1091 3203 Possent
1109 3152 1205 3204 tamen
1222 3149 1332 3204 vocales
1350 3147 1401 3203 tali
1420 3148 1503 3204 modo
1520 3149 1606 3204 etiem
1621 3147 1767 3222 triplicari,

130 3255 187 3304 res,
204 3239 229 3294 si
243 3239 341 3304 libeat,
352 3253 403 3310 per
413 3237 540 3293 ordinem
549 3243 639 3302 notas,
657 3238 753 3310 eisque
763 3239 871 3294 vocales
881 3238 931 3296 du·
971 3235 1015 3290 vel
1034 3236 1251 3308 quadruplicari,
1276 3236 1330 3291 nisi
1353 3236 1427 3308 quod
1450 3241 1518 3291 tunc
1542 3237 1631 3292 nimia
1643 3236 1770 3294 conlusio

129 3328 243 3401 pliciter
253 3327 407 3394 adscribas,
429 3327 470 3381 ita
492 3327 608 3394 scilicet,
631 3333 665 3384 ut
685 3327 838 3401 unicuique
857 3325 931 3385 nota
972 3325 1135 3380 modulandi
1150 3325 1308 3381 obsisteret.
1325 3326 1395 3381 Cum
1407 3325 1551 3398 linquent
1560 3331 1704 3382 ostensum
1715 3332 1769 3397 est,

131 3416 203 3474 duas
217 3416 345 3473 seriatim
358 3414 497 3471 attribuas
508 3416 561 3471 boc
576 3416 659 3471 modo
672 3418 748 3490 (lem
972 3420 1072 3470 cantus
1083 3431 1134 3487 per
1147 3416 1255 3470 vocales
1270 3420 1464 3487 componatur,
1475 3416 1567 3488 sitque
1578 3417 1769 3486 mendesium,

339 3504 350 3559 i
386 3520 403 3559 ο
439 3520 460 3560 ιι
495 3521 513 3560 ιι
549 3520 565 3560 e
600 3503 612 3560 i
648 3520 664 3558 ο
700 3521 722 3560 u
972 3519 1006 3558 ex
1022 3502 1161 3560 vocalibus
1175 3510 1314 3571 muniere,
1335 3521 1508 3576 quacunque
1522 3503 1665 3574 dicuntur,
1675 3505 1772 3562 rectis·

338 3591 360 3648 F
387 3591 412 3648 G
439 3607 457 3647 ιι
492 3590 511 3646 b
547 3607 562 3654 c
591 3591 617 3648 'd
654 3608 670 3648 e
705 3591 720 3646 l
973 3591 1306 3666 simeaitGuido,quod
1327 3593 1363 3649 ad
1384 3598 1499 3650 cantum
1523 3593 1669 3666 redigatur
1687 3610 1770 3652 omne

340 3695 359 3736 o
394 3696 414 3737 u
442 3696 462 3735 a
497 3695 513 3735 e
549 3679 559 3734 i
595 3695 612 3736 o
648 3697 668 3737 u
704 3697 722 3736 a
974 3680 1174 3754 quoddicitur.

172 3770 548 3835 reclamassemus,
562 3775 665 3838 parare
678 3772 754 3826 viam
767 3772 894 3841 omem,
1007 3785 1083 3844 xxi.
1096 3789 1168 3856 oure
1181 3791 1313 3846 seersum
1327 3790 1447 3858 areant
1460 3789 1734 3850 memsaeumm

167 3860 477 3928 Rectmsacilesemllm
488 3859 644 3914 lleinortn'.
1305 3864 1435 3920 inventa.

164 3947 238 4003 vide
252 3951 447 4014 solemnem
459 3945 525 4010 iste,
538 3963 623 4018 quem
637 3947 834 4019 promisimus,
847 3965 931 4006 roco·
1007 3947 1050 4004 Ne
1072 3947 1144 4005 forte
1167 3965 1234 4005 reru
1255 3954 1366 4004 moreat
1385 3948 1528 4017 lectorem,
1545 3949 1619 4022 quod
1633 3950 1664 4007 in
1676 3947 1769 4023 primo

129 4037 202 4093 lium
222 4035 370 4109 dispositio
384 4035 420 4091 sd
431 4036 484 4092 hor
499 4035 624 4104 inducat,
639 4042 672 4093 ut
688 4053 737 4094 eas
750 4053 863 4110 semper
880 4055 931 4095 ne·
972 4037 1096 4109 capitulo
1109 4036 1135 4093 ei
1148 4037 1332 4110 injunximus,
1348 4042 1380 4093 ut
1394 4041 1507 4092 canmre
1521 4053 1572 4109 per
1588 4039 1708 4095 musicas
1721 4055 1768 4095 as·

128 4123 252 4182 mano
265 4124 308 4180 ita
320 4124 509 4198 disponendas
521 4125 663 4182 existimes
678 4144 684 4177 :
702 4125 777 4183 sicut
791 4127 865 4183 enim
875 4128 932 4200 pic-
939 4161 960 4220 C
972 4131 1114 4181 suesceret
1127 4141 1254 4190 neumas,
1271 4131 1300 4182 et
1313 4126 1349 4182 de
1362 4125 1403 4182 eis
1418 4132 1540 4182 tractare
1553 4126 1698 4199 hucusque
1712 4127 1769 4183 dis·

129 4213 240 4270 toribus
254 4219 340 4286 atque
354 4213 445 4286 poetis
458 4213 524 4270 licet
539 4214 663 4287 incipere
677 4216 752 4286 quod
763 4217 861 4272 volunt
872 4238 879 4278 ι
891 4217 930 4272 sic
970 4215 1103 4284 tulimus,
1119 4216 1249 4271 attendat
1270 4214 1346 4287 quod
1367 4231 1423 4270 non
1443 4213 1493 4270 abs
1510 4230 1541 4270 re
1560 4215 1677 4271 fecimus
1691 4233 1698 4270 :
1712 4213 1768 4272 nisi

130 4301 267 4358 nimirum
282 4301 322 4356 sic
336 4301 493 4358 modulanti
514 4317 565 4373 per
584 4301 693 4358 uocales
707 4319 788 4374 sequa
806 4309 930 4375 potestas
971 4303 1047 4359 enim
1065 4304 1144 4376 prius
1163 4303 1248 4360 sciret
1268 4303 1374 4360 musice
1397 4319 1508 4369 canere,
1523 4305 1651 4376 exempla
1662 4305 1769 4376 passim

130 4395 175 4446 est
192 4407 244 4462 pro
258 4389 328 4445 velle
343 4406 395 4446 suo
407 4406 455 4445 ees
469 4389 499 4446 in
516 4390 651 4464 principio
664 4390 813 4464 disponere
829 4390 931 4448 .item-
973 4391 1008 4446 ob
1023 4391 1148 4448 diuersas
1159 4407 1257 4449 causas
1274 4393 1437 4448 introducta
1450 4392 1611 4449 nullatcnus
1626 4398 1718 4464 posset
1728 4392 1770 4448 in·

131 4495 188 4552 que
209 4478 448 4551 quemadmodum
470 4479 526 4534 illis
545 4479 748 4552 providendum
768 4486 820 4546 est,
836 4486 869 4537 ut
891 4481 931 4547 id,
973 4480 1100 4552 telligere
1121 4482 1286 4538 (iurantem
1301 4481 1455 4537 aGuidone
1469 4482 1587 4536 inventae
1601 4481 1772 4555 sintbujus·

131 4568 207 4641 quod
220 4567 386 4639 inceperunt
400 4566 556 4640 perficient,
573 4567 622 4623 isti
639 4568 678 4623 ila
693 4568 863 4624 studendum
878 4575 929 4637 est,
973 4571 1049 4627 modi
1063 4588 1181 4638 neumae,
1193 4587 1248 4628 nou
1262 4571 1356 4627 statim
1368 4570 1575 4642 oportuitdici;
1591 4587 1655 4626 cum
1669 4587 1769 4628 earum

130 4661 164 4711 nt
172 4655 301 4712 ordinem
314 4655 455 4728 inceptum
467 4657 605 4711 finetenus
617 4657 746 4713 deducat.
763 4657 847 4713 Verbi
864 4675 931 4730 gra-
973 4675 1058 4716 ceusa
1079 4667 1106 4716 et
1129 4661 1237 4716 utililas
1259 4676 1309 4731 per
1326 4675 1369 4722 ea,
1384 4675 1446 4731 qua
1457 4661 1517 4730 jam
1532 4658 1677 4730 praemisse
1691 4664 1768 4728 sunt,

131 4743 173 4800 tia
189 4760 196 4795 τ
211 4745 284 4800 Cum
299 4743 374 4799 enim
385 4761 437 4817 ego
447 4744 476 4800 in
484 4745 628 4817 praemisso
636 4749 721 4802 cantu
729 4751 865 4819 parypate
872 4764 933 4802 me·
973 4745 1041 4800 satis
1055 4745 1142 4816 possit
1153 4744 1272 4817 experiri
1284 4759 1290 4794 :
1302 4759 1365 4798 oum
1374 4743 1449 4798 enirn
1460 4743 1488 4797 in
1503 4743 1649 4799 usualibus
1658 4743 1771 4799 neumis

130 4847 184 4888 son
199 4836 228 4888 oi
242 4832 433 4904 attribuerim,
445 4839 478 4890 tu
491 4833 595 4890 ibidem
610 4840 645 4902 ci,
662 4835 705 4890 vel
714 4851 758 4902 co,
768 4835 813 4890 vel
827 4852 875 4902 aa,
890 4836 934 4892 vel
973 4833 1124 4889 intervella
1138 4831 1259 4889 discerni
1273 4849 1329 4888 non
1342 4832 1463 4900 valeant,
1476 4838 1642 4905 cantusque,
1658 4833 1707 4905 qui
1720 4848 1771 4904 per

129 4919 271 4994 quidquid
292 4921 350 4977 tale
376 4921 507 4988 volueris,
530 4922 624 4978 locare
643 4924 759 4995 poteris,
780 4923 933 4981 dummodo
973 4921 1770 4994 easdicuutur,stebilimemorineommeuderinequeent,

127 5009 269 5082 persistas
283 5009 313 5066 in
328 5010 435 5078 ordine,
449 5027 533 5084 quem
547 5011 693 5084 inceperis.
703 5012 783 5077 Quod
797 5018 830 5068 ιιι
843 5012 934 5084 magis
973 5010 1093 5083 ideoque
1101 5011 1130 5068 in
1144 5010 1272 5068 mutibus
1287 5010 1415 5083 plurime
1428 5009 1565 5066 falsitates
1577 5009 1771 5081 obrepantbae

125 5103 238 5171 pateat,
253 5099 360 5155 melum
372 5097 489 5156 alterins
507 5099 585 5156 modi
599 5101 719 5175 exempli
731 5099 934 5175 gretiasuppo·
973 5107 1069 5156 autem
1079 5099 1771 5167 omnisinterualladistinctedemonstrentusque

125 5187 225 5245 nimus
240 5205 248 5244 ι
974 5190 1054 5254 adeo,
1070 5195 1103 5246 ut
1115 5205 1239 5246 errorem
1254 5189 1368 5262 penitus
1387 5187 1545 5249 excludant,
1561 5191 1591 5240 et
1603 5183 1770 5240 oblivionem

346 5296 362 5336 e
397 5275 409 5335 i
443 5296 462 5336 o
497 5295 518 5337 n
553 5295 572 5336 a
606 5295 623 5338 e
658 5279 669 5336 i
704 5295 721 5337 o
974 5279 1102 5346 canendi,
1117 5279 1142 5336 si
1155 5279 1243 5336 semel
1259 5278 1382 5351 perfecte
1394 5277 1452 5332 sint
1460 5276 1589 5346 cognite,
1604 5289 1660 5329 non
1670 5271 1772 5328 admit·

344 5367 366 5425 0
390 5367 415 5424 D
440 5368 463 5424 Ε
493 5367 516 5426 F
548 5369 573 5440 ‚G
608 5386 627 5424 ιι
655 5368 674 5424 b
709 5385 726 5424 e
973 5360 1773 5440 tant;quisnonmagnamineisutilitatcmesserideatl

342 5453 354 5515 i
390 5473 407 5512 o
442 5472 463 5512 ιι
498 5472 517 5512 a
552 5473 568 5512 e
608 5451 620 5514 i
656 5475 674 5513 o
708 5472 729 5514 u
947 5457 1208 5542 „Qualltcrautsm
1223 5455 1393 5527 irregulares
1408 5450 1770 5525 neumaepotiuserrorem,

165 5614 226 5688 (lep
240 5615 477 5674 nsceademlere
491 5616 933 5692 supraianidoneetAribone.
975 5599 1119 5658 diflssiimi·
1655 5667 1662 5678 .
1699 5682 1705 5698 ⁸

124 5687 541 5764 Notnmmautiquniterum
553 5689 698 5766 pessimis
711 5690 934 5765 exemploeusto
950 5732 964 5752 ..
1012 5687 1129 5764 (lllllic
1145 5686 1285 5750 incudice
1307 5683 1505 5762 exprimuntur
1522 5683 1626 5744 ιιιιιιιιι
1648 5688 1772 5758 nanque
