3882 6172
118 226 177 284 rm
521 225 603 280 vnn
625 229 652 281 s.
676 225 851 282 uranium
872 221 1024 278 nunnus
1046 220 1240 276 succensis
1261 223 1373 281 ruini.
1522 291 1529 300 ,
1716 237 1769 293 rm

117 352 213 408 Porro
227 350 348 424 nequod
363 349 493 405 meroris
508 346 635 412 nubilum
659 350 714 407 diei
738 350 813 406 illius
836 351 926 405 lucem
936 348 960 409 Α
970 345 1146 418 accipiebant
1160 345 1284 404 dicerent
1297 349 1411 406 modum
1420 355 1571 412 excessisse
1586 374 1593 424 ;
1613 373 1705 433 neque
1718 377 1765 418 so·

115 441 289 508 offenderet,
300 439 359 494 Deo
371 437 535 505 miserante,
550 439 586 494 ad
601 439 675 494 diem
690 439 852 512 plenissime
864 456 928 494 con·
967 434 1026 490 lum
1042 452 1075 490 aa
1090 435 1144 503 die,
1170 436 1217 490 sed
1239 437 1333 493 multis
1350 457 1400 512 per
1423 441 1529 515 aliquot
1543 451 1608 502 ante
1623 448 1683 504 dies
1698 450 1767 507 dum

113 529 221 585 valuit,
968 522 1176 596 operiebantur,
1202 525 1243 580 ita
1265 527 1399 582 servitum
1423 536 1474 585 est.
1492 531 1666 590 Venerabilis
1680 537 1767 594 abbas

152 617 251 688 Igitur
261 613 518 671 decimoKalendas
528 615 702 680 Novembris,
713 615 827 672 annoab
835 615 926 672 lncar·
967 613 1113 685 requirens
1128 613 1301 680 aministris,
1324 617 1371 688 qui
1395 618 1473 674 ibant
1492 637 1524 675 ac
1547 623 1686 692 redibant,
1716 645 1767 683 nec

114 706 238 761 natione
244 704 356 760 Domini
363 704 510 759 millesimo
518 705 725 776 septuagesimo
731 705 926 777 septimusan·
967 705 1109 756 momento
1119 718 1175 757 uno
1188 702 1249 758 loco
1261 709 1336 758 stare
1349 711 1488 776 poterant,
1505 711 1572 782 quid
1585 720 1711 785 egerent,
1721 716 1766 772 di-

112 792 413 850 manciscereris
434 793 604 849 reverendus
622 794 751 865 gentium
760 793 926 850 transmari·
965 795 1070 858 curent,
1092 806 1129 844 an
1149 797 1277 862 sumptus
1292 793 1383 849 adlruc
1397 795 1557 866 delicerent,
1588 819 1650 856 cum
1670 803 1764 874 potius

113 901 221 939 aarum
237 898 366 938 summus
389 880 514 954 pontifex
528 882 701 938 Lanfrancus
720 883 842 950 advenit,
857 899 924 938 con-
966 877 1344 948 abundareaudiebatabeis‚
1356 885 1465 953 quoties
1475 885 1577 944 illedie
1587 891 1658 946 dixit
1673 895 1764 961 :Ouid

112 972 256 1028 mdo
281 977 529 1028 consummaturus
552 973 698 1028 ecclesium
725 989 810 1044 quum
835 971 924 1044 iuspi-
967 969 1121 1021 retribuum
1138 968 1252 1022 Doruino
1272 985 1323 1037 pro
1337 973 1535 1042 omnibusque
1549 981 1680 1034 retribuit
1694 983 1767 1038 mita·

98 1067 200 1116 ·rante
210 1061 268 1116 Deo
283 1060 448 1124 inchoatur
469 1065 498 1115 et
515 1060 545 1116 in
570 1061 650 1132 cujus
665 1060 840 1117 exstruendis
865 1061 924 1117 lirn-
964 1054 1048 1123 (Psoi.
1066 1068 1128 1122 osv,
1146 1054 1211 1126 l2);
1232 1061 1261 1111 et
1280 1057 1398 1113 dicendo
1420 1059 1474 1116 ista
1497 1064 1571 1119 solas
1590 1067 1765 1126 retribuebat

113 1150 259 1205 &mentis
273 1149 395 1222 lapidem
419 1150 571 1204 secundum
591 1149 651 1222 ipse
666 1167 753 1205 manu
766 1166 819 1204 sua
835 1150 924 1222 impo-
966 1143 1084 1198 Domino
1096 1145 1233 1216 lacrymas
1248 1151 1365 1216 agentes
1379 1134 1487 1219 gratias
1502 1169 1552 1224 pro
1567 1157 1704 1212 concessis
1713 1158 1767 1215 sibi

113 1240 182 1295 snit.
204 1240 405 1295 Convenerunt
432 1238 555 1294 universi
575 1238 769 1294 Northmania
788 1237 920 1310 episcopi,
963 1238 1007 1288 tot
1019 1232 1179 1301 beneficiis;
1195 1251 1227 1290 ae
1242 1236 1352 1298 merito,
1367 1238 1442 1308 quia,
1459 1241 1571 1297 exclusa
1583 1247 1659 1300 omni
1673 1265 1763 1319 penu·

114 1328 243 1397 abbate,
264 1334 296 1384 et
321 1328 371 1384 elii
394 1328 497 1401 quique
529 1326 654 1399 religiosi
681 1327 753 1395 riri;
781 1327 924 1384 affuerunt
963 1320 1015 1388 rie,
1032 1323 1108 1376 onrni
1137 1323 1232 1378 aDeo
1247 1324 1460 1383 subministrata
1478 1331 1673 1390 serviebantur
1686 1337 1766 1392 suill-

111 1434 243 1488 proceres
258 1417 348 1489 regni.
378 1417 436 1471 Rex
454 1417 517 1471 aliis
533 1416 665 1472 detentus
679 1415 800 1487 negotiis
824 1417 922 1472 adesse
963 1408 1067 1463 uituliu

112 1523 167 1562 uuu
178 1506 286 1578 putuit,
301 1505 411 1576 Rugiuu
433 1504 576 1560 mathildis
603 1503 694 1559 libens
715 1504 851 1570 affuisset,
868 1504 922 1560 uisi
998 1497 1156 1564 remedie,
1171 1499 1279 1555 seculis
1290 1503 1488 1560 memorandus
1506 1507 1566 1576 jam
1584 1509 1765 1581 saepedictus

114 1595 198 1666 regiis
211 1594 331 1650 detenta
346 1592 576 1665 occupationibus
592 1593 709 1662 luisset;
726 1593 808 1650 alluit
825 1598 921 1649 tamen
963 1585 1179 1642 cantuariorum
1189 1589 1424 1662 archiepiscopus,
1438 1574 1502 1657 etc}
1515 1594 1549 1650 ub
1558 1596 1695 1654 universis
1709 1599 1767 1656 fra·

114 1684 377 1756 puuwuducuutum
391 1681 582 1738 muufiuuutiu
595 1700 653 1739 suu
667 1683 855 1754 largitionum,
865 1661 952 1738 N0.B
962 1675 1052 1730 tribus
1066 1676 1152 1730 eundi
1168 1677 1330 1733 missionem
1342 1681 1476 1752 poposcit.
1489 1683 1556 1748 Quis
1566 1689 1767 1746 tantumtantae

115 1772 164 1826 luit
183 1773 244 1828 Rex
260 1771 493 1845 supumuuupuri
512 1771 612 1843 grutiae
639 1789 697 1828 suu
719 1788 815 1843 regem
833 1777 920 1828 terre-
961 1764 1091 1820 intereos
1101 1764 1282 1837 benignitatis
1293 1767 1384 1824 virum
1395 1771 1571 1828 recedentem
1581 1775 1660 1831 siccis
1675 1777 1765 1834 oculis

114 1877 179 1916 num
194 1878 362 1934 supremam
379 1877 494 1917 manum
513 1860 668 1933 imponere,
691 1860 744 1916 sibi
768 1865 858 1916 tetum
873 1878 919 1916 re·
961 1854 1086 1925 aspicere
1111 1855 1221 1926 potuit?
1246 1856 1350 1913 Omnes
1373 1869 1527 1932 eruperunt
1553 1862 1581 1917 in
1613 1864 1762 1937 iacrymas,

116 1967 230 2006 servans
253 1951 350 2023 operis
379 1951 565 2006 consummati
586 1949 733 2022 gaudium,
759 1950 832 2022 qnod
847 1950 921 2006 infra
962 1943 1070 2016 parvuli
1083 1961 1140 1999 non
1156 1944 1447 2010 valebantconsoleri;
1470 1952 1597 2024 consulto
1612 1955 1766 2012 maturavit

115 2039 253 2096 sexdecim
270 2055 360 2095 annos
379 2040 446 2095 solis
460 2055 614 2110 pauperum
631 2038 759 2111 expensis
772 2038 922 2111 complevit
962 2049 1113 2098 recessum,
1135 2040 1274 2105 quatenus
1296 2051 1313 2089 a
1331 2037 1399 2092 lietu
1411 2055 1441 2092 ae
1454 2039 1631 2096 continerent
1644 2043 1688 2098 rel
1703 2049 1767 2116 post

117 2128 333 2194 monasterium,
346 2145 410 2184 uum
421 2127 551 2184 omuibus
561 2127 682 2184 officinis
697 2144 767 2199 opus
775 2126 922 2200 pulchrum
963 2122 1024 2192 ejus
1034 2121 1183 2178 dicessum.
1205 2122 1298 2178 Abbas
1310 2125 1471 2194 llerlurnus,
1487 2145 1551 2184 cum
1566 2147 1652 2202 supra
1666 2148 1765 2190 omnes

117 2223 142 2272 ut
151 2217 321 2275 maximum,
336 2217 484 2273 Affuuruut
498 2224 527 2272 ut
541 2218 620 2288 regui
633 2217 757 2272 Francius
772 2216 923 2284 clarissimi
963 2211 1098 2266 mortales
1112 2228 1220 2279 amans,
1241 2219 1269 2269 et
1279 2212 1315 2268 ab
1329 2231 1362 2269 eo
1371 2222 1492 2284 amatus,
1509 2218 1700 2276 discedentem
1715 2238 1767 2294 per

117 2305 255 2372 consules,
268 2311 298 2360 et
307 2322 340 2360 ex
350 2304 414 2360 aliis
432 2307 511 2377 regni
528 2305 654 2376 ejusdem
665 2304 832 2377 primatibus
845 2322 922 2360 com·
964 2299 1020 2355 duo
1029 2300 1161 2356 milliaria
1180 2309 1342 2373 prosecutus
1355 2309 1398 2359 est
1413 2306 1545 2373 amicum,
1557 2309 1591 2363 ad
1606 2325 1673 2365 suos
1687 2309 1766 2368 visus

115 2393 218 2466 plures,
244 2394 350 2460 clerici,
367 2393 496 2450 monachi
511 2411 543 2450 ex
558 2394 696 2449 universis
728 2393 922 2465 adjacentibus
963 2405 1109 2460 nunquam
1120 2389 1149 2445 in
1159 2391 1211 2445 huc
1218 2391 1275 2447 litu
1284 2391 1404 2448 ulterius
1412 2394 1579 2452 rediturum·
1595 2398 1664 2463 Quae
1673 2399 1766 2457 cordis

116 2483 277 2556 provinciis,
292 2483 429 2539 confluxit
449 2483 628 2540 innumerum
652 2499 743 2554 genus
762 2482 918 2538 hominum.
962 2479 1132 2545 amaritudo,
1160 2481 1208 2551 qui
1223 2481 1306 2536 ssatus
1322 2483 1448 2554 quamvis
1461 2487 1716 2559 comprimerentur
1734 2491 1764 2547 in

117 2573 216 2644 Agitur
230 2571 372 2627 dedicatio
380 2571 526 2628 laetissima
535 2572 724 2634 solemnitate,
738 2577 767 2626 et
775 2571 921 2627 solemnis·
961 2569 1022 2640 ipso
1043 2569 1143 2624 ultimo
1161 2570 1231 2633 vale,
1259 2577 1288 2625 et
1302 2570 1402 2626 ultimo
1419 2571 1454 2627 ab
1477 2573 1596 2630 invicem
1619 2577 1763 2634 discessui

117 2660 625 2725 simaomniumalacritate,alacritati
635 2661 781 2717 hominum
797 2677 847 2716 aer
860 2660 920 2732 ipse
961 2657 1114 2728 Postquam
1130 2675 1258 2714 reuersus
1279 2665 1332 2727 est,
1347 2659 1485 2717 sedensin
1495 2666 1765 2723 camerasoluscuur

116 2749 288 2820 purissimus
320 2749 436 2820 diesque
454 2748 643 2804 lucidissimus
667 2747 831 2817 arridebat;
862 2766 920 2821 pra
961 2745 1652 2821 solo,quisibiexomnibuseratfamiliarissimue,
1668 2757 1765 2810 conci-

117 2839 241 2894 tumnltn
250 2838 486 2894 circnmeuntinm
497 2838 664 2910 populorum
675 2837 719 2893 vix
733 2837 921 2894 exaudiuntur
961 2836 1028 2890 tatis
1040 2835 1206 2906 permittens
1222 2835 1353 2908 lacrymis
1366 2837 1499 2907 habenas,
1529 2840 1564 2895 ad
1586 2841 1687 2897 coelum
1703 2859 1764 2900 ma-

119 2927 192 2982 cbori
220 2927 395 2983 canentium.
413 2924 446 2981 ln
461 2931 540 2982 tenta
553 2927 750 2998 compilatione
764 2928 858 2983 nullus
878 2929 922 2982 la·
962 2941 1015 2980 nus
1028 2925 1129 2980 levavit
1156 2943 1161 2978 :
1188 2930 1217 2980 et
1243 2925 1287 2980 his
1301 2926 1392 2981 verbis
1411 2927 1475 2982 ait:
1499 2930 1610 2984 «Nunc
1633 2933 1763 3000 dimittis,

117 3015 200 3071 sionis
221 3017 345 3088 alicuius
368 3015 525 3072 molestiam
539 3016 628 3071 sensit
643 3035 649 3084 ;
671 3016 748 3071 nulla
759 3017 787 3072 in
802 3017 949 3088 agendisc
959 3030 1070 3068 seruam
1085 3017 1176 3080 luein,
1193 3016 1316 3081 Domine,
1329 3017 1359 3068 in
1369 3032 1447 3086 poce,
1462 3021 1529 3086 quie
1539 3019 1671 3075 ciderunt
1692 3024 1768 3077 oculi

117 3105 239 3161 turbatio
255 3104 378 3161 obvenit.
400 3105 518 3160 Peracta
538 3105 725 3177 processione,
749 3105 792 3160 vix
808 3105 921 3178 pontisi-
962 3105 1017 3157 mei
1026 3103 1103 3172 (luc.
1123 3115 1154 3165 n,
1170 3100 1229 3171 99).
1248 3103 1328 3167 Quod
1352 3110 1383 3160 ut
1398 3105 1520 3161 viderem
1537 3112 1689 3179 antequam
1704 3124 1765 3165 mo·

117 3193 192 3250 cibus
205 3195 318 3250 intrare
335 3193 401 3250 licet
417 3194 476 3250 sine
496 3194 648 3249 collisione.
666 3194 780 3266 ,irrupit
801 3211 921 3268 sequens
962 3207 1040 3247 rerer
1051 3207 1230 3262 summopere
1244 3191 1387 3263 optabam,
1398 3194 1628 3252 etindesinenter
1638 3214 1653 3253 a
1664 3203 1694 3253 te
1705 3215 1768 3254 ora·

117 3284 236 3355 populus
250 3283 358 3339 avulsis
373 3288 437 3350 ao
450 3283 580 3339 omnibus
597 3283 702 3354 januis,
719 3282 857 3339 universis
875 3290 919 3339 ta-
961 3279 1045 3348 bam;
1061 3279 1221 3352 adimplesti
1232 3298 1294 3352 quae
1304 3281 1395 3350 volui3
1411 3300 1486 3339 nunc
1499 3301 1596 3341 servus
1605 3292 1672 3342 tuus
1684 3287 1765 3344 letus

117 3388 178 3427 men
193 3371 302 3437 illaesis,
332 3375 469 3444 quantum
493 3371 614 3426 ecclesiae
642 3370 804 3442 spatiositas
828 3372 921 3443 potuit
960 3367 996 3423 ad
1008 3375 1037 3424 te
1051 3368 1112 3434 ibit,
1130 3370 1374 3442 quacunquehora
1385 3370 1436 3426 tibi
1448 3373 1595 3443 placuerit.
1615 3375 1687 3430 »Sic
1700 3393 1764 3432 ver·

116 3459 283 3533 mingere.
294 3457 509 3516 Distribuuntur
519 3460 620 3515 altaria
630 3459 820 3516 consecranda
830 3460 920 3533 ponti·
959 3457 995 3512 ba
1004 3458 1179 3529 compressit,
1189 3459 1238 3514 sed
1251 3459 1439 3532 lacrymarum
1447 3462 1623 3518 allluentiam
1633 3463 1764 3520 cohibere

115 3548 221 3615 ficibus,
238 3548 334 3620 ipsum
349 3548 501 3622 principale
521 3548 690 3604 sacrandum
711 3549 919 3620 archiepiscopo
960 3563 1016 3601 non
1032 3547 1132 3618 potuit,
1148 3547 1236 3604 donec
1250 3547 1337 3604 irater
1364 3549 1411 3621 qui
1440 3567 1503 3605 eum
1531 3568 1564 3607 eo
1583 3553 1762 3624 loquebatur,

114 3637 261 3692 remansit.
271 3637 474 3708 inspectorem
486 3636 916 3706 ecclesiamsummacelebritas,
960 3635 1206 3707 diutiusnequens
1228 3637 1378 3704 sustinere,
1406 3638 1519 3694 aliunde
1543 3657 1702 3697 sermonem
1719 3643 1765 3700 in·

114 3732 141 3780 et
154 3727 183 3781 in
199 3725 314 3798 agenda
326 3724 488 3782 celebritate
498 3725 683 3798 piaqnaedam
694 3726 917 3782 contentiositas.
959 3723 1047 3779 duxit.
1060 3724 1099 3779 Ex
1114 3731 1181 3780 tunc
1195 3727 1273 3780 omni
1286 3725 1478 3783 membrorum
1489 3727 1581 3784 officio
1593 3730 1709 3786 destitui
1719 3749 1767 3804 pe-

113 3815 163 3870 un
178 3813 368 3886 semetipsum
391 3814 509 3886 quisque
532 3815 709 3871 cantantium
725 3813 839 3870 exaudit
861 3831 919 3887 pra
960 3811 1037 3868 nitus
1051 3813 1144 3886 coepit,
1160 3819 1189 3869 et
1202 3815 1285 3887 longe
1295 3811 1430 3870 ante‘diei
1445 3816 1533 3889 ipsius
1548 3818 1673 3875 animam
1687 3837 1765 3877 revo-

113 3903 299 3960 mcltitudine
320 3901 543 3962 vociferantium.
563 3903 645 3959 Multi
670 3903 835 3974 iubilantes,
852 3904 920 3976 quid
960 3900 1095 3957 lationem
1123 3903 1197 3974 quod
1226 3910 1356 3960 oraverat
1377 3905 1424 3976 lt,
1440 3906 1652 3976 revolutionem,
1669 3910 1764 3966 anima

112 3993 262 4066 dicabatur
286 3992 442 4049 nescientes
472 3993 533 4064 [oi.,
553 3991 738 4063 nesciebantl,
753 4000 802 4048 ant
818 3994 920 4064 quibus
960 3991 1033 4061 quod
1053 3993 1192 4062 oraverat]
1208 3992 1337 4051 obtinuit.
1364 3994 1446 4061 Nam,
1467 3997 1592 4067 proxime
1615 3998 1764 4054 subsecuto

112 4084 308 4148 mucinerent,
328 4080 446 4136 minime
455 4080 650 4138 attendebant.
674 4081 779 4137 Graves
792 4082 919 4153 ejusdem
961 4082 1202 4152 menseuugusm,
1217 4081 1418 4138 decimotertio
1430 4083 1571 4139 Kalendas
1588 4086 1762 4157 Septembris

112 4171 281 4228 monasterii
297 4187 431 4243 persons,
448 4187 510 4242 quse
535 4176 650 4244 propter
663 4169 779 4226 nimiam
799 4171 919 4228 aliorum
961 4167 1006 4222 die
1017 4169 1169 4234 Dominico,
1186 4186 1219 4225 ex
1234 4176 1294 4226 toto
1320 4172 1391 4226 lecto
1412 4171 1560 4238 decubuit;
1575 4173 1664 4229 sensit
1681 4175 1766 4231 certia

117 4261 332 4316 multitudinem
346 4276 440 4332 paucae
455 4260 583 4327 aderant,
603 4260 670 4315 solie
685 4259 818 4332 lacrymis
828 4266 858 4316 et
869 4261 919 4316 de·
959 4257 1069 4314 iudiciis
1084 4261 1169 4314 Pater
1180 4260 1321 4332 longaevus
1336 4259 1396 4332 jam
1419 4260 1516 4317 adesse
1538 4265 1668 4318 mortem.
1684 4261 1765 4329 Quod

121 4349 230 4406 votione
241 4349 336 4406 cordis
348 4350 556 4407 solemnitatem
572 4350 729 4422 explebant.
751 4345 954 4408 Personabatl)
965 4347 1012 4402 ubi
1030 4348 1229 4404 amantissimae
1239 4347 1449 4421 congregationi
1461 4348 1593 4419 innotuit,
1605 4369 1679 4408 mors
1691 4370 1765 4426 quae·

118 4437 147 4494 iu
161 4439 225 4495 aliia
233 4456 287 4496 vox
296 4439 401 4496 laetitia
412 4445 442 4496 et
448 4439 666 4512 jocundationis,
683 4439 778 4496 inillis
793 4441 921 4496 modula·
962 4437 1027 4492 dam
1047 4438 1190 4494 universos
1216 4437 1354 4510 pervasit;
1370 4455 1469 4511 auger,
1487 4445 1516 4495 et
1531 4457 1635 4514 angore
1649 4441 1765 4516 quidam

117 4527 331 4584 batnrltomino
349 4545 414 4584 cnm
427 4529 560 4601 lacrymis
583 4528 644 4584 sola
659 4528 711 4585 sibi
735 4530 788 4585 soli
804 4535 864 4586 tota
877 4529 922 4586 in·
963 4531 1062 4597 stupor
1088 4525 1198 4583 animos
1215 4533 1379 4584 cunctorum
1405 4527 1522 4584 obsedit.
1553 4529 1640 4587 Cibus
1659 4534 1765 4608 percipi

118 4623 196 4674 teuta
208 4617 321 4674 affectio
341 4617 455 4673 mentis.
474 4617 547 4682 Quid
567 4618 665 4690 plura?
684 4617 795 4674 Finitur
821 4619 923 4691 maj0ri
963 4633 1020 4672 non
1035 4623 1155 4690 poterat,
1183 4634 1299 4673 somnus
1318 4617 1434 4674 recessit
1447 4618 1482 4674 ab
1496 4620 1594 4676 oculis.
1609 4621 1704 4678 Tertio
1719 4623 1766 4680 dle

119 4723 203 4779 quam
215 4711 309 4779 coepta
326 4705 420 4761 inerat
430 4705 607 4778 jocunditate
621 4707 873 4776 solemnitas3itur
886 4709 922 4764 ad
962 4706 1067 4762 absolvi
1082 4721 1122 4773 se,
1139 4712 1168 4762 et
1181 4713 1283 4763 catera
1307 4723 1370 4780 que
1395 4709 1579 4766 morientibus
1597 4711 1765 4770 exhibentur

119 4795 543 4863 refectionem,l³aschaleanulli
553 4795 923 4869 deiuemntepula,amane
963 4795 1064 4860 officia,
1081 4795 1135 4851 sibi
1149 4795 1273 4852 exbiberi
1288 4798 1406 4870 rogavit.

119 4901 209 4958 usqne
222 4885 259 4940 ad
274 4883 441 4957 profundam
455 4891 566 4941 noctem
581 4885 922 4943 succedentibuslratmm
999 4885 1108 4942 Adsunt
1129 4885 1180 4941 lllii
1207 4886 1268 4940 vale
1291 4886 1393 4942 facturi
1411 4887 1607 4945 amantissimo
1621 4889 1709 4960 Patri,
1730 4907 1763 4949 eo

119 4975 222 5030 turmis
237 4973 287 5046 qui
300 4974 335 5029 ad
351 4972 454 5030 festum
467 4979 611 5038 venerant,
625 4981 763 5046 quantum
783 4975 924 5032 retenorii
963 4975 1054 5047 primo
1069 4974 1196 5032 orbandi.
1212 4975 1356 5048 lacrymis
1365 4992 1397 5031 ac
1406 4976 1576 5048 singultibus
1585 4980 1717 5051 psalmos,
1735 4986 1764 5036 ot

120 5063 223 5120 tabula
249 5063 393 5120 continere
421 5063 561 5130 valebant,
590 5063 728 5120 universis
756 5071 815 5120 tarn
849 5067 923 5123 notis
963 5065 1762 5138 eetemsorationesinterrumpentibus,tendemventum

120 5169 205 5226 qnam
220 5152 333 5225 ignotis,
351 5167 403 5208 nec
416 5152 508 5208 solum
516 5153 545 5207 in
561 5153 691 5210 domibus
705 5153 919 5227 circumpositis,
963 5155 997 5210 ad
1012 5155 1149 5226 agendam
1164 5155 1376 5211 contessionem.
1399 5156 1534 5212 confiteri
1556 5157 1649 5230 coepit,
1666 5173 1763 5228 verum

121 5259 217 5299 venum
231 5241 261 5297 in
272 5242 345 5298 villis
360 5241 445 5298 etism
460 5243 576 5298 remotis
593 5263 599 5308 ς
621 5260 683 5315 quse
696 5244 731 5299 ad
747 5261 815 5300 nsua
825 5262 922 5300 neces-
963 5245 1170 5301 remanentium
1184 5245 1289 5318 pietate
1303 5245 1425 5300 illiorum
1441 5252 1600 5318 superatus,
1618 5251 1646 5302 et
1659 5245 1719 5317 ipse
1733 5246 1763 5302 in

122 5333 212 5387 aerios
238 5329 392 5404 petierunt,
416 5337 550 5404 sponsata
578 5332 645 5399 Deo,
670 5333 730 5405 regi
750 5333 871 5390 Ecclesia
888 5333 922 5389 li·
963 5334 1103 5405 lacrymas
1122 5334 1226 5389 ellusus
1235 5335 1327 5389 dicere
1339 5333 1408 5389 nihil
1418 5334 1517 5404 potuit.
1529 5333 1581 5387 Vix
1591 5339 1687 5389 tamen
1701 5335 1762 5390 elu-

122 5420 190 5478 bens
204 5420 375 5478 ministravit
393 5419 541 5476 atlluentia
555 5419 673 5494 nuptiali
692 5422 845 5494 majoribus
864 5423 924 5496 qui·
963 5427 1054 5479 ctatus
1069 5422 1098 5478 in
1111 5440 1204 5479 rocem
1219 5423 1337 5480 absolvit
1351 5424 1431 5487 lllioe,
1448 5421 1574 5492 dansque
1588 5420 1761 5480 benedictio·

121 5507 229 5590 busque
252 5510 293 5568 sic
307 5509 342 5568 ad
363 5509 498 5588 placitum
521 5515 550 5567 et
577 5509 813 5570 sufficientissime
827 5516 860 5570 nt
873 5513 922 5588 qui
963 5528 1028 5568 nem
1056 5513 1086 5567 et
1108 5529 1207 5589 pacem
1235 5511 1374 5579 omnibus,
1411 5516 1470 5565 tem
1493 5513 1646 5586 presentes
1677 5527 1762 5588 quam
