3934 6174
144 270 200 328 reo
469 269 506 324 m
527 269 560 322 n.
582 266 689 322 Pauor
710 264 821 322 urrsr.
843 262 1029 320 comeus.
1051 291 1083 304 -
1106 262 1221 321 uersu,
1243 266 1438 324 11aocon.
1725 277 1777 336 aaa

143 399 232 462 enim,
247 401 305 453 etc.
324 395 417 449 litatio
429 395 648 459 etauctoritotc,
665 397 733 447 sela
750 396 901 448 contrario.
923 393 995 462 Ergo
1009 388 1036 448 9.
1053 407 1129 446 mors
1153 393 1182 448 in
1204 393 1284 450 nobis
1307 402 1449 468 operatur,
1472 398 1510 455 10.
1526 400 1582 456 vita
1596 406 1692 458 autem
1709 409 1779 474 (aas

142 491 181 538 est
196 499 282 538 causa
295 485 356 537 rite
370 488 478 547 nostre,
495 485 535 536 oet
551 479 653 551 ironia)
670 483 699 535 in
713 481 790 535 vobis
804 486 946 550 operatur.
967 481 1011 532 ll.
1037 481 1184 538 Habentes
1194 489 1290 540 autem
1307 489 1471 556 (Responsio.
1483 491 1555 544 iicet
1568 508 1643 547 mors
1655 496 1686 548 iu
1699 497 1778 552 cobis

141 578 283 641 operetur,
298 585 356 626 aon
371 571 529 634 tacebimus,
546 571 592 624 sed
607 570 734 624 babentes
748 570 873 623 eumdem
892 571 1027 642 spiritum
1042 569 1114 636 fidei,
1135 570 1167 623 de
1190 571 1242 624 Deo
1259 576 1412 642 loquimur,
1433 574 1478 633 lt.
1496 578 1627 634 eumdem
1645 581 1777 654 spiritum

141 659 220 727 fidei,
235 660 310 714 sient
319 658 455 730 scriptum
469 661 513 712 est
524 675 531 712 ι
543 657 658 713 Qredidi
666 662 782 730 propter
791 658 866 728 quod
873 657 983 712 locutus
994 673 1057 712 sum
1067 675 1076 727 ;
1088 661 1117 712 et
1126 673 1177 712 nos
1184 659 1325 716 credimus
1336 666 1533 736 propterquod
1546 671 1575 722 st
1585 669 1616 724 de
1624 671 1677 725 Deo
1686 671 1778 745 loqui-

141 765 228 816 mur3
246 752 281 814 tet
290 749 402 802 addidit
416 751 505 802 aliam
514 748 648 816 cossam),
659 746 778 801 scientes
789 747 923 817 quoniam
935 746 983 817 qui
998 744 1144 800 suscitavit
1152 746 1259 815 iesum,
1271 753 1301 804 et
1316 765 1368 804 nos
1382 768 1447 806 cum
1456 753 1522 808 Jesu
1533 756 1689 826 suscitabit,
1706 765 1735 816 et
1744 763 1778 818 ia

139 841 215 892 catis
222 835 525 892 constitustvobiscum
536 837 734 898 ibeneroieatia
744 851 830 890 causa
838 835 916 889 addit
923 835 1079 901 vcbutuml,
1097 833 1138 900 13,
1156 833 1199 902 ¹42
1218 835 1259 892 15·
1269 837 1372 893 Omnia
1381 841 1456 895 enim
1464 846 1653 916 951)ΓοΡωῖ
1671 865 1729 916 V0⁸s
1745 855 1778 908 ut

138 925 236 996 gratia
249 924 400 980 abundans
414 927 445 978 in
456 925 517 992 flas,
531 939 582 995 per
595 924 700 978 multos
711 925 846 977 medeates
860 922 890 977 in
902 922 1059 993 gratiarum
1071 923 1190 989 actione,
1204 923 1328 980 abundet
1341 926 1505 1000 ingloriam
1520 933 1582 1003 Dei,
1593 951 1650 991 aas
1664 939 1701 992 ud
1715 955 1778 996 ooa-

140 1015 291 1069 tumeliam
297 1015 520 1084 promerendam.
529 1012 650 1082 Propter
659 1011 732 1082 quod
744 1013 821 1081 (quia
827 1013 980 1078 suscitabit,
992 1015 1132 1066 comitiari
1141 1029 1188 1067 nos
1196 1017 1279 1080 uicos
1289 1019 1330 1070 vel
1341 1020 1409 1084 quic
1418 1022 1552 1086 spiritum
1562 1024 1626 1090 idei
1635 1026 1779 1100 lucemus)

139 1118 198 1157 non
212 1101 377 1169 deiicimns3
400 1101 449 1155 sed
464 1100 530 1154 licet
544 1099 569 1154 is
583 1099 632 1170 qui
654 1099 736 1155 fortis
757 1103 808 1166 est,
825 1104 921 1154 noster
934 1100 1018 1155 homo
1031 1105 1237 1172 corrumpatur,
1253 1104 1411 1173 affligatur,
1427 1111 1525 1162 tamen
1539 1109 1563 1164 is
1579 1111 1627 1182 qui
1643 1113 1720 1170 intus
1734 1122 1778 1172 est

139 1197 296 1245 renovatur
310 1191 345 1245 de
359 1189 533 1256 disindiem,
544 1193 569 1243 et
578 1190 670 1242 subdit
683 1203 736 1242 cur
751 1204 808 1242 non
817 1190 915 1256 defiat,
931 1189 960 1243 id
974 1189 1059 1256 enim,
1073 1190 1187 1260 quodin
1200 1192 1331 1262 prasenti
1341 1198 1383 1248 est
1400 1201 1629 1254 momentaneum
1648 1203 1775 1272 (singula

138 1281 263 1346 dapalis
270 1295 282 1346 ,·
295 1281 464 1347 impressisti
472 1279 716 1332 adsublimitatem
727 1295 735 1342 ;
749 1281 982 1342 momentaneam,
997 1279 1034 1332 ad
1045 1283 1179 1335 eternum
1191 1298 1198 1342 ;
1211 1283 1275 1334 leuis
1287 1283 1442 1350 tribulatio,
1454 1286 1492 1338 ad
1498 1288 1606 1354 pondus
1619 1289 1736 1362 picria),
1747 1297 1777 1346 et

138 1369 201 1423 lere
215 1367 410 1423 tribulationis
422 1373 535 1432 nomm,
553 1369 719 1422 transitoria
737 1372 762 1421 et
778 1368 844 1421 leuis
859 1368 1006 1420 tribulatio
1021 1373 1126 1434 nostra,
1146 1385 1232 1440 supra
1244 1369 1370 1436 modum,
1382 1387 1470 1440 supra
1484 1374 1642 1430 burianam
1655 1382 1777 1434 estima-

138 1461 254 1524 tionem,
272 1458 302 1512 in
316 1456 490 1512 sublimitate
502 1461 638 1512 aternum
649 1455 746 1526 gloria
755 1454 875 1527 pondua,
887 1455 959 1524 quod
972 1457 1028 1510 erit
1042 1457 1074 1510 in
1088 1458 1196 1524 futuro,
1212 1466 1346 1529 operatur
1358 1459 1388 1514 in
1402 1458 1494 1530 nobis,
1509 1477 1566 1518 non
1582 1467 1775 1538 contemplan-

136 1545 227 1614 b'bus‚
243 1563 303 1600 uon
318 1547 492 1610 curantibus,
509 1544 590 1601 nobis
604 1560 667 1615 quse
686 1543 827 1610 ridentur,
849 1543 899 1598 sed
922 1559 984 1614 quse
998 1560 1055 1598 non
1069 1545 1207 1601 videntur.
1221 1547 1318 1602 Reddit
1327 1563 1448 1604 causam.
1466 1549 1535 1614 Quce
1549 1551 1626 1609 enim
1639 1554 1772 1613 udennrr

136 1636 312 1708 temporalis
326 1642 412 1704 sunt3
428 1651 491 1707 quae
505 1639 600 1691 autem
613 1649 671 1690 non
683 1633 813 1690 ridentur
826 1637 932 1688 sterno
946 1638 1022 1689 sunt.

886 1744 1002 1800 CAPUT
1012 1743 1049 1802 V.

172 1857 319 1928 dispositio
333 1860 487 1928 asperioris
493 1861 645 1924 ouuu,sei
655 1857 780 1926 probatio
790 1855 936 1922 bccwmodo.
949 1852 1058 1909 Scimus
1068 1851 1225 1918 animosam
1236 1853 1590 1928 ingemiscimus,quoniam
1599 1857 1623 1914 si
1631 1861 1774 1933 terrestri,

137 1948 241 2003 damus
257 1953 357 2003 nostra
372 1947 459 2019 hujus
467 1945 660 2012 habitationis,
677 1947 707 2000 id
719 1951 756 2000 est
769 1960 866 2014 corpus
877 1947 909 1998 in
925 1959 978 2012 qao
1000 1942 1167 2020 habitamus,
1183 1941 1359 2008 dissolvatur,
1373 1944 1448 2015 quod
1466 1944 1489 2012 l,
1506 1945 1533 2000 2.
1550 1947 1776 2018 aedificationem,

136 2037 301 2090 immortale
321 2053 427 2106 corpas,
444 2053 477 2090 ex
491 2036 548 2090 Deo
560 2034 705 2101 habemus,
719 2035 834 2089 domum
849 2048 906 2087 non
916 2033 1029 2086 mrnali
1040 2046 1126 2084 rnanu
1139 2029 1252 2096 iactam,
1269 2045 1326 2085 aon
1339 2035 1525 2101 temporalem,
1538 2035 1586 2090 sed
1600 2039 1774 2097 aetcmamin

135 2124 226 2182 coelis.
243 2125 391 2180 Nametin
400 2125 454 2179 hoc
464 2123 672 2196 ingemiscimus
684 2125 889 2190 (idestnullam
901 2122 1014 2174 dorsum
1028 2121 1243 2188 respirassent
1251 2121 1292 2174 ibi
1306 2137 1430 2189 essemus,
1443 2123 1650 2191 ingemiscimus
1664 2145 1693 2182 so
1702 2131 1775 2198 quod

135 2217 274 2266 nolumus
283 2214 433 2281 exspoliari
441 2213 637 2281 spiritualibus
647 2209 957 2280 donis),habitationem
966 2213 1101 2276 nostram,
1113 2225 1175 2280 quae
1185 2209 1219 2263 de
1230 2209 1300 2264 coelo
1310 2214 1361 2277 est,
1373 2211 1774 2288 superinduicupientespum·

132 2302 200 2356 dem
208 2304 557 2370 enimcarnem,quarsnc
564 2303 646 2367 sst,irs
657 2301 857 2354 resurrections
867 2298 996 2351 babituri
1001 2313 1109 2362 sumus·
1119 2299 1165 2351 sed
1174 2313 1256 2366 saper
1267 2313 1327 2352 earn
1334 2301 1775 2374 immortslitatairocorrupticm

132 2392 299 2443 uestiemur.
312 2386 341 2445 3.
356 2389 487 2444 Sitamen
498 2388 675 2459 restiti,quod
684 2388 927 2456 superinduemur,
935 2389 964 2439 et
973 2401 1029 2441 non
1038 2384 1107 2441 nudi
1115 2386 1191 2440 bonis
1201 2385 1707 2461 operibusinveniamur.t.iiepetit,oet
1712 2409 1777 2464 pro·

132 2477 240 2531 batica
247 2480 326 2547 pari.
341 2477 450 2533 Namst
460 2476 509 2549 qui
520 2492 619 2533 sumus
638 2475 668 2530 in
683 2476 737 2531 hoc
753 2472 945 2540 tabernaculo,
958 2488 1078 2542 corpore,
1098 2472 1309 2545 ingemiscimus
1326 2475 1437 2546 gravati
1449 2482 1534 2544 ωε
1551 2495 1585 2536 eo
1601 2481 1676 2553 quod
1686 2482 1772 2540 nolu·

822 2588 1119 2646 COMMENTARIUS.

169 2698 204 2756 9.
223 2697 298 2752 Mors
312 2700 345 2752 in
360 2699 437 2752 sabis
451 2702 592 2767 orreretur¹
609 2695 732 2752 Dubium
746 2709 804 2751 non
818 2699 862 2750 est
871 2694 1095 2766 quiaAmultos,
1108 2694 1233 2752 abundet
1246 2696 1404 2769 ingloriam
1418 2699 1572 2765 lisiQuasi
1586 2703 1693 2762 diceret
1707 2725 1714 2763 ς
1730 2705 1779 2764 Ad

129 2787 162 2841 in
179 2785 356 2858 martyribus
369 2785 497 2841 Christus
507 2785 651 2840 occiditur.
663 2784 743 2840 Unde
757 2783 812 2838 vita
827 2799 883 2856 qua
896 2800 938 2838 re·
978 2785 1031 2839 hoc
1044 2785 1168 2857 patimur
1181 2789 1214 2840 ut
1233 2785 1392 2858 exemplum
1405 2787 1549 2860 patientie
1559 2806 1578 2845 a
1590 2792 1672 2850 nobis
1683 2795 1779 2852 disca-

129 2875 265 2930 surrexit
282 2891 300 2929 a
319 2874 438 2930 mortuis
457 2873 596 2942 Christus,
612 2873 726 2928 mortali
739 2871 818 2928 carni
840 2887 939 2928 eorum
979 2873 1025 2940 tis,
1040 2879 1069 2928 et
1082 2874 1139 2929 Deo
1153 2873 1259 2944 gratias
1273 2874 1410 2944 referatis,
1428 2878 1547 2934 etmulti
1559 2879 1607 2934 alii
1621 2881 1775 2940 vobiscum.

127 2965 331 3036 praestabitur.
1015 2963 1094 3019 CAP.
1108 2963 1141 3017 V.
1164 2995 1194 3006 -
1208 2966 1234 3019 l.
1258 2964 1383 3020 Aunusr.
1407 2966 1504 3037 (arpos.
1526 2971 1600 3038 psal.
1626 2985 1721 3038 uun,
1744 2975 1778 3029 ic

167 3054 220 3110 1⁰.
241 3055 300 3108 Vita
314 3057 417 3107 autem.
429 3051 488 3107 Hoc
501 3051 579 3119 dicit,
595 3051 663 3123 quia
672 3066 723 3124 pro
738 3051 829 3106 salute
841 3065 939 3106 eorum
980 3067 1070 3118 saar,
1085 3065 1097 3105 1
1111 3055 1184 3123 part.
1203 3055 1271 3105 tom.
1288 3049 1379 3121 llllI.)
1393 3055 1611 3121 AEdirtcationem
1625 3074 1658 3114 ec
1669 3060 1733 3128 lisa,
1747 3059 1777 3116 id

128 3144 224 3198 morti
248 3139 458 3213 subjiciebatur,
483 3140 590 3196 habens
605 3140 736 3196 eumdem
755 3139 896 3212 spiritum,
909 3137 939 3193 id
979 3139 1564 3212 est‚immortalitatempraeparstsmnobis,
1578 3161 1634 3216 qua
1642 3146 1778 3204 induendi

128 3237 190 3299 est,
202 3246 383 3287 communem
397 3245 461 3285 cum
476 3229 541 3298 illis,
558 3245 609 3301 per
619 3245 703 3302 quem
713 3227 783 3284 fides
798 3229 937 3296 firmatur,
979 3228 1117 3284 sumusin
1141 3228 1206 3296 tine,
1227 3244 1293 3282 cum
1315 3229 1551 3286 resmrcxerimus
1564 3235 1720 3292 amoduis.
1742 3237 1779 3292 Et

128 3320 294 3376 secundum
310 3319 384 3391 quod
398 3319 535 3390 scriptum
550 3322 593 3374 est
607 3336 613 3372 :
627 3317 749 3386 Credidi,
760 3322 790 3372 et
803 3317 940 3390 quiacre-
979 3318 1041 3374 ait:
1054 3318 1154 3388 laquo
1168 3320 1299 3373 uolumus
1318 3320 1479 3388 ecspoliari,
1491 3321 1731 3392 sedssperuestiri‚
1744 3331 1778 3380 st

128 3410 220 3478 didit,
235 3408 325 3464 audet
336 3409 487 3481 predicare
501 3407 564 3462 hoc.
978 3408 1157 3462 absorbeatur
1171 3408 1287 3460 mortale
1300 3408 1395 3473 coita,
1412 3405 1510 3462 silleri
1524 3412 1617 3480 potest
1627 3429 1634 3478 3
1646 3411 1779 3468 sicrelle-

170 3498 215 3558 11.
232 3499 362 3554 Aususr.
377 3501 487 3562 (carim
500 3499 570 3551 duas
583 3499 661 3564 epist.
676 3498 745 3562 Pet,
768 3511 792 3549 c.
807 3493 851 3561 il,
864 3499 934 3550 tom
978 3512 1042 3551 mus
1055 3495 1116 3550 lieri
1128 3494 1301 3549 immortales
1318 3499 1351 3549 ut
1360 3495 1421 3566 jam
1433 3495 1540 3551 veniret
1552 3497 1615 3569 ipsa
1627 3499 1778 3558 immorta·

128 3585 207 3656 vn.)
225 3586 361 3642 Habentes
374 3587 500 3642 eumdem
509 3587 652 3654 spiritum.
662 3583 734 3650 Quid
745 3588 797 3650 est,
805 3584 937 3639 eumdem
977 3585 1051 3652 litas,
1066 3588 1095 3639 et
1108 3583 1191 3638 modo
1204 3583 1278 3638 sicut
1297 3598 1394 3638 sumus
1418 3583 1552 3642 invitaret
1567 3585 1629 3661 lat,
1642 3591 1777 3663 mutaret]

128 3677 279 3748 spirirum,
298 3675 354 3730 nisi
371 3691 456 3746 quem
471 3674 541 3745 justi
561 3689 672 3745 qnoque
694 3671 864 3741 habuerunt,
889 3672 936 3744 qui
977 3690 1028 3728 nos
1042 3677 1074 3728 ut
1087 3672 1208 3728 mortale
1221 3672 1274 3727 hoc
1287 3677 1416 3728 nostrum
1430 3673 1638 3745 absorberetur,
1656 3694 1713 3736 non
1727 3696 1779 3752 per

128 3765 187 3819 ista
198 3763 357 3819 dixerunt?
976 3767 1097 3818 mortem
1108 3777 1209 3832 corpus
1219 3761 1378 3832 puniretur,
1392 3761 1467 3817 utin
1481 3764 1538 3818 fine
1551 3764 1655 3821 iterum
1669 3767 1779 3840 recipe·

169 3851 492 3911 rammasses
514 3853 647 3921 spiritum
669 3853 742 3920 fidei.
767 3851 854 3916 Quasi
872 3849 936 3922 quis
976 3856 1065 3907 retur.
1082 3850 1216 3916 Quamvis
1231 3865 1298 3922 ergo
1312 3865 1330 3904 a
1344 3851 1427 3906 malis
1451 3851 1775 3927 adbonetrsnssamus,

128 3943 210 3997 dicat
225 3961 235 3997 :
252 3942 311 3996 cur
323 3940 473 4014 patimini?
489 3939 571 4006 Quia,
597 3939 698 4011 inquit,
723 3939 758 3994 ds
772 3939 829 3995 Deo
844 3939 936 4010 loqui·
975 3945 1073 3996 tamen
1087 3939 1148 4011 ipse
1161 3938 1299 3993 transitus
1313 3938 1490 4010 aliquantum
1504 3957 1618 3998 amerus
1634 3950 1687 4004 ast.

129 4047 211 4088 mur.
231 4029 291 4085 Gur
303 4045 371 4101 ergo
384 4029 554 4101 loquimini?
565 4029 636 4094 Quia
651 4027 790 4084 credimus
800 4029 830 4083 iu
849 4044 914 4084 eum
928 4013 966 4097 ,B
1012 4027 1039 4086 2.
1055 4029 1182 4084 Manes.
1198 4029 1426 4096 AEdiltcstiorsem.
1440 4027 1549 4102 Corpus
1563 4031 1723 4089 immortale
1738 4033 1778 4089 si·

129 4135 235 4175 omnes
251 4119 326 4173 anim
343 4117 506 4173 fideliterin
521 4134 586 4173 eum
605 4117 762 4183 credentes,
782 4117 937 4188 loquuntur
976 4118 1101 4190 gnificat,
1117 4118 1198 4188 cujus
1212 4117 1304 4171 forma
1318 4116 1378 4186 jam
1401 4116 1432 4172 in
1456 4117 1532 4174 caelis
1546 4123 1598 4187 est,
1619 4121 1778 4178 initamini

129 4210 170 4264 ds
180 4224 236 4275 eo;
253 4207 390 4279 scriptum
409 4207 485 4262 enim
511 4207 547 4262 de
560 4206 659 4272 David,
675 4207 743 4278 quia
756 4212 871 4279 propter
884 4207 937 4262 hoc
977 4221 1093 4278 corpore
1111 4205 1262 4260 dscmrats.

131 4297 249 4352 locutus
268 4301 320 4364 est,
342 4297 409 4367 quia
422 4295 550 4351 credidit.
565 4295 638 4360 Quid
652 4295 739 4351 inde?
752 4295 821 4363 Nos,
833 4295 935 4368 inquit,
1016 4295 1042 4353 3.
1056 4295 1089 4351 Si
1103 4300 1196 4349 tamen
1209 4295 1310 4357 uestiti,
1322 4291 1415 4361 idest,
1430 4294 1455 4350 si
1465 4299 1599 4352 exeuntes
1612 4297 1648 4354 de
1661 4313 1778 4371 corpore

130 4385 275 4441 habemus
290 4385 421 4458 spiritum
430 4385 506 4452 fidei,
523 4400 607 4456 quem
621 4383 721 4439 habuit
732 4385 831 4441 David.
980 4383 1126 4440 Christum
1135 4380 1379 4437 indutiiuerimus.
1390 4383 1777 4460 inchristoenimbapt'uati,

171 4474 217 4532 13.
237 4475 339 4530 Omnia
350 4479 464 4544 propter
479 4489 538 4532 uos.
559 4473 679 4546 Exponit
688 4474 828 4545 quomodo
839 4473 940 4530 consti-
980 4473 1124 4530 christum
1138 4470 1290 4538 induimus,
1305 4471 1363 4527 sive
1386 4473 1492 4545 Spiritu
1505 4481 1602 4532 sancto
1615 4477 1721 4534 erimus
1734 4478 1779 4536 di·

129 4569 257 4620 tuentur
270 4563 301 4618 in
314 4562 403 4627 coelis,
417 4562 718 4635 omniasnimpropter
730 4579 787 4630 ros,
802 4567 835 4618 ut
847 4568 938 4619 vestro
978 4563 1028 4635 gni
1048 4579 1133 4635 super
1146 4560 1284 4635 promissa
1302 4561 1408 4616 coelesti
1429 4563 1523 4634 mua
1535 4565 1603 4636 ¹[at.,
1616 4582 1700 4638 quem
1714 4583 1779 4624 cum

129 4653 267 4724 exemplo
280 4651 381 4724 gratia,
399 4652 430 4707 id
453 4657 506 4720 est,
531 4652 600 4708 tides
621 4656 715 4707 vestra
727 4652 854 4708 abundet
873 4669 937 4709 cum
978 4652 1080 4720 induti,
1094 4651 1152 4706 sire
1166 4649 1273 4722 Spiritu
1295 4655 1392 4705 sancto
1413 4651 1479 4707 dato
1504 4653 1587 4709 n‘obis
1609 4654 1777 4727 ridebimus,

128 4743 294 4815 gratiarum
304 4741 425 4809 actione,
440 4747 469 4796 et
482 4741 523 4796 sic
532 4741 743 4797 constituamini
755 4741 785 4796 in
797 4741 887 4798 omlis.
978 4742 1084 4799 erimus
1098 4741 1176 4812 digni
1186 4737 1352 4812 superindui
1362 4740 1502 4812 promissa
1510 4742 1616 4798 eoelssti
1628 4745 1743 4818 glorie]

173 4830 219 4888 la.
237 4833 359 4888 danaos.
381 4831 485 4888 amosa
502 4833 577 4886 enim
589 4836 703 4900 propter
716 4847 770 4886 uos.
786 4830 938 4902 Apostolus
1013 4829 1041 4886 l.
1056 4832 1129 4886 Nam
1139 4831 1189 4900 qui
1198 4844 1295 4882 sumus
1306 4831 1339 4883 irs
1352 4830 1541 4889 tabernaculo.
1559 4830 1637 4888 Dicit
1650 4849 1702 4890 nos
1714 4851 1779 4906 gra·

128 4920 346 4994 pasecntienes
358 4926 386 4974 st
398 4919 525 4992 pericula
538 4920 598 4991 pati
612 4935 669 4975 non
683 4919 790 4988 timuit,
799 4925 832 4976 ut
844 4921 939 4992 plures
979 4925 1057 4976 ratos
1071 4917 1249 4993 passionibus
1262 4917 1397 4988 corporis,
1413 4919 1616 4991 postulationes
1638 4922 1674 4978 sd
1687 4924 1779 4982 Deum

128 5009 294 5076 medatem,
310 5013 340 5063 st
353 5008 501 5064 abundans
516 5007 567 5064 liei
581 5007 696 5074 donum,
707 5024 765 5064 non
774 5025 825 5080 per
835 5025 938 5080 panco-
981 5009 1113 5081 dirigere,
1129 5023 1165 5063 ne
1179 5007 1268 5062 simus
1282 5006 1351 5062 nudi
1370 5007 1477 5079 Spiritu
1491 5011 1779 5088 sancto.'1¹uncenim

128 5115 200 5154 rum
217 5098 374 5170 gratiarum
398 5091 539 5154 actionsiu
557 5097 733 5154 minueretur
746 5097 782 5154 sd
797 5105 939 5155 contume-
979 5097 1143 5171 superindui
1158 5095 1251 5169 gloria
1264 5095 1427 5167 poterimus,
1444 5097 1468 5152 si
1486 5099 1564 5154 exuti
1577 5115 1703 5171 corpore,
1721 5115 1781 5160 non

127 5187 206 5242 liam
217 5187 283 5255 Βοὲς
298 5187 348 5242 sed
360 5187 459 5242 multis
471 5185 619 5258 proficiens
631 5185 761 5242 afflueret
773 5204 825 5259 per
838 5187 939 5244 multo-
979 5187 1127 5260 despoliati
1141 5204 1159 5242 a
1173 5184 1281 5257 Spiritu
1294 5191 1393 5242 sancto
1407 5186 1544 5244 fuerimus
1556 5205 1564 5258 ;
1580 5204 1613 5242 ac
1626 5189 1666 5244 sic
1679 5187 1778 5244 absor-

127 5293 201 5331 rum
213 5275 372 5346 gratianum
385 5276 536 5342 monem,
556 5275 592 5330 ad
604 5276 725 5346 gloriam
740 5277 801 5331 Dei.
978 5277 1090 5332 babitur
1110 5277 1229 5332 mortale
1249 5291 1266 5330 a
1287 5276 1352 5344 ritu,
1368 5293 1405 5333 ne
1428 5277 1505 5332 ultra
1523 5276 1612 5349 possit
1630 5277 1712 5346 mori,
1729 5283 1779 5334 sut

170 5365 218 5419 15.
233 5363 448 5421 harundineis
458 5366 659 5434 eaimpropter.
673 5363 775 5420 Omnia
784 5364 964 5438 cumpro-c
975 5365 1152 5439 passionibus
1169 5368 1324 5440 implicari3
1351 5366 1499 5423 nonenim
1513 5364 1663 5422 dicendum
1673 5369 1717 5422 eat
1730 5365 1778 5422 ab·

127 5459 201 5526 pter
214 5468 262 5508 ros
276 5453 457 5510 instruendos
471 5453 604 5525 patimur,
619 5453 762 5523 utgrutia,
778 5453 860 5509 idest
869 5471 937 5526 gra·
977 5456 1086 5512 sorberi
1099 5457 1195 5527 suita,
1210 5458 1378 5531 quiasdhoc
1388 5455 1480 5527 surgit
1489 5459 1523 5511 ut
1535 5453 1626 5526 poenis
1640 5462 1777 5531 &guntur

124 5543 242 5600 tiamn
252 5543 336 5616 sedo,
346 5541 495 5601 abundent
509 5541 619 5602 ωιίοιιο
631 5543 789 5615 musra
802 5543 876 5602 iacta
884 5545 936 5618 ps'r
978 5545 1039 5618 [at.,
1055 5545 1180 5621 agatur]⁸
