3970 6172
131 338 207 402 ruo
653 297 657 304 ¹
876 343 1022 401 Muslcn.
1702 335 1773 399 uso
1865 431 1867 434 Ι

132 466 327 536 semitonium,
338 469 755 544 tonnm,sicutd.protustoao,
769 473 929 530 semitonio.
940 475 963 536 Α
974 489 1049 558 Quod
1063 503 1121 544 720„
1134 489 1171 543 352
1184 489 1424 558 asoewqfflm,
1440 486 1524 552 sexta,
1540 484 1666 554 afferma,
1676 489 1770 542 octava

133 561 204 614 tono
219 558 387 615 intenditur.
1097 563 1194 630 species
1207 561 1350 630 diapason.
1367 559 1560 628 quemvissint
1570 561 1636 612 acto.

200 649 278 716 Quod
291 651 436 718 aqualiter
448 650 480 706 de
493 666 520 706 se
527 650 715 720 predicentur
728 654 861 722 spectaret
1008 648 1086 706 Licet
1103 648 1162 704 sint
1176 653 1238 704 octo
1250 648 1357 720 species
1368 647 1514 719 diapason,
1532 644 1660 717 quintam
1671 649 1768 701 tamen

468 744 595 810 proprio.
974 744 1002 795 et
1013 744 1130 806 sextam,
1147 737 1307 809 septimam,
1323 741 1352 790 et
1366 739 1492 790 octavam
1506 734 1561 789 dici
1575 739 1684 790 natura
1698 735 1770 790 reri·

170 827 364 884 Omnishomo
378 827 494 884 risibilis
509 833 563 896 est,
583 835 612 886 et
625 847 708 886 omne
722 831 829 888 risibile
847 833 932 887 homo
971 833 1016 884 tas
1025 845 1082 885 non
1096 829 1292 902 patitur.cum
1306 827 1382 881 enim
1392 841 1475 881 omne
1489 823 1624 879 totumde
1638 823 1769 896 suispar·

131 915 291 974 automnis
298 915 441 972 tetrardus
456 934 507 990 per
515 923 623 984 tonum,
634 919 930 984 semitonium,tonum
971 918 1047 974 tibus
1058 919 1221 975 nominetur
1232 915 1378 982 veraciter,
1392 914 1468 969 idem
1487 914 1516 968 in
1536 917 1597 969 tota
1619 912 1768 986 diapason,

131 1002 311 1060 remissibilis
330 1009 382 1069 est,
402 1010 431 1061 et
443 1007 535 1062 omnis
549 1009 678 1065 remissio
693 1009 762 1078 toni,
777 1009 928 1076 semitonii,
971 1012 1000 1063 et
1008 1009 1038 1063 in
1047 1009 1106 1064 suis
1119 1007 1257 1081 partibus,
1267 1006 1442 1061 diatessaron
1458 1002 1565 1058 scilicet
1579 1017 1612 1057 ac
1624 1001 1766 1076 diapente,

131 1092 195 1146 toni
204 1093 346 1149 tetrardus
357 1100 408 1150 est.
423 1095 477 1152 Sed
492 1096 525 1154 D.
542 1096 569 1151 d.
586 1098 741 1155 remittitur
750 1103 826 1159 tono.
844 1098 931 1153 semi·
971 1097 1150 1154 considerare
1166 1097 1309 1154 debemus·
1326 1094 1438 1169 Species
1460 1092 1635 1148 diatessaron
1657 1097 1686 1148 et
1704 1092 1767 1148 dia·

130 1183 223 1249 ionio,
238 1186 320 1252 tono;
343 1199 410 1256 ergo
430 1184 573 1242 tetrardus
588 1191 639 1242 est.
661 1187 690 1243 Si
710 1187 852 1242 tetrardus
867 1191 928 1254 est;
970 1191 1055 1257 pente
1080 1204 1137 1243 non
1153 1188 1249 1260 plures
1264 1202 1350 1258 quam
1371 1186 1492 1255 quatuor
1505 1180 1611 1244 scimus
1625 1197 1700 1250 esse;
1717 1182 1767 1238 sed

130 1277 183 1328 aut
196 1277 330 1328 autentus
342 1279 395 1340 est,
413 1278 463 1330 aut
476 1275 606 1347 plagalis.
627 1277 679 1333 Sed
696 1293 809 1332 necesse
829 1281 881 1342 est,
898 1283 931 1335 ut
971 1291 1034 1331 cum
1049 1277 1155 1349 species
1184 1277 1320 1348 diapason
1333 1272 1542 1330 constituantur
1566 1270 1600 1324 de
1620 1269 1766 1343 speciebus

131 1361 170 1416 sit
179 1361 378 1433 plagalis,quia
386 1363 481 1418 nullus
489 1369 623 1420 autentus
629 1365 761 1437 gravibus
769 1370 798 1420 et
806 1365 930 1437 superio·
970 1364 1102 1438 diapente
1122 1373 1151 1422 et
1170 1368 1357 1430 diatessaron,
1378 1379 1435 1418 non
1450 1363 1568 1434 possunt
1581 1359 1643 1414 fieri
1658 1361 1765 1431 plures,

130 1448 211 1504 ribus
225 1453 344 1504 constat.
359 1450 605 1522 Irrefragebilibus
615 1453 765 1509 transactis
778 1470 930 1525 argumen-
970 1468 1055 1524 quam
1065 1456 1188 1528 partium
1200 1455 1306 1528 species
1320 1472 1326 1508 :
1340 1454 1389 1509 sed
1406 1449 1540 1524 quoniam
1559 1453 1681 1519 quatuor
1701 1466 1765 1521 spe·

129 1538 299 1605 tationibus,
312 1543 340 1594 et
352 1540 462 1611 prolixo
477 1547 585 1597 natura
604 1559 662 1598 sua
687 1543 767 1600 linito
781 1543 926 1609 scrutinio,
970 1541 1025 1598 cies
1041 1544 1176 1618 diapason
1184 1546 1404 1606 constituuntur,
1415 1542 1456 1597 ita
1466 1543 1499 1595 ut
1511 1539 1687 1594 diatessaron
1697 1556 1767 1611 pra·

129 1627 306 1700 baptizemus
315 1628 435 1683 eundem
442 1630 566 1696 modum,
579 1632 756 1688 nominantes
766 1633 929 1704 eumhypo-
968 1632 1059 1698 cedat,
1074 1634 1205 1707 diapente
1220 1640 1363 1707 sequatur,
1376 1648 1439 1703 quae
1459 1632 1526 1684 sunt
1539 1628 1679 1700 plagales;
1695 1646 1767 1702 qua-

129 1717 354 1784 mixolidium,ut
363 1717 403 1772 sic
413 1717 451 1772 sit
460 1717 610 1789 binomius,
622 1720 695 1776 sicut
704 1738 768 1776 eum
779 1721 926 1777 biformem
967 1723 1138 1779 tuorautsm
1149 1724 1199 1790 ita,
1216 1730 1249 1779 ut
1262 1724 1393 1794 diapente
1413 1718 1516 1792 praevia
1534 1717 1710 1775 diatessaron
1728 1723 1767 1779 sit

32 1875 33 1880 .
128 1801 270 1861 neamus.
936 1807 1085 1878 Bassania
1109 1822 1170 1884 quae
1192 1817 1259 1868 sunt
1276 1811 1424 1868 autenticae
1441 1811 1542 1879 :patet
1565 1807 1690 1878 profecto
1701 1814 1765 1866 octo

368 1896 425 1951 Cur
438 1898 573 1952 dicontur
589 1899 681 1968 frapi.
969 1902 1075 1974 species
1091 1919 1161 1969 esse,
1178 1903 1228 1958 sed
1238 1902 1346 1957 nullam
1369 1914 1467 1955 earum
1483 1897 1612 1968 quintam
1626 1914 1691 1953 vare
1710 1900 1766 1955 dici

164 1984 252 2056 'fropi
270 1983 403 2040 dicuntur
417 2003 434 2040 a
446 1986 606 2042 reversione
618 2006 624 2056 ;
640 1987 706 2058 quia
719 1987 817 2044 ubiubi
829 1992 928 2044 cantus
969 2007 1061 2062 posse,
1078 2009 1141 2046 cum
1155 2008 1247 2063 neque
1261 1990 1437 2046 diatessaron
1453 2003 1504 2041 nec
1522 1986 1653 2058 diapente
1666 1985 1767 2059 quinta

130 2089 310 2145 quocumque
324 2075 459 2130 ascendat
468 2093 518 2132 seu
530 2076 691 2146 descendat,
703 2079 739 2132 ad
753 2078 884 2134 ultimum
898 2077 928 2133 in
969 2081 1076 2152 species
1090 2081 1251 2136 inveniatur
1260 2096 1331 2134 esse.
1345 2077 1413 2143 Quis
1421 2077 1489 2132 dicit
1498 2075 1593 2130 aulam
1601 2076 1722 2148 ligneam
1730 2079 1766 2134 de

127 2162 225 2217 finalis
239 2163 390 2218 revertitur
399 2163 584 2221 domicilium.
969 2170 1037 2242 ligni
1051 2170 1178 2243 partibus
1189 2187 1246 2226 non
1262 2167 1468 2224 constructam?
1482 2165 1618 2221 Similiter
1627 2167 1690 2238 quis
1699 2168 1767 2224 dicit

130 2306 232 2360 mmm
251 2308 324 2362 m
334 2306 539 2376 synemmenon
553 2309 633 2375 infra
646 2310 687 2362 m
696 2323 783 2377 supra
794 2309 928 2363 mmu-
969 2259 1097 2332 quintam
1112 2259 1232 2331 speciem
1247 2257 1382 2329 diapason
1395 2256 1431 2310 de
1445 2253 1549 2326 quintis
1568 2253 1696 2326 partibus
1709 2273 1767 2314 noa

163 2379 283 2434 cmm
295 2379 423 2447 ponenda
438 2381 474 2434 m
499 2381 612 2442 limam,
629 2384 654 2433 et
679 2385 778 2434 ulrum
792 2382 873 2434 molle
891 2379 922 2437 b·
968 2348 1185 2416 consistentem,
1202 2363 1266 2402 cum
1281 2347 1360 2402 nulla
1374 2345 1506 2418 diapente
1519 2345 1674 2416 sitquinta,
1688 2347 1768 2403 nulla

162 2449 374 2518 rotundumque
401 2453 438 2504 sit
461 2451 551 2518 mopis
583 2453 780 2520 mensorium,
801 2454 927 2506 minusve
967 2437 1152 2502 diatessaron,
1165 2434 1604 2510 quasuntconstitutisaepartes
1618 2435 1767 2508 diapason?

163 2535 251 2589 quam
264 2521 435 2589 quadratum
449 2521 472 2592 η.
969 2528 1023 2584 Sed
1036 2531 1132 2582 tamen
1161 2531 1222 2581 octo
1245 2525 1353 2598 species
1366 2599 1369 2602 -
1381 2529 1450 2580 sunt
1471 2523 1618 2595 diapason,
1637 2527 1765 2596 quamvis

164 2626 259 2682 Causa
274 2631 316 2682 est
330 2625 473 2699 antiquior
487 2645 573 2700 quam
587 2627 711 2692 effectus⁸
724 2632 758 2683 ut
770 2628 844 2700 ignis
854 2645 928 2685 0011]-
968 2614 1048 2669 milia
1063 2615 1161 2686 quintii
1179 2633 1185 2669 :
1201 2614 1267 2687 quiid
1278 2613 1440 2669 octonarius
1450 2613 1587 2668 veraciter
1595 2612 1716 2670 habetur
1730 2632 1764 2673 80

126 2713 289 2770 bustionem
303 2715 445 2788 praecedit.
471 2717 541 2774 Cum
554 2717 649 2773 hiatus
673 2717 825 2786 diezeuxis,
840 2717 927 2774 idest
968 2706 1157 2772 ⁰⁰¹¹¹P¹¹i⁸iuf2
1172 2700 1221 2756 ubi
1236 2700 1435 2774 quaternarius
1445 2698 1615 2771 duplicatur·
1637 2701 1765 2766 Quailfflf

126 2803 326 2875 disjunctionis
340 2805 593 2872 tetrachordorum,
604 2805 733 2877 patribus
743 2806 848 2860 nostris
862 2807 926 2878 plu·
968 2789 1074 2860 Species
1092 2795 1160 2846 ⁵¹¹¹st
1178 2790 1314 2862 distP³⁸0¹¹
1334 2790 1551 2851 &Uiessiissflfflmr
1567 2795 1688 2861 quatum
1701 2792 1765 2863 1³¹⁸·

124 2891 200 2946 rima
211 2892 331 2948 canendi
345 2893 541 2965 praetendisset
558 2892 743 2948 offendicula:
760 2893 826 2967 quia
840 2894 925 2950 tritus
966 2878 1084 2949 &alimur
1102 2895 1163 2951 ΨΜ
1178 2878 1502 2951 ⁰⁰¹11P¹⁰¹¹i0030¹¹²¹¹i¹¹m
1515 2896 1521 2944 ἱ
1534 2877 1641 2932 nuum
1655 2884 1760 2946 tmen»

125 2981 220 3036 finalis
234 2981 266 3035 F.
289 2997 376 3052 supra
391 2987 501 3055 quarta,
530 2982 615 3038 tritus
645 2982 783 3038 excellens
812 2983 831 3036 f.
851 2983 925 3039 infra
966 2967 1706 3041 Uil’faefflfifflu81q1fissiflml0f0ffi⁰⁰f0P⁰⁸⁸¹¹mU8·

123 3068 218 3125 caruit
233 3070 342 3142 quinta,
353 3071 585 3142 interposuerunt
597 3071 663 3126 trite
674 3087 878 3143 synemmenon
888 3073 924 3128 ad
1018 3057 1055 3111 0⁰
1071 3057 1258 3111 similitudine
1271 3057 1455 3124 demidiam
1465 3059 1588 3124 fflaifwf
1601 3056 1708 3112 vitibus

123 3157 335 3214 emendandum
346 3158 523 3230 jubilationis
542 3159 693 3216 defectum.
716 3160 758 3216 lbi
779 3177 865 3216 causa
879 3119 955 3217 estC
1059 3215 1065 3227 ,
1203 3214 1209 3226 ,
1295 3128 1427 3234 ΨΜ·

122 3246 276 3313 diezeuxis,
304 3247 481 3321 interpositio
496 3265 699 3322 synemmenon
723 3254 767 3305 est
794 3251 919 3314 effectus,
998 3215 1160 3288 ememus
1173 3215 1298 3287 mquam
1312 3230 1353 3284 ¹¹¹¹
1368 3218 1479 3271 tantum
1506 3230 1568 3270 ⁰⁵⁵⁰
1582 3215 1711 3283 mmm
1728 3222 1762 3274 nt

121 3354 190 3409 ergo
206 3337 357 3409 posterior,
373 3338 441 3403 Quae
465 3339 503 3393 sit
527 3339 669 3410 posterior
691 3338 865 3406 inventione,
884 3341 922 3396 sit
963 3303 1198 3374 quatumcibus
1212 3303 1591 3376 Sitgemeffipam'quos‘lam
1605 3321 1762 3377 gemm

121 3428 208 3482 etiam
221 3427 362 3499 posterior
383 3428 413 3483 in
432 3429 566 3496 sessione,
583 3427 657 3484 sicut
671 3427 779 3486 advena
792 3429 823 3483 in
836 3429 921 3483 domo
962 3409 1026 3448 mm
1040 3392 1223 3465 primigem'
1234 3393 1377 3459 vel'utim
1391 3392 1529 3462 dicamus·
1541 3393 1754 3466 secundigenas'

120 3516 226 3572 aliena.
254 3517 391 3588 Suscepta
415 3517 529 3589 quidem
557 3517 630 3574 sicut
653 3517 764 3574 iambus
780 3517 919 3590 spondeos

119 3606 239 3662 stabiles
252 3607 283 3661 in
294 3608 361 3679 jura
373 3611 492 3679 paterna
513 3608 628 3680 recepit,
645 3607 809 3663 commodus
824 3611 853 3661 et
866 3622 918 3678 pa·

118 3693 206 3763 tiens,
220 3711 278 3750 non
292 3701 326 3751 at
347 3696 383 3751 de
396 3695 463 3752 sede
477 3695 601 3752 secunda
615 3697 736 3762 cederet,
752 3701 801 3750 aut
818 3699 920 3766 quarta

117 3783 271 3838 socialiter.
288 3785 362 3856 Ergo
374 3801 578 3858 synemmenon
599 3785 674 3841 infra
688 3785 848 3852 collocetur,
860 3799 918 3839 non
960 3837 1036 3904 Quod
1093 3839 1116 3892 ‚d
1445 3839 1486 3893 ‚da
1530 3839 1549 3893 d

116 3889 216 3945 supra.
233 3874 302 3939 Quae
324 3876 425 3930 harum
444 3875 482 3931 sit
494 3875 592 3931 utilior
606 3875 776 3930 chordarum
796 3889 918 3946 perpen.
996 3853 1611 3978 morq'ugu‘taengassoeffimffimfnnom
1623 3845 1758 3979 ‘giam

116 3961 186 4017 deffi
198 3965 399 4035 P⁰⁵⁸¹1m¹¹⁸2⁸i
421 3965 614 4021 discernemus
630 3965 711 4037 ⁰¹¹i¹¹⁸
730 3965 768 4019 ⁵st
784 3963 918 4034 frequen·
993 3982 1051 4035 sr'ut
1065 3981 1154 4034 dicere
1173 3980 1324 4034 secundum
1339 3982 1505 4048 multiplices
1520 3983 1664 4036 rationes..

114 4051 175 4106 5⁰?
188 4067 269 4107 “⁸¹¹⁸-
991 4068 1081 4124 Unam
1107 4084 1217 4123 musam
1240 4084 1389 4139 possumus
1412 4084 1548 4134 asserere,
1575 4069 1748 4140 generalem,

118 4173 554 4244 Quodmymmmmpfndyyffly
569 4190 844 4244 ,ymmmmon'wm
855 4177 915 4242 ,psa
956 4157 1064 4212 scilicet
1077 4157 1297 4212 monochordum
1313 4156 1387 4212 vocis
1400 4157 1540 4222 humanae,
1556 4173 1619 4228 qua
1630 4156 1673 4228 :aa
1695 4173 1754 4212 una

268 4249 394 4315 suppleat
408 4250 493 4302 uicem
505 4249 676 4316 supertorfus
692 4248 762 4301 triti.
956 4246 1050 4302 fistula
1073 4245 1138 4301 colli
1157 4245 1351 4300 efficacissime
1370 4245 1474 4316 jubilat
1498 4245 1594 4301 omnia
1612 4247 1752 4302 melorum

151 4334 260 4390 Cantus
272 4334 364 4406 quinti
379 4341 409 4390 et
426 4335 497 4390 sexti
512 4335 572 4391 toni
586 4335 764 4407 potissimum
785 4334 914 4405 indigent
953 4351 1068 4406 genera,
1082 4334 1128 4389 cui
1142 4334 1399 4407 nullaehydrauliae,
1411 4334 1496 4389 nullae
1510 4334 1572 4389 alia
1586 4349 1751 4406 comparan-

109 4439 330 4495 synemmenon,
345 4424 484 4497 cumipse
503 4425 540 4479 sit
553 4424 656 4479 vicaria
662 4409 730 4479 'enti
749 4423 912 4496 superioris·
921 4397 946 4457 D
955 4431 1002 4481 tur
1016 4424 1126 4480 fistulae.
1137 4425 1202 4506 Hac
1212 4440 1276 4478 cum
1292 4428 1457 4483 cunctarum
1472 4423 1602 4496 suppleat
1614 4422 1749 4492 officium,

109 4512 240 4583 Inproto
255 4513 506 4585 quoquesuceinit,
524 4513 574 4568 sed
589 4513 742 4581 rarissime,
759 4518 791 4568 ut
804 4513 834 4566 in
847 4513 912 4568 fisce
953 4513 1023 4569 duas
1038 4530 1132 4569 musas
1145 4529 1295 4584 possumus
1318 4512 1455 4584 conjicere
1471 4512 1502 4567 in
1524 4517 1705 4568 autentorum
1721 4516 1752 4568 et

961 3481 1124 3553 tertigenas,
1141 3481 1321 3553 quartigenas
1349 3480 1442 3536 dicere
1466 3496 1625 3554 possumus,
1649 3481 1760 3539 nullum

959 3575 1055 3626 autem
1069 3570 1271 3642 quintigenam,
1294 3586 1359 3625 cum
1373 3586 1470 3626 eorum
1490 3586 1574 3626 nemo
1588 3569 1688 3643 quinta
1700 3572 1760 3628 vioe

960 3659 1129 3730 sitgenitus,
1146 3658 1275 3732 quamris
1290 3665 1352 3714 octo
1367 3664 1464 3716 tamen
1487 3675 1549 3715 esse
1566 3675 1624 3716 non
1649 3659 1758 3717 dubite-

959 3764 1034 3804 mus.

108 4617 216 4655 umnen
235 4604 350 4656 Domini
368 4619 393 4656 r.
410 4605 438 4658 d.
449 4606 468 4658 t.
480 4602 653 4667 Quadratum
664 4605 783 4670 autemt
798 4617 855 4657 non
870 4618 912 4657 so-
951 4603 1098 4675 plagarum
1121 4618 1182 4657 esse
1205 4601 1351 4668 dualitate,
1380 4607 1430 4656 aut
1451 4601 1481 4656 in
1507 4601 1685 4673 pulsationis,
1715 4616 1750 4657 ac

106 4689 175 4744 lum
192 4689 222 4744 in
237 4689 364 4756 deutero,
378 4691 426 4762 qui
440 4707 508 4747 suus
523 4691 693 4747 domesticus
709 4691 816 4756 est,scd
826 4691 911 4747 etiam
952 4693 1105 4748 inflationis
1118 4691 1302 4764 duplicitate:
1320 4709 1440 4764 quarum
1461 4692 1552 4749 altera
1565 4692 1701 4765 cymbalis
1720 4697 1750 4748 et

105 4779 138 4833 in
155 4783 248 4852 proto,
267 4779 298 4833 in
310 4780 447 4847 tetrardo,
463 4779 492 4834 in
507 4780 568 4852 ipso
580 4797 691 4853 quoque
705 4780 773 4836 trito
792 4797 910 4836 conver·
953 4782 1073 4848 chordis,
1088 4782 1178 4838 altera
1190 4781 1291 4838 fistulis
1301 4781 1388 4836 servit
1400 4786 1429 4836 et
1441 4781 1527 4854 tybiis
1543 4799 1549 4834 :
1565 4782 1608 4838 vel
1618 4783 1647 4837 in
1662 4779 1749 4838 bifida

101 4873 195 4924 satur
207 4868 320 4924 assidue
332 4885 338 4921 ι
349 4869 478 4940 quamvis
491 4869 559 4924 trito
573 4869 707 4925 familiari
719 4886 776 4925 noa
792 4869 830 4925 sit
843 4867 910 4926 uici·
951 4871 1023 4926 arsis
1036 4878 1065 4926 et
1077 4871 1175 4932 thesis,
1188 4870 1277 4935 idest,
1288 4870 1451 4926 elevationis
1466 4875 1496 4926 et
1507 4869 1691 4943 depositionis
1699 4888 1749 4928 aa·

100 4958 204 5012 nitate
218 4958 411 5029 conjunctum,
427 4957 493 5030 quia
508 4975 561 5014 nec
576 4975 594 5013 a
607 4959 686 5014 finali
700 4959 731 5014 F.
747 4975 799 5014 nec
812 4958 848 5014 ab
860 4975 909 5015 ex·
951 4965 1027 5028 tura,
1042 4961 1102 5015 sine
1114 4977 1170 5032 qua
1181 4975 1238 5015 non
1248 4961 1281 5014 fit
1296 4960 1392 5032 aliqua
1405 4977 1457 5015 vox
1471 4960 1588 5016 musica.
1613 4960 1685 5026 Quid
1704 4965 1748 5017 est

98 5045 226 5101 callenti
239 5046 261 5101 f.
282 5047 380 5119 aliqua
402 5048 490 5103 distat
519 5048 712 5104 consonantia.
742 5048 814 5103 Hinc
842 5049 909 5105 licet
951 5049 1078 5106 musical
1091 5050 1302 5105 Motusuocum.
1320 5048 1419 5105 Omnis
1442 5055 1539 5105 autem
1558 5049 1634 5106 vocis
1651 5052 1746 5104 matus

95 5133 285 5208 perpendere
301 5135 329 5190 b.
346 5135 426 5205 utile,
437 5136 461 5209 t.
478 5141 574 5192 autem
589 5137 711 5192 multum
724 5136 820 5193 atilius
835 5153 907 5204 esse,
949 5137 992 5193 vel
1005 5137 1061 5192 arsi
1075 5139 1107 5193 fit
1122 5143 1171 5193 aut
1184 5138 1269 5192 thesi.

94 5225 229 5294 ideoque
238 5223 391 5280 admodum
406 5241 467 5281 esse
481 5226 700 5282 commodiorem
709 5227 907 5298 conjunctione
982 5228 1051 5283 'fres
1062 5243 1157 5282 musas
1170 5227 1427 5298 intelligimusmon
1442 5226 1563 5283 absurde
1571 5226 1627 5282 tria
1639 5241 1745 5298 genera

92 5312 407 5384 disjunctionemQua
416 5315 504 5370 etiam
518 5315 627 5371 ratione
641 5315 841 5386 frequentioris
852 5316 907 5371 uti·
946 5315 1078 5372 musica:
1096 5316 1285 5382 Diatonicum,
1297 5316 1510 5383 chromaticum,
1527 5313 1742 5370 enarmonium:

91 5401 196 5458 litatis
205 5407 235 5456 et
245 5402 363 5458 rarioris
376 5419 527 5475 possumus
542 5404 674 5475 colligere
688 5404 762 5460 infra
775 5405 803 5461 b.
817 5422 904 5477 supra
945 5421 996 5460 seu
1009 5412 1068 5461 tres
1083 5410 1150 5462 sunt
1163 5421 1261 5476 musa,
1273 5405 1335 5477 ipsa
1348 5421 1400 5460 vox
1413 5405 1546 5470 humana,
1566 5402 1742 5476 pulsationis,

91 5495 118 5558 q.
132 5490 301 5546 notandum
317 5506 378 5546 esse
393 5491 424 5546 in
435 5491 512 5546 hunc
527 5492 651 5548 modum.
945 5495 1156 5566 inflationisque
1166 5495 1289 5550 mixtura
1297 5493 1414 5549 marinis
1428 5493 1457 5550 in
1467 5493 1589 5564 ampulla
1602 5492 1744 5549 resultans

178 5594 197 5636 a
508 5581 522 5654 η
804 5599 835 5657 ,ο
945 5601 1057 5657 syrena.
1076 5584 1143 5649 Quae
1157 5584 1285 5638 Granum
1305 5583 1422 5638 sortitur
1436 5581 1604 5639 vocabulum
1619 5600 1625 5636 r
1641 5580 1741 5652 suun,

356 5668 375 5724 b
949 5673 1052 5746 (sopra)
1071 5673 1147 5729 enim
1163 5672 1260 5730 Graece
1269 5671 1374 5730 dicitm
1383 5671 1560 5742 contrahere,
1571 5671 1748 5744 uadesyrtes
