3896 6170
234 275 303 335 libb
761 271 937 330 amnonis
953 271 1108 330 ABBA'I'IS
1126 267 1336 329 FARFENSIS.
1762 278 1816 339 itit

220 401 310 457 buter
324 400 482 455 revertatur
494 394 530 451 de
543 394 645 450 itinere
659 396 776 468 accipiat
789 397 1024 455 benedictionem.
1033 399 1059 459 A
1068 398 1208 453 cantando
1219 398 1342 470 psalmos
1353 413 1444 472 usque
1452 399 1483 454 iu
1492 399 1637 456 olnmtrum
1646 401 1729 457 matur
1735 407 1818 471 oir,rel

222 491 252 547 Si
278 488 373 545 statim
402 485 485 542 debet
512 500 629 557 pergere
656 486 778 558 accipiat
801 487 1025 544 benedictionem
1068 487 1190 559 qualiter
1202 487 1289 543 abbas
1302 487 1447 564 inceperit.
1465 488 1536 544 Cum
1553 489 1651 544 fuerint
1662 495 1718 546 ante
1733 494 1819 565 capiti·

222 577 406 638 ambulandi:
423 575 446 631 si
462 581 560 648 postea
572 575 683 630 steterit
704 576 742 631 ad
758 593 844 632 unam
868 577 967 632 horam
983 577 1026 632 rel
1067 577 1125 631 lum
1140 577 1215 632 dicat
1229 577 1315 648 prior,
1330 580 1511 648 adjutorium
1535 583 1661 643 nostrtnn,
1683 581 1818 646 deriedtctte,¹

222 669 301 734 duas,
326 665 445 737 accipitet
464 664 687 720 benedictionem
704 666 875 720 revertendi.
898 667 1026 736 itemque
1069 671 1097 720 et
1111 667 1361 738 eatunusquisque
1372 666 1578 722 adofficiasua.
1589 665 1751 724 Exbacbora
1758 678 1820 726 sona

221 757 245 813 si
273 757 361 812 frater
379 753 456 809 venit
480 754 515 808 de
543 753 643 809 itinere
667 754 787 826 accipiat
802 754 1026 810 benedictionem
1067 755 1200 826 squillam
1216 755 1393 812 secretarius.

221 845 375 903 redeundi:
393 843 417 899 si
431 843 526 898 statim
542 843 698 914 perrexerit
710 843 824 910 alicubi,
836 849 932 899 etune
944 849 1026 898 nocte
1375 846 1492 903 CAPUT
1507 845 1556 902 IX.

221 934 377 1002 dormierit,
391 933 420 987 in
440 931 564 988 crastina
588 949 644 987 non
660 933 779 1005 accipiat
801 931 1026 988 benedictionem
1238 936 1307 990 item
1319 938 1344 990 si
1352 941 1413 1005 port
1427 951 1531 990 nonam
1545 937 1685 990 reversuri.

221 1023 367 1081 redeundi.
377 1025 409 1079 ln
419 1023 521 1077 itinere
531 1022 555 1076 si
564 1026 687 1094 pergunt
699 1023 754 1076 duo
764 1022 901 1088 conversi,
914 1026 942 1075 et
952 1037 1026 1076 unus
1102 1022 1170 1077 Post
1181 1039 1283 1079 nonam
1292 1029 1387 1080 autem
1402 1024 1424 1080 si
1440 1025 1543 1080 iterum
1558 1030 1622 1079 sunt
1635 1024 1762 1090 reversuri,
1774 1041 1821 1080 mor

222 1113 408 1184 sacerdosqui
419 1111 516 1184 junior
527 1111 641 1166 illorum
652 1111 698 1174 sit,
710 1109 878 1183 ubicumque
890 1109 1024 1176 sederint,
1068 1113 1101 1164 ut
1123 1111 1271 1168 exierinte
1289 1113 1438 1168 refectorio
1459 1113 1631 1168 venientibus
1653 1112 1680 1167 in
1700 1113 1822 1184 capitulum
1908 1181 1909 1184 Ἴ

222 1204 306 1260 debet
330 1201 461 1258 sacerdos
483 1201 581 1256 sedere
605 1200 634 1255 in
654 1201 746 1255 medio
768 1200 891 1256 illorum.
908 1198 1026 1265 Quando
1068 1199 1189 1256 efficiant
1212 1200 1416 1258 absolutionem
1441 1201 1629 1257 sicutcaeteris
1646 1201 1741 1256 diebus.
1755 1202 1821 1268 Dicto,
1908 1187 1909 1200 ¹

223 1311 288 1350 vero
309 1292 464 1365 perrexerit
476 1307 550 1346 unus
564 1307 597 1345 ex
612 1290 652 1344 eis
668 1307 731 1344 cum
745 1289 900 1352 sacerdote,
916 1303 1028 1359 semper
1067 1288 1230 1350 benedicite.
1255 1290 1360 1346 iaciant
1375 1297 1441 1346 ante
1456 1297 1485 1346 et
1505 1297 1595 1360 retro,¹
1612 1295 1640 1346 et
1656 1290 1723 1346 illico
1735 1290 1824 1362 incipiat

224 1386 308 1443 debet
318 1383 448 1440 sacerdos
460 1381 558 1436 sedere
573 1395 658 1452 super
671 1379 762 1445 illum,
778 1378 863 1432 etiam
878 1376 956 1448 loqui
971 1391 1027 1430 non
1068 1377 1145 1450 prior
1157 1381 1282 1450 psalmos
1295 1381 1449 1438 familiares
1462 1379 1667 1453 vespertinales,
1681 1381 1824 1445 Pertinace

224 1476 358 1532 condecet
376 1474 467 1536 illuni,
484 1470 538 1526 nisi
553 1485 604 1540 per
624 1468 684 1538 ejus
705 1466 858 1521 licentiam.
882 1466 914 1520 lo
935 1481 1027 1520 rever·
1067 1467 1298 1523 arediarationem
1306 1466 1824 1538 meam,auriburpercipe‚inprimiq'ctc.

223 1567 309 1624 tendo
318 1565 343 1621 si
357 1564 462 1621 fuerint
478 1561 513 1616 ed
527 1563 585 1614 tres
600 1558 694 1622 boras,
709 1555 743 1610 ed
758 1553 972 1625 completorium
987 1553 1027 1608 di-
1067 1554 1138 1610 Dein
1152 1573 1274 1628 vespera
1286 1558 1413 1613 omnium
1427 1563 1597 1622 sanctornm,
1615 1560 1643 1610 et
1655 1571 1762 1626 vespere
1772 1571 1826 1609 mor·

223 1665 304 1713 catur
316 1672 400 1728 super
414 1671 471 1718 eos,
487 1650 652 1706 Misereatur
667 1646 751 1700 uestri
757 1661 765 1708 ,·
780 1643 815 1698 ad
830 1643 965 1698 domnum
979 1641 1027 1698 ab·
1066 1647 1192 1704 tuorum.
1203 1651 1232 1700 et
1245 1645 1368 1702 osticium
1380 1662 1488 1706 eorum.
1503 1651 1533 1701 et
1545 1647 1615 1700 Deus
1629 1645 1744 1699 numius.
1757 1645 1827 1716 Atque

223 1741 317 1800 batem
331 1752 471 1809 nusquam
485 1733 605 1789 dicatur.
1034 1711 1191 1804 Bquinque
1204 1736 1328 1806 psalmos
1342 1752 1393 1807 pro
1408 1735 1557 1802 defunctis,
1576 1739 1605 1790 et
1617 1733 1655 1789 sic
1668 1732 1769 1788 redeam
1779 1749 1828 1787 ean·

524 1839 641 1896 cqpurp
655 1837 719 1894 vn,
1065 1822 1152 1877 tando
1173 1825 1305 1894 psalmos,
1322 1826 1364 1880 Ad
1383 1825 1535 1880 Dominum
1554 1839 1618 1878 cum
1643 1823 1785 1877 tribularer.
1804 1821 1828 1876 ln

257 1942 325 1996 Item
340 1937 371 1991 de
387 1935 453 2004 ipris
469 1931 608 2001 iratribus
621 1931 778 1983 constitutis
795 1930 825 1982 in
839 1929 989 1982 itineribus
1066 1909 1188 1966 ⁰¹³⁰⁸tf⁰
1208 1913 1309 1968 tandiu
1330 1916 1445 1969 cantent
1463 1912 1555 1984 Pussfl's
1571 1911 1619 1984 (lUi
1632 1917 1694 1966 &¹¹¹⁰
1707 1909 1830 1983 Psooedunt

436 2005 557 2072 qualiter
578 2001 661 2054 boras
675 2000 807 2056 reddant.
1067 1997 1102 2052 ad
1117 1998 1265 2055 introitum
1280 2002 1395 2073 capituli
1416 2017 1564 2074 quousque
1583 2000 1735 2055 adunentur
1749 1995 1829 2052 cunm.

257 2099 371 2155 Fratres
386 2094 415 2149 in
429 2092 532 2148 itinere
547 2088 646 2144 directi
660 2104 723 2143 cum
738 2086 860 2143 viderint
869 2088 946 2142 horae
956 2091 1027 2141 tem·
1068 2085 1110 2142 Ex
1126 2094 1194 2144 tunc
1205 2090 1394 2147 residentibus
1404 2091 1443 2146 ibi
1458 2106 1527 2162 puer
1540 2095 1619 2163 petat
1630 2087 1830 2152 benedictionem,

222 2205 286 2260 pus,
301 2186 325 2241 si
336 2189 419 2258 aptus
431 2182 510 2236 locus
525 2182 568 2233 est
582 2176 630 2243 ibi,
642 2175 690 2230 ubi
705 2175 805 2231 directi
818 2179 896 2230 stant
908 2175 951 2229 vel
965 2191 1028 2246 per-
1067 2181 1096 2231 et
1118 2176 1194 2248 legat
1223 2179 1369 2235 lectionem
1395 2179 1430 2236 de
1456 2178 1528 2234 libro
1553 2177 1602 2251 qui
1625 2178 1659 2232 ad
1686 2176 1831 2232 collationem

223 2276 379 2340 ambulant,
396 2273 511 2326 flectant
524 2281 617 2338 genua
634 2263 835 2319 descendentes
849 2262 884 2318 de
894 2262 983 2334 equis.
996 2261 1026 2317 Si
1068 2265 1192 2336 legitur:
1210 2273 1239 2322 et
1247 2267 1366 2338 Jubente
1381 2266 1475 2340 priore
1488 2267 1616 2338 expleat3
1631 2271 1691 2320 tum
1705 2263 1778 2319 iaciat
1792 2277 1834 2318 scr·

222 2365 328 2420 iaciant
341 2362 375 2418 de
390 2359 443 2432 [in]
455 2353 590 2412 coenobiis
603 2367 697 2424 genua
707 2367 792 2423 super
806 2349 920 2416 formas,
932 2356 961 2405 et
970 2349 1025 2422 ipsi
1068 2369 1191 2410 monem.
1209 2355 1316 2413 Deinde
1330 2362 1449 2429 surgant
1464 2372 1563 2412 ornnes
1578 2361 1607 2412 et
1620 2354 1720 2410 iaciant
1731 2367 1833 2407 reveren·

222 2453 328 2510 faciant
348 2449 396 2506 ubi
411 2449 526 2518 degunt.
545 2441 674 2506 Peracta,
692 2439 804 2511 signum
819 2443 921 2494 sancta
935 2438 1025 2493 crucis
1068 2440 1147 2496 tiam.
1163 2441 1228 2514 Ipse
1242 2443 1319 2516 prior
1332 2444 1408 2500 dicat
1421 2446 1496 2500 bunc
1514 2461 1638 2513 versum,
1657 2443 1795 2500 renatare
1806 2457 1832 2500 o.

223 2543 389 2617 imprimant
398 2539 428 2594 in
439 2532 578 2591 frontibus
591 2529 659 2596 suis,
672 2533 701 2582 et
713 2544 769 2582 non
779 2531 891 2600 gyrent,
903 2526 952 2581 sed
966 2529 1028 2580 tan-
1068 2529 1184 2586 Domine
1204 2534 1276 2588 deus
1298 2551 1384 2590 meur.
1408 2535 1474 2590 llaec
1493 2535 1601 2590 iaciant
1614 2531 1720 2606 quanda
1734 2529 1771 2585 bis
1785 2545 1834 2601 per·
1911 2559 1912 2572 .

223 2639 285 2692 tum
298 2633 397 2704 petant
411 2624 532 2690 reniam,
544 2626 574 2677 et
584 2617 722 2691 incipiant
735 2617 834 2671 horam
845 2615 1027 2670 ascendentes
1068 2624 1153 2690 gunt,

223 2722 253 2778 in
277 2735 376 2792 equos,
397 2717 545 2788 pergentes
565 2713 593 2763 et
615 2707 714 2761 boram
729 2704 922 2760 decantantes.
946 2702 1026 2756 Van·
1379 2711 1497 2768 CAPUT
1509 2711 1545 2766 x,

223 2815 268 2866 tos
284 2808 340 2879 (50)
357 2806 457 2862 tollant
471 2802 507 2857 de
520 2796 651 2854 manibus
665 2793 724 2848 suis
737 2807 826 2864 usque
845 2791 913 2846 dnm
927 2789 1028 2846 liniant
1173 2799 1242 2854 Item
1256 2801 1367 2868 quando
1380 2804 1462 2856 seruet
1473 2803 1605 2870 pergitur
1618 2801 1655 2855 ad
1667 2813 1750 2868 operu-

225 2899 351 2955 divinum
366 2891 500 2950 nitidum.
517 2886 547 2944 Si
565 2884 661 2955 aliqua
674 2880 827 2936 necessitas
841 2878 976 2943 evenerit,
995 2883 1028 2933 ut
1102 2884 1221 2950 Quando
1234 2887 1321 2942 semel
1331 2884 1838 2960 euntadopefflperdimmnjngmt

223 2985 329 3058 aliquid
343 2984 476 3053 loquatur
490 2977 519 3031 in
531 2973 589 3046 psal
595 2984 704 3025 morum
715 2967 815 3022 ⁰ldi¹¹0
825 2967 859 3022 de
872 2967 933 3038 ¹9⁸⁸
945 2966 1056 3052 h⁰ffli0
1067 2971 1140 3029 sicut
1150 2973 1180 3029 in
1196 2992 1288 3044 mane,
1299 2977 1354 3032 nisi
1366 2981 1476 3033 tantum
1492 2977 1568 3050 quod
1583 2977 1618 3032 de
1631 2976 1743 3031 lectione
1754 2971 1837 3042 legitur

222 3078 325 3133 iterum
348 3089 366 3127 a
388 3069 480 3142 capite
499 3061 673 3120 reinchoent.
690 3057 973 3112 Redeunteswantos
988 3054 1025 3110 ad
1067 3060 1098 3115 in
1112 3061 1243 3130 claustro,
1256 3065 1522 3131 etversusdicatur,
1537 3065 1698 3120 benedictus
1711 3078 1743 3120 a.
1752 3056 1837 3114 Psalmi
1912 3085 1913 3128 3

221 3182 286 3223 suos
299 3160 416 3219 lectulos
429 3153 533 3227 singuli
547 3153 664 3224 possunt
677 3147 792 3202 habere·
807 3147 840 3201 111
860 3144 976 3200 basilica
994 3143 1024 3198 in
1065 3150 1217 3207 familiares
1227 3153 1358 3209 dicantur
1367 3153 1398 3210 in
1407 3152 1555 3209 matutinis
1567 3151 1706 3210 laudibus.
1716 3147 1837 3203 Matutae

221 3253 327 3329 cryptis
343 3246 456 3322 qnando
476 3240 581 3298 revomi
603 3241 672 3294 sunt
696 3235 825 3291 ordinem
845 3234 949 3290 iaciant
961 3250 1024 3306 pro·
1065 3238 1199 3294 Omnium
1212 3241 1389 3312 Sanctorum,
1404 3242 1447 3297 rel
1461 3247 1651 3310 mortuorum,
1665 3255 1720 3296 non
1732 3236 1839 3292 dimntur

221 3342 314 3409 strati,
330 3334 451 3395 etiamsi
466 3326 612 3387 duodecim
627 3323 761 3380 lectiones
774 3323 843 3381 sint.
1066 3326 1120 3382 nisi
1136 3328 1304 3386 11100012312,

517 3414 635 3473 CAPUT
651 3411 728 3467 Vlll.
1372 3419 1488 3477 cApUq*
1502 3420 1554 3478 XL

465 3511 502 3564 ΒΘ
526 3519 608 3574 ΟΡΜ
632 3515 783 3556 manuum·
1216 3510 1284 3564 Item
1298 3509 1409 3578 quanda
1424 3511 1484 3563 itur
1498 3509 1534 3562 ad
1544 3509 1712 3578 pristinum.

257 3602 374 3671 Quando
384 3599 487 3654 iratres
499 3591 566 3648 ituri
577 3593 644 3646 sunt
656 3587 693 3641 ad
706 3601 792 3658 opera
802 3601 949 3656 manuum,
960 3602 1024 3642 mox
1099 3593 1218 3659 Quando
1231 3595 1337 3652 vadunt
1360 3596 1396 3651 ad
1413 3596 1566 3668 pristinum
1588 3596 1711 3668 psalmos
1723 3593 1755 3649 ἀρ,
1766 3589 1839 3664 prime

221 3699 254 3751 ut
268 3693 359 3767 prima
371 3687 452 3744 linita
465 3681 551 3738 fuerit
565 3679 699 3734 inchoent
711 3674 849 3730 litaniam.
867 3675 934 3729 Post
946 3675 1025 3747 cepi·
1064 3697 1121 3737 non
1135 3683 1288 3752 dimittant,
1303 3685 1353 3740 sed
1368 3690 1432 3756 post
1448 3684 1606 3757 capitulum
1627 3683 1740 3739 abluant
1759 3693 1839 3735 meam

221 3785 314 3840 tulum
329 3783 424 3835 autem
447 3773 521 3828 illico
536 3774 568 3824 ut
589 3764 772 3832 surrexerint,
788 3769 817 3818 et
830 3762 927 3818 tabula
945 3764 1023 3818 inso-
1064 3787 1130 3828 suas
1144 3778 1174 3828 et
1186 3773 1318 3828 inchoent
1331 3775 1455 3847 quinque
1468 3774 1595 3846 psalmos
1608 3789 1660 3846 pro
1673 3767 1840 3834 deiunctae

221 3870 325 3934 nuerit,
338 3865 435 3923 statim
449 3858 597 3931 incipiant;
611 3854 641 3909 in
655 3851 754 3925 primis
765 3852 866 3924 psalmi
878 3851 1023 3906 familiaris
1062 3857 1125 3915 illos
1139 3860 1174 3916 de
1190 3861 1266 3917 horis
1280 3863 1431 3930 canonicis,
1449 3862 1589 3929 videlicet,
1608 3863 1678 3917 lteus
1698 3864 1728 3915 in
1750 3859 1839 3913 nomine

222 3957 349 4031 aprima,
362 3959 390 4008 et
403 3955 470 4005 eant
481 3947 627 4000 cantantes
642 3939 749 4012 puriter
763 3953 870 4006 ornnes,
882 3944 914 3994 ut
927 3939 1023 3995 nullus
1065 3951 1120 4005 tuo,
1136 3949 1317 4007 Revertentes
1330 3967 1387 4009 non
1401 3952 1497 4024 legant
1508 3951 1670 4018 lectionem,
1684 3948 1737 4004 nisi
1749 3949 1839 4002 anun

222 4048 259 4105 sit
272 4047 429 4105 excusatus,
457 4035 542 4091 etiam
560 4028 732 4095 cellerarius,
757 4043 846 4098 usque
870 4027 906 4082 ad
929 4028 1022 4083 locum
1063 4050 1159 4093 versus
1174 4039 1293 4106 dicatur,
1308 4041 1510 4104 benedicturus,
1527 4042 1648 4096 bomine
1662 4041 1740 4104 neus,
1755 4037 1840 4092 stante

221 4136 322 4211 operis.
335 4134 407 4189 Cum
420 4126 459 4182 ibi
476 4121 591 4188 tuerint,
610 4122 686 4174 Sient
699 4115 779 4188 Pueri
795 4114 918 4170 &dimi
931 4114 960 4169 5¹¹
974 4131 1023 4170 8¹¹·
1063 4125 1216 4196 capitulum
1230 4133 1306 4183 stent
1319 4127 1441 4184 infantes
1454 4144 1518 4183 curn
1531 4127 1689 4200 magistris,
1700 4119 1840 4196 majoresiu

220 4233 277 4296 tea,
293 4230 323 4280 et
334 4218 471 4278 inclinent
485 4216 551 4268 ante
566 4213 595 4264 et
608 4211 694 4261 retro.
711 4204 790 4259 Tunc
802 4202 920 4275 incipiat
932 4203 1019 4274 prior,
1061 4214 1193 4286 claustro,
1214 4217 1288 4290 quod
1303 4223 1346 4274 est
1355 4219 1438 4289 jum
1451 4217 1610 4273 ecclesiam,

220 4319 300 4378 Deus,
318 4316 349 4367 in
362 4307 537 4377 adiutorium
551 4313 644 4352 meum
658 4294 776 4349 intende.
793 4292 888 4347 Tertio
903 4292 1053 4406 dicendoD
1362 4324 1479 4381 CAPUT
1494 4323 1558 4380 m

221 4411 250 4462 et
263 4403 358 4460 Gloria
371 4395 461 4452 Patri.
472 4386 580 4491 Deinde
594 4385 678 4454 Kurie
693 4383 802 4436 eleison.
819 4382 901 4480 Pater
917 4386 1018 4482 noster.
1061 4417 1199 4487 Damon
1209 4423 1422 4476 mammiivel
1431 4423 1541 4476 mnis
1563 4437 1613 4476 m
1623 4421 1725 4490 mmm.
1735 4418 1842 4474 udinem

220 4495 254 4550 lit
269 4507 303 4546 ne
317 4503 376 4542 πω·
398 4483 577 4549 Adiut‘fftum
602 4477 739 4527 mrum·
757 4469 792 4524 Et
804 4473 872 4524 ωηο
885 4474 1021 4542 ¹¹¹⁶¹P¹²¹¹¹t
1098 4493 1237 4545 tenuerint
1253 4493 1311 4546 ittir
1330 4493 1495 4558 absentibus,
1517 4461 1562 4547 oe'l
1582 4494 1718 4548 canariis
1739 4489 1843 4559 qualiter

221 4593 317 4652 opere,
334 4577 363 4629 et
383 4570 506 4643 psalmos
519 4563 568 4619 ubi
590 4577 637 4616 eos
661 4557 837 4622 dimiserant,
854 4557 1021 4629 reincipiant
1097 4561 1256 4616 absconsam
1270 4565 1396 4632 deserant
1412 4563 1580 4632 temporibus
1594 4566 1666 4618 suis.

221 4684 285 4726 cum
309 4667 417 4734 septem
440 4652 556 4729 psalmis
574 4647 750 4721 specialibus,
773 4651 802 4701 et
824 4645 947 4717 quinque
969 4662 1020 4718 pro
1097 4646 1179 4703 Prior
1189 4650 1231 4704 vel
1245 4649 1367 4705 decanus
1382 4650 1563 4706 claustrensis
1573 4656 1640 4724 post
1648 4645 1843 4721 completorium

220 4750 369 4813 defunctis.
387 4749 489 4802 Postea
510 4754 623 4796 cursum
646 4735 812 4790 canonicum
826 4749 890 4789 cum
905 4735 1020 4806 psalmis
1061 4735 1200 4808 accipiens
1214 4737 1380 4794 absconsam
1398 4739 1553 4795 circumeat
1575 4739 1731 4794 claustrum
1750 4736 1786 4791 sic
1803 4747 1845 4805 per

220 4837 406 4902 familiaribus
430 4833 465 4888 de
492 4827 579 4884 horis.
607 4825 707 4880 Frater
730 4821 966 4878 hebdomadarius
985 4825 1020 4881 de
1062 4823 1199 4880 ordinem.
1224 4825 1353 4882 Primum
1367 4827 1593 4896 calefactorium
1619 4825 1792 4899 postmodam
1810 4835 1845 4874 re·

221 4933 308 4989 missa
329 4925 405 4982 dicat
422 4918 561 4975 collectas.
578 4912 608 4969 Si
632 4909 742 4966 duabus
763 4907 869 4964 uicibus
887 4914 1019 4981 pergunt,
1061 4913 1225 4986 tectorium3
1241 4916 1306 4972 dein
1316 4917 1587 4989 coquinamzvideat
1597 4917 1623 4972 si
1638 4916 1708 4971 bene
1717 4915 1786 4970 circa
1794 4911 1846 4982 ipo

218 5023 259 5079 ibi
272 5021 382 5090 legatur
394 5007 477 5065 lectio
491 5005 526 5059 de
539 5000 609 5057 libro
624 4998 673 5070 qui
687 4998 723 5053 ad
740 4997 891 5068 prandium
905 4997 1018 5069 legitur,
1062 5003 1158 5058 omnia
1167 5007 1399 5062 iactasunt.lndc
1409 5022 1474 5062 vero
1484 5007 1513 5061 in
1523 5005 1649 5072 cellario,
1659 5005 1682 5059 si
1691 5002 1846 5060 omniaeon·

219 5113 244 5170 si
257 5109 321 5167 talis
332 5107 383 5167 est,
395 5105 428 5155 ut
436 5095 555 5152 aedificet
563 5088 720 5147 audientes.
731 5086 831 5142 Frater
840 5087 889 5158 qui
901 5087 972 5158 legit
984 5087 1020 5143 ad
1060 5107 1133 5163 grua
1150 5099 1217 5148 sunt
1231 5112 1238 5149 c
1255 5109 1287 5150 sc
1300 5095 1431 5168 deinceps
1452 5101 1562 5167 aparte
1577 5091 1799 5165 eleemosynaria
1810 5086 1846 5141 ri·

219 5199 385 5258 servitorem
398 5186 482 5244 debet
494 5181 599 5236 librum
617 5181 739 5251 portate.
755 5179 784 5229 tt
797 5181 917 5246 0¹p0nat
930 5175 1018 5249 prior,
1060 5180 1126 5237 deat
1138 5198 1235 5238 omnes
1244 5184 1347 5255 januas
1358 5187 1382 5240 si
1394 5185 1512 5240 firmatae
1524 5183 1631 5239 inerim
1644 5183 1724 5237 bene.
1735 5182 1847 5236 Postmo-

218 5291 262 5346 rel
273 5287 317 5344 cui
326 5285 387 5356 ipse
397 5271 515 5350 jusserit
525 5265 655 5324 omnibus
665 5262 716 5319 sub
727 5262 838 5318 silentio
846 5263 1017 5323 sedentibus.
1060 5270 1129 5325 dum
1137 5271 1252 5327 veniens
1265 5272 1295 5328 in
1309 5273 1424 5328 domum
1438 5273 1616 5328 intirmorum
1626 5271 1720 5326 videat
1730 5269 1752 5323 si
1762 5263 1847 5322 omnia

216 5383 316 5438 Denuo
339 5373 364 5428 si
386 5368 479 5423 visun
501 5357 586 5416 tuerit
606 5354 693 5428 priori
715 5358 748 5408 ut
770 5353 891 5424 amplius
913 5356 1019 5428 aliquid
1060 5365 1135 5415 recte
1155 5366 1287 5434 aguntur.
1310 5362 1339 5418 Si
1362 5361 1469 5435 aliquid
1489 5361 1519 5417 in
1541 5361 1666 5417 claustro
1685 5357 1846 5429 negligenter

218 5467 379 5541 operentur,
391 5453 505 5510 tamam.
519 5445 642 5503 Dimisso
654 5457 738 5514 opere
752 5439 783 5495 in
797 5441 940 5498 redeundo
952 5451 1019 5502 eant
1058 5448 1206 5519 invenerit,
1218 5452 1411 5509 incrastinum
1426 5455 1518 5508 servet
1530 5461 1559 5507 et
1573 5450 1610 5506 sd
1620 5447 1772 5521 capitulum
1783 5441 1847 5498 dete·

251 5570 309 5647 (50)
329 5565 448 5628 wantos,
463 5558 591 5629 quantos,
604 5549 667 5608 Ital.
679 5551 789 5620 quanti,
804 5549 980 5612 chirotheca.
