3856 6176
102 198 150 256 tls
524 203 631 260 LIBER
650 204 699 293 DE
717 205 885 296 CQRPORE
903 206 948 285 ET
967 205 1151 262 SANGUINE
1169 205 1311 281 DOMINI.
1679 204 1733 276 414

134 323 240 378 Laura.
255 325 393 394 Tempore
407 326 496 380 saneti
516 327 617 382 Leonis
635 345 725 400 papae,
746 329 839 384 delata
856 331 1072 410 esthreseravi.
1087 329 1275 404 Digrediendo
1291 331 1349 386 haec
1369 331 1431 402 ideo
1455 331 1521 397 dixi,
1544 332 1611 414 quia
1628 332 1738 398 dixisti:

101 411 213 466 haeresis
227 417 279 468 tua
293 414 327 468 a'd
341 413 523 485 apostolicam
537 407 641 470 sedem.
657 403 783 481 Quicum
795 421 901 490 synodo
942 419 1008 494 Erat
1019 423 1112 495 autern
1121 414 1289 486 Burgundus
1302 421 1331 474 in
1343 407 1574 492 sententiarulgi,
1587 408 1738 490 paschasii,

100 501 274 572 presideret,
285 509 318 556 alc
332 503 470 558 resideret
495 521 588 558 secum
614 521 669 559 non
696 523 781 577 parra
810 507 902 562 multi·
942 513 1027 579 atque
1042 507 1200 563 Laniranci.
1217 509 1288 562 Nam
1303 527 1365 563 cum
1380 499 1518 564 catholica
1533 509 1656 564 Ecclesia
1670 491 1740 564 divtl

102 589 167 644 tudo
184 590 391 662 episcoporum,
413 592 556 656 abbatum,
578 594 736 665 diversique
756 595 862 650 ordinis
885 613 902 651 a
942 597 1070 652 daturin
1085 597 1241 650 clericalem
1258 589 1383 668 ordinem
1404 603 1488 670 atque
1503 597 1641 664 laicalem,
1657 597 1741 683 cleri7

103 679 220 732 dirersis
235 680 399 750 regionibus
416 681 610 752 religiosarum
630 701 824 754 personarum,
839 687 901 756 jus·
942 680 1009 740 c'alis
1025 702 1089 740 vero
1112 686 1180 740 ordo
1198 685 1333 740 consistat
1355 687 1384 741 in
1405 687 1542 759 episcopis
1571 705 1603 742 ac
1626 686 1742 757 reliquis

101 784 161 821 sum
176 775 223 822 est
240 769 272 822 iu
287 770 413 823 omnium
425 769 569 825 audientia
583 772 695 826 recitari
710 783 779 843 quas
791 773 901 828 mihide
943 773 1047 828 Christi
1056 773 1256 842 sacerdotibus,
1264 775 1382 848 aliisque
1392 759 1740 847 diversammdignitatuni

101 873 217 927 corpore
236 863 266 911 et
281 859 420 928 sanguine
442 859 554 914 Domini
576 860 685 916 litteras
710 863 900 917 transmisisti.
943 845 1138 918 ecclesiasticis
1165 857 1300 935 personis,
1322 865 1373 918 hos
1397 871 1490 919 autem
1508 855 1614 932 omnes,
1640 835 1743 936 prantei

99 946 225 1000 Portitor
234 945 339 1017 quippe
347 963 444 1002 earum
454 949 564 1018 legatus
573 950 741 1012 tuus,mein
752 949 901 1005 Nor'tman-
943 943 1126 1022 paucissimos
1139 945 1341 1016 schismaticos,
1359 953 1431 1007 hanc
1450 953 1533 1008 sidem
1543 943 1640 1008 tenere
1657 949 1746 1008 mani-

100 1037 145 1090 nia
159 1051 220 1090 nou
234 1043 358 1106 reperto,
376 1036 492 1090 tradidit
512 1053 559 1092 eas
582 1039 750 1109 quibusdam
773 1041 898 1106 clericis,
942 1041 1125 1099 festissimum
1141 1041 1187 1102 sit,
1207 1041 1311 1096 rectius
1326 1041 1461 1096 dixisses:
1479 1043 1547 1097 Erat
1561 1048 1655 1098 autem
1671 1027 1743 1108 Bur*-

101 1140 167 1194 quas
185 1141 253 1178 curu
267 1125 411 1195 legissent,
427 1133 567 1181 etcontra
581 1128 794 1184 usitatissimam
809 1129 901 1184 Eccle-
943 1129 1054 1198 gundus
1072 1146 1100 1183 m
1123 1130 1263 1184 sententia
1288 1129 1432 1186 catholicae
1457 1129 1595 1190 Ecclesiae,
1622 1131 1744 1186 sednon

101 1213 146 1266 sia
161 1213 249 1267 tidem
265 1213 539 1276 animadvertissent,
565 1218 622 1270 zelo
637 1217 688 1271 Dei
708 1219 817 1272 accensi
839 1218 902 1290 qui·
944 1218 973 1271 in
989 1235 1061 1282 mea,
1079 1234 1262 1288 meorumque
1277 1219 1449 1289 sequacium,
1465 1219 1514 1290 qui
1529 1219 1680 1273 maluimus
1694 1235 1745 1298 nos

101 1301 219 1356 busdam
248 1303 283 1356 ad
308 1304 456 1374 legendum
481 1321 527 1359 eas
550 1313 747 1378 porrexerunt,
775 1307 904 1378 plurimis
945 1307 980 1361 ab
990 1323 1024 1361 eo
1039 1306 1158 1378 superbo
1173 1323 1313 1378 separare,
1330 1313 1359 1362 et
1372 1313 1469 1362 contra
1488 1307 1523 1361 ad
1538 1311 1662 1361 nostram
1675 1323 1746 1378 per-

100 1393 369 1446 earumsententias
382 1393 473 1450 verbis
483 1397 786 1466 exposueruntltaque
800 1395 903 1450 iactum
943 1397 1046 1451 niciam
1068 1397 1189 1450 schisma
1213 1395 1303 1450 iacere
1329 1413 1412 1468 quam
1442 1397 1588 1450 humiliter
1619 1395 1746 1450 membra

100 1488 141 1534 est
155 1487 190 1534 ut
205 1481 438 1536 noudeteriorde
451 1489 479 1537 te
494 1499 578 1553 quam
600 1484 634 1538 de
661 1501 707 1539 me
729 1485 813 1539 fixerit
841 1491 905 1540 orta
945 1491 1091 1556 ejusesse,
1109 1490 1136 1538 ct
1153 1501 1329 1538 communem
1350 1502 1413 1538 cum
1434 1501 1467 1539 ea
1490 1485 1573 1538 tidem
1596 1477 1748 1558 salubriter

97 1570 233 1639 suspicio,
249 1570 285 1623 ad
305 1587 389 1640 quem
410 1571 538 1626 videlicet
555 1573 625 1626 tales
648 1573 757 1628 litteras
780 1575 904 1629 destina·
944 1574 1075 1629 retinere.
1094 1574 1151 1627 Hoc
1169 1590 1266 1626 revera
1284 1573 1408 1635 dixisses,
1435 1573 1458 1627 si
1484 1581 1595 1628 amator
1617 1567 1744 1628 veritatis

99 1659 180 1712 reris.
198 1658 364 1728 putantibus
376 1660 474 1714 multis
492 1677 537 1715 me
553 1662 646 1716 fovere
657 1679 689 1716 ac
703 1663 796 1718 lavere
811 1681 872 1735 quae
887 1647 1069 1746 nBservator
1092 1668 1120 1716 et
1139 1663 1256 1732 justitiae
1285 1660 1447 1726 exstitisses
1465 1662 1498 1728 si,
1523 1661 1630 1734 abjecto
1653 1650 1746 1716 inanis

99 1755 125 1800 te
140 1747 317 1814 dicerentur,
330 1749 372 1802 vel
390 1749 552 1820 gratiaque
570 1759 598 1804 tc
613 1751 770 1822 diligerent,
788 1753 830 1806 vel
848 1753 903 1807 tide
914 1749 931 1760 ““
946 1753 1042 1820 gloriae
1057 1752 1195 1822 appetitu,
1210 1755 1324 1822 peccata
1344 1757 1393 1805 tua
1417 1747 1543 1805 confiteri
1566 1767 1651 1822 quam
1670 1736 1745 1804 tueri

98 1852 154 1905 qua
169 1853 272 1890 revera
288 1838 326 1890 ita
337 1854 399 1891 esse
416 1855 472 1892 non
484 1839 648 1894 dubitanter
660 1846 796 1895 tenerem.
814 1843 904 1912 igitur
944 1840 1101 1894 maluisses.

98 1942 196 1979 cuma
212 1926 334 1996 quodam
352 1927 483 1981 Remensi
507 1929 608 1982 clerico
634 1929 751 1984 Romam
781 1933 904 2001 perlatas
981 1929 1060 1993 Quod
1071 1945 1135 1983 vero
1146 1931 1314 1984 sententiam
1327 1946 1382 2001 qua
1397 1945 1498 2000 panem
1514 1930 1542 1983 in
1558 1945 1652 1984 veram
1667 1927 1746 1983 Chri-

98 2015 238 2068 recitator
248 2015 364 2084 legeret,
383 2015 526 2071 intellecto
540 2019 615 2088 quod
632 2019 769 2073 ioannem
791 2001 903 2074 Scotum
945 2019 981 2073 sti
993 2034 1115 2078 carnem.
1132 2021 1160 2071 et
1174 2017 1269 2072 vinum
1283 2017 1311 2071 in
1336 2033 1432 2072 verum
1457 2016 1561 2072 Christi
1580 2009 1747 2087 sanguinem

99 2104 265 2168 extolleres,
294 2105 474 2160 Paschasium
500 2107 659 2169 damnares,
686 2110 842 2163 communis
871 2109 905 2164 de
946 2105 1227 2172 converticredimus,
1243 2106 1401 2160 vecordiam
1418 2103 1566 2174 nominasss
1581 2103 1616 2159 de
1639 2106 1692 2160 hac
1716 2122 1747 2160 re

100 2192 278 2246 eucharistia
292 2194 356 2248 fidei
376 2195 491 2249 adversa
510 2197 638 2260 sentires,
659 2198 836 2268 promulgata
864 2203 907 2252 est
946 2195 1131 2267 opportunius
1142 2195 1193 2249 tibi
1209 2193 1392 2266 respondebo,
1408 2211 1471 2249 cum
1487 2191 1570 2248 hdem
1590 2195 1672 2262 hanc,
1694 2213 1746 2250 au-

99 2280 126 2334 iu
141 2287 173 2334 te
188 2281 380 2337 damnationis
389 2286 538 2346 sententia,
549 2285 661 2356 privans
674 2287 906 2342 tecommunione
947 2290 1023 2340 crore
1038 2285 1104 2350 Deo,
1118 2284 1219 2337 divinis
1235 2284 1396 2337 auctoribus
1425 2289 1453 2337 et
1476 2281 1631 2356 mauilestis
1657 2285 1746 2338 ratio·

100 2375 211 2424 sanctae
221 2371 359 2432 Ecclesiae,
375 2387 460 2443 quarn
474 2380 505 2428 tu
521 2375 628 2445 privare
640 2379 737 2430 sancta
750 2377 811 2446 ejus
829 2393 906 2430 com·
947 2375 1030 2428 nibus
1044 2389 1137 2428 veram
1153 2389 1213 2428 esse
1229 2377 1428 2428 monstravero.
1445 2371 1532 2427 Porro
1554 2379 1649 2427 autem
1673 2367 1747 2443 quod

100 2459 243 2512 munione
255 2460 410 2530 satagebas.
427 2462 493 2516 Post
503 2463 561 2517 haec
574 2465 706 2535 praecepit
722 2481 795 2536 papa
804 2473 835 2520 ut
855 2481 906 2536 ego
947 2463 1025 2524 dicis,
1048 2463 1115 2516 Erat
1133 2468 1226 2516 autem
1250 2463 1418 2532 Burgondus
1444 2461 1473 2515 in
1496 2459 1637 2516 sententia
1660 2461 1746 2535 vulgi,

99 2563 264 2616 surgerem,
279 2549 356 2620 pravi
371 2551 493 2604 rumoris
521 2568 596 2605 ame
610 2553 748 2606 maculam
762 2553 905 2624 absterge·
947 2552 1099 2618 Paschasii,
1122 2557 1207 2622 atque
1226 2553 1384 2616 Lantranri,
1406 2569 1450 2606 me
1473 2551 1556 2605 eliam
1580 2568 1643 2605 cum
1664 2535 1746 2622 luigo

100 2654 171 2694 rem.
206 2637 289 2690 iidem
317 2655 409 2692 meam
446 2656 623 2710 exponerem,
660 2643 815 2712 expositam
843 2645 906 2714 plus
947 2635 1748 2720 deputas,certissimum‘essahabetotmindubitanter

98 2727 194 2780 sacris
209 2726 521 2799 auctoritatibusquam
545 2732 720 2800 argumentis
744 2732 903 2802 probarem.
947 2733 1063 2786 credant
1077 2731 1160 2785 amici
1175 2731 1240 2796 mei,
1272 2735 1356 2800 elque
1379 2729 1503 2784 Ecclesia
1526 2725 1641 2794 Christi,
1667 2728 1747 2800 quasi

99 2815 202 2886 ltaque
223 2817 346 2882 surrexi,
369 2818 444 2887 quod
467 2818 542 2872 sensi
567 2818 633 2884 dixi,
663 2821 737 2891 quod
761 2820 817 2875 dixi
841 2837 907 2892 pro·
947 2823 1032 2877 etiam
1052 2822 1162 2876 deesset
1172 2819 1240 2874 mihi
1260 2819 1422 2882 auctoritas
1440 2825 1524 2888 atque
1543 2810 1625 2882 ratio,
1645 2809 1747 2888 quibus¹

99 2903 173 2968 bari,
205 2905 286 2977 quod
307 2905 422 2976 probari
453 2907 584 2962 omnibus
608 2903 723 2980 placuit,
754 2901 824 2964 nulli
849 2911 906 2964 dis·
948 2911 1031 2964 fidem
1043 2925 1134 2964 meam
1149 2904 1479 2978 tueripossem;mallem
1490 2905 1746 2975 tamencumvulgo

99 2994 213 3064 plicuit.
232 2994 339 3050 Dehinc
359 2994 502 3050 declarata
511 2999 554 3051 est
568 2999 691 3069 synodus
706 2997 904 3066 Vercellensis,
916 2960 937 3031 G
948 3013 1008 3052 esse
1024 2999 1145 3052 rusticus
1159 3001 1187 3051 et
1200 2996 1288 3049 idiota
1301 2993 1455 3048 catholicus
1472 3009 1555 3064 quam
1574 2997 1668 3047 tecum
1689 2992 1748 3047 exi·

97 3101 161 3154 qum
177 3083 311 3154 proximo
323 3083 479 3155 Septembri
491 3086 588 3140 eodem
597 3087 764 3157 presidente
775 3088 907 3159 pontifice
948 3093 1022 3142 stere
1037 3087 1149 3140 canalis
1160 3089 1244 3156 atque
1256 3083 1361 3138 facetus
1377 3083 1533 3136 hereticus.
1548 3081 1602 3137 Sed
1613 3082 1636 3136 si
1651 3079 1748 3136 Domi-

98 3181 141 3226 est
156 3171 306 3226 celebrata
318 3173 460 3228 Vercellis.
472 3175 515 3228 Ad
542 3191 626 3246 quam
644 3182 758 3231 vocatus
780 3159 836 3232 non
861 3193 907 3231 ve·
948 3175 1085 3230 nusDeus
1099 3181 1126 3228 te
1141 3180 1226 3244 atque
1241 3189 1284 3226 me
1310 3173 1338 3226 in
1360 3171 1504 3226 audientia
1524 3170 1613 3225 sancti
1637 3157 1751 3256 concilii

100 3259 168 3314 nisti
182 3277 190 3323 ;
207 3275 266 3329 ego
280 3276 344 3314 vero
356 3269 495 3332 praecepto
507 3279 538 3316 ac
551 3262 679 3333 precibus
700 3264 809 3334 praelati
835 3279 907 3335 pon·
947 3266 1113 3336 dignaretur
1126 3265 1306 3333 conjungere,
1321 3261 1356 3316 de
1370 3262 1474 3332 pietate
1489 3261 1549 3332 ejus
1563 3259 1672 3314 conlido
1683 3257 1750 3331 quia

100 3347 188 3402 tiliois
203 3349 347 3418 usquead
372 3350 462 3420 ipsam
491 3352 630 3422 synodum
658 3369 752 3408 secum
774 3353 906 3410 remansi.
948 3365 1073 3411 mutares
1086 3353 1180 3412 verba.
1192 3359 1317 3408 mutares
1331 3352 1510 3408 sententiam.

100 3437 133 3492 iu
146 3455 221 3508 qua,
239 3437 268 3490 iu
283 3437 426 3493 audientia
441 3440 567 3494 omnium
582 3442 630 3512 qui
645 3443 679 3496 de
694 3443 810 3497 diversis
824 3443 908 3513 hujus
984 3445 1111 3500 Basaro.
1127 3463 1140 3496 α
1157 3445 1245 3507 Quam
1270 3441 1440 3520 sententiam
1470 3439 1662 3512 superioribus
1688 3437 1748 3493 suis

100 3529 203 3583 mundi
226 3527 354 3598 partibus
381 3529 447 3583 illuc
473 3538 669 3596 convenerant,
696 3533 812 3586 loannis
833 3531 908 3587 Scoti
952 3534 1070 3588 «verbis
1081 3534 1129 3587 ille
1144 3533 1202 3603 ipse
1216 3531 1326 3601 dejecit,
1344 3529 1569 3584 necaltcndit.a

98 3617 172 3672 liber
188 3619 234 3672 De
251 3617 416 3672 eucharistia
433 3619 521 3672 lectus
535 3625 587 3682 est,
603 3637 636 3674 ac
658 3621 819 3686 damnatus,
842 3637 908 3674 sen·
984 3623 1175 3680 Larinatium
1190 3619 1341 3674 insatiabili
1357 3619 1421 3673 odio
1441 3614 1521 3673 illum
1537 3617 1703 3689 insequeris,
1723 3614 1752 3672 et

98 3707 194 3762 tentia
207 3711 262 3762 tua
275 3706 400 3778 exposita
413 3725 447 3762 ac
457 3709 599 3773 damnata,
616 3709 686 3764 fides
701 3717 803 3764 sancte
819 3709 908 3764 Eccle·
948 3713 1041 3784 ipsum
1052 3711 1174 3782 turpiter
1183 3707 1320 3764 infamare
1333 3701 1752 3788 minimeerubeseis.Quisquis

98 3797 159 3860 sim,
178 3809 269 3865 quam
282 3811 333 3864 ego
348 3801 430 3850 teneo
456 3801 484 3850 et
494 3797 644 3852 tenendam
655 3803 760 3863 astruo,
773 3796 908 3852 auditaet
949 3803 1024 3856 enim
1039 3800 1180 3856 contraria
1196 3801 1284 3869 iurat,
1299 3813 1414 3852 necesse
1429 3797 1511 3852 estin
1531 3797 1668 3851 alterutro
1685 3812 1750 3866 per·

98 3883 240 3940 concordi
255 3884 380 3938 omnium
394 3901 511 3939 assensu
536 3887 710 3940 confirmata.
736 3887 797 3940 Duc
816 3885 909 3940 clerici
947 3891 1016 3963 J'urii
1031 3891 1136 3944 crimen
1146 3889 1279 3943 incurrat.
1293 3888 1376 3958 Ergo,
1388 3901 1450 3941 cum
1460 3885 1544 3940 verba
1555 3885 1590 3940 ad
1596 3885 1750 3956 iurandum

99 3975 149 4044 qui
165 3975 280 4044 legatos
290 3981 353 4028 tuos
363 3991 393 4028 se
404 3978 465 4028 es'se
483 3975 622 4036 dixerunt.
649 3977 773 4030 volentes
804 3981 833 4030 te
858 3975 909 4030 de·
951 3979 1001 4034 tibi
1013 3977 1118 4032 tradita
1132 3978 1207 4032 inter
1220 3993 1249 4032 se
1273 3976 1415 4032 contraria
1437 3991 1498 4030 esse
1516 3981 1637 4040 astruas,
1657 3974 1751 4028 mani-

98 4065 235 4129 teadere,
250 4063 279 4117 iu
292 4063 383 4133 primo
392 4063 488 4118 statim
500 4065 579 4120 editu
600 4065 762 4120 deiecerunt
786 4071 815 4120 ct
836 4065 911 4136 capti
951 4069 1022 4122 testa
1036 4082 1102 4120 voce
1116 4062 1260 4136 perjurum
1274 4071 1303 4119 te
1316 4080 1377 4119 esse
1391 4063 1570 4134 impudenter
1583 4061 1748 4134 proclamas.

100 4159 183 4206 sunt.
203 4151 250 4206 Ab
263 4153 316 4206 hac
329 4153 471 4206 sententia
485 4169 628 4225 nunquam
646 4155 773 4210 discessit
797 4161 911 4208 sanctus
952 4158 975 4212 Θ
990 4156 1085 4210 infelix
1095 4155 1194 4209 homo!
1211 4152 1521 4208 omiserrirnaanima!
1538 4153 1625 4206 curte
1637 4150 1750 4203 credere

100 4243 161 4300 lxo
178 4241 210 4294 in
225 4241 357 4296 omnibus
371 4241 496 4296 conciliis
508 4243 576 4308 suis,
592 4243 820 4314 seuquibusipse
830 4257 910 4297 suam
949 4245 1074 4317 jurabas,
1092 4261 1153 4315 quae
1165 4243 1395 4314 tantopereinter
1410 4257 1440 4295 se
1453 4240 1589 4296 dissidere
1610 4237 1750 4308 intellige·

101 4331 291 4401 praesentiam
302 4330 436 4396 exhibuit,
454 4347 503 4386 seu
526 4347 587 4402 quae
607 4348 656 4401 per
675 4333 782 4402 legatos
800 4348 866 4385 suos
880 4332 909 4384 in
920 4318 943 4386 D
954 4335 1024 4390 bas?
1035 4349 1127 4390 nonne
1142 4331 1300 4403 prestabat,
1322 4331 1345 4384 si
1363 4347 1458 4384 veram
1486 4330 1569 4384 ssdem
1598 4333 1626 4382 te
1648 4327 1753 4383 habere

98 4419 228 4474 dirersis
242 4419 393 4490 provinciis
408 4423 572 4492 congregari
595 4421 728 4476 instituit.
753 4421 819 4486 Quae
846 4437 911 4474 sen·
952 4421 1081 4496 putabas,
1093 4422 1176 4476 vitam
1187 4421 1304 4474 honesta
1314 4423 1404 4473 morte
1413 4418 1494 4471 linire
1503 4433 1587 4488 quam
1595 4417 1751 4490 periurium

98 4511 201 4566 tentia
210 4525 267 4563 non
283 4509 382 4578 elingit
400 4525 588 4564 successorem
600 4527 711 4581 quoque
725 4526 807 4591 suum
823 4509 910 4564 felicis
954 4511 1055 4574 iacere,
1072 4509 1217 4582 pertldiam
1227 4509 1334 4579 jurare,
1345 4507 1428 4560 iidem
1440 4505 1570 4576 abjurare
1581 4505 1657 4561 ‘ised
1667 4505 1750 4571 absit,

98 4598 254 4654 memoria
268 4615 371 4669 papam
387 4598 538 4652 Victorem.
554 4599 608 4653 Sed
617 4598 753 4670 quidquid
767 4599 802 4654 de
816 4599 868 4652 hac
882 4615 913 4653 re
953 4607 986 4656 ut
1000 4601 1140 4671 scripture
1154 4597 1243 4652 sancti
1262 4595 1371 4652 concilii
1390 4595 1484 4666 aliqua
1499 4596 1573 4649 inter
1588 4611 1618 4649 se
1640 4601 1754 4650 contra-

97 4706 152 4742 seu
166 4687 282 4742 wteris
298 4685 911 4758 ipsestatuit,statuirepraecepit,hocetiam
954 4690 1065 4744 rietatis
1079 4687 1254 4758 oppositione
1273 4685 1418 4751 dissideat,
1444 4685 1477 4742 si.
1503 4689 1611 4739 remoto
1646 4685 1753 4739 calum·

96 4779 155 4832 iste
166 4793 226 4832 sua
241 4783 325 4845 etque
340 4776 466 4830 omnium
479 4776 659 4830 conciliorum
673 4793 788 4830 suorum
814 4783 911 4832 aucto-
954 4780 1049 4834 niantli
1062 4779 1165 4844 studio,
1181 4777 1301 4846 diligens
1316 4775 1404 4829 lector
1417 4773 1453 4828 ad
1472 4774 1685 4844 intelligendum
1703 4771 1753 4829 cti·

97 4869 195 4920 ritate
209 4865 341 4918 firmarit.
356 4865 484 4935 Denique
498 4865 526 4918 in
549 4865 665 4920 concilio
684 4867 850 4933 Turonensi,
867 4867 912 4920 cui
953 4885 1014 4923 ram
1029 4867 1192 4937 impendat!
1209 4867 1242 4920 Et
1256 4865 1309 4918 hoc
1323 4863 1462 4934 posterius
1475 4861 1592 4934 patebit.

97 4957 199 5029 ipsius
210 4955 364 5008 interfuere
380 4953 556 5023 acpraeluere
580 4955 676 5024 legati,
706 4955 770 5008 data
798 4955 911 5010 esttibi
1262 4953 1378 5006 CAPUT
1402 4950 1439 5004 V.

96 5045 187 5116 aptio
203 5043 371 5098 defendendi
386 5049 495 5114 purtem
511 5049 608 5100 tuam·
619 5044 709 5106 Quam
728 5059 791 5098 cum
815 5045 913 5100 desen:
990 5045 1110 5099 Banasa.
1129 5065 1139 5093 ι
1156 5043 1209 5108 Qui
1219 5043 1294 5096 enim
1308 5041 1377 5095 dicit
1390 5060 1396 5095 :
1408 5041 1492 5096 Panis
1506 5047 1536 5096 et
1547 5041 1641 5096 vinum
1657 5037 1754 5120 altaris

97 5135 236 5188 dandam
260 5133 400 5203 suscipere
417 5147 473 5185 non
496 5132 624 5196 auderes
649 5133 792 5188 consessus
818 5151 913 5188 eoram
958 5151 971 5185 r
988 5133 1165 5188 solummodo
1176 5136 1352 5186 sacramenta
1366 5136 1449 5196 sunt;
1468 5130 1508 5183 rel
1523 5129 1604 5201 panis
1617 5135 1645 5182 et
1657 5129 1751 5180 vinum

96 5222 245 5278 omnibus
259 5237 438 5276 communem
450 5221 577 5276 Ecclesiae
590 5222 673 5275 tidem
684 5223 796 5292 jurasti,
817 5223 853 5277 ab
866 5221 915 5278 illa
959 5242 972 5275 a
987 5222 1084 5278 altaris
1097 5219 1273 5276 solummodo
1294 5225 1360 5274 sunt
1373 5235 1468 5274 rerum
1484 5218 1587 5274 Christi
1608 5231 1708 5286 corpus
1726 5219 1755 5270 et

95 5313 175 5366 hora
194 5315 228 5363 te
243 5310 281 5362 ita
295 5306 557 5364 crediturum'sicut
569 5311 598 5364 in
613 5309 739 5365 Romano
758 5311 914 5366 conciliate
957 5331 972 5364 a
987 5310 1205 5382 sanguis,modis
1215 5307 1345 5364 omnibus
1355 5323 1456 5380 panem
1466 5313 1495 5361 et
1504 5307 1598 5360 vinum
1607 5319 1755 5376 superesse

91 5405 222 5470 jnrasse
234 5403 277 5452 est
290 5397 419 5468 superius
433 5397 676 5469 comprehensum.
693 5399 779 5453 Porro
794 5399 861 5470 quid
880 5400 914 5454 de
957 5399 1143 5455 «constituit.
1160 5417 1171 5450 r

96 5491 154 5544 hae
170 5505 212 5542 re
228 5492 354 5558 tempore
365 5487 597 5558 Nicolaigestum
620 5488 666 5554 sit,
688 5487 810 5543 breviter
829 5504 915 5560 supra
991 5490 1092 5545 Laura.
1106 5487 1184 5543 Nihil
1197 5487 1298 5542 horum
1313 5485 1441 5540 Romana
1448 5481 1572 5552 synodus
1582 5479 1753 5536 credendum
