3872 6162
106 291 153 350 ill
629 292 839 352 causamur.
861 289 1032 349 HIRSAUG.
1055 323 1086 334 -
1105 292 1174 351 Lis.
1193 291 1217 349 1.
1689 288 1743 349 97⁸
1837 242 1840 262 ·

106 423 134 474 nt
140 419 257 490 propter
270 413 323 470 boc
335 413 481 471 silentium
494 431 550 471 non
562 415 706 487 infringat.
719 434 769 477 no.
792 417 896 472 Panni·
905 416 1023 486 Asinrnl
1037 416 1237 488 ingredientes,
1251 431 1316 471 eum
1330 431 1363 471 eo
1378 415 1531 483 orationes,
1547 433 1610 488 qum
1624 415 1738 472 easdem

107 505 154 564 culi
165 505 281 578 quidem
291 521 390 559 recens
399 505 484 559 lereti
491 505 533 560 ita
541 504 645 561 debent
653 522 715 560 esse
722 506 752 561 in
758 511 900 578 promptu,
942 506 1104 578 praecedunt
1117 506 1210 573 boras,
1225 509 1290 559 ante
1300 503 1542 559 cborurnfaciunt:
1559 521 1643 576 quam
1654 505 1741 560 etiam
1808 499 1814 510 '

107 603 136 652 ut
148 611 207 650 non
219 610 290 666 opus
306 592 418 660 babeat,
439 593 506 664 quid
529 594 618 665 loqui.
642 595 653 618 ·
677 595 736 649 Ηοο
757 601 851 650 autem
871 595 902 650 in
942 593 966 648 si
981 599 1024 649 est
1045 610 1104 649 una
1125 594 1194 660 sola,
1218 593 1337 666 quilibet
1356 593 1466 649 tardius
1482 592 1606 658 veniens,
1624 592 1740 661 ibidem,

107 681 260 741 infirmaria
273 681 355 736 debet
366 681 428 737 lieri
442 698 492 753 per
509 681 648 738 famulum
663 683 699 738 ad
714 683 767 738 boc
782 684 901 756 deputa·
943 681 1010 738 dum
1025 683 1144 738 necdum
1160 681 1231 737 hora
1243 687 1287 737 est
1298 681 1430 737 inchoata
1443 682 1473 736 in
1484 681 1628 737 secretiori
1635 681 1742 737 locofa-

108 781 182 843 tum;
199 777 230 828 et
240 771 329 827 abum
342 770 378 826 ab
391 771 447 826 alio
460 770 525 826 licet
544 771 575 826 in
598 773 642 828 his
663 789 725 844 que
746 773 783 828 ad
802 774 903 844 hujus·
943 788 1006 827 cere
1018 771 1385 843 potestlldauditumrero
1396 771 1617 844 quusquehorae
1627 769 1741 842 signum

109 863 179 920 modi
191 859 346 934 pertinent,
366 859 561 916 infirmitatem
588 861 727 932 adjurari.
744 863 806 928 Quo
829 863 903 918 facto
943 876 1110 916 ascensurus
1123 859 1332 930 dormitorium,
1347 859 1376 914 in
1391 858 1482 932 primo
1495 859 1586 930 gradu
1601 859 1625 914 si
1639 859 1742 932 pedena

109 951 143 1006 ibi
155 948 374 1006 adhvetorium
387 947 566 1004 intirmorum
579 949 677 1016 lavari,
693 955 722 1005 et
745 951 782 1006 ad
801 967 902 1007 manu-
943 950 1045 1022 posuit,
1057 966 1174 1023 pergere
1187 953 1298 1022 potest3
1314 950 1359 1004 sin
1382 953 1486 1014 autem,
1505 948 1561 1004 nisi
1581 950 1671 1020 major
1693 965 1743 1004 ne-

110 1040 228 1111 tergium
255 1038 308 1094 sibi
337 1037 514 1109 deputatum,
539 1036 622 1094 debet
642 1039 725 1110 tergi.
751 1041 903 1096 Cocturam
944 1039 1058 1094 cessitas
1078 1039 1172 1105 luerit,
1203 1054 1267 1093 mox
1287 1038 1325 1094 ed
1345 1038 1489 1118 epclesiam
1510 1038 1593 1093 redit.
1619 1055 1667 1095 un.
1688 1037 1744 1094 set

111 1134 201 1186 autem
214 1129 307 1184 iacere
320 1132 384 1200 post
397 1127 558 1198 prandium,
572 1144 637 1184 cum
651 1135 763 1202 tempus
772 1130 903 1186 babuerit
945 1128 1057 1200 quando
1071 1128 1194 1200 pulsatio
1209 1127 1282 1199 signi
1293 1127 1329 1182 ed
1353 1127 1475 1198 primam
1497 1127 1551 1182 rite
1574 1127 1740 1198 protelatur,

112 1224 307 1291 opportunum,
322 1217 396 1281 licet,
413 1221 527 1288 accepia
535 1221 631 1272 tamen
645 1217 768 1280 licentia,
783 1225 812 1275 et
831 1236 905 1291 quae·
946 1233 1091 1289 quousque
1105 1221 1213 1289 septem
1238 1216 1340 1288 psalmi
1362 1216 1472 1288 possint
1494 1216 1673 1287 percantari;
1694 1216 1745 1272 ali·

112 1323 159 1379 que
175 1306 212 1362 ad
227 1307 301 1362 banc
313 1305 471 1360 necessaria
485 1321 503 1360 a
516 1306 671 1361 camerario
682 1307 816 1378 requiret.
946 1305 1058 1378 quando
1073 1305 1097 1360 si
1110 1305 1239 1370 voluerit,
1254 1309 1403 1377 postquam
1414 1310 1567 1360 conventus
1575 1305 1744 1376 pertransie-

392 1411 508 1468 cgpqpp
522 1412 619 1470 xm,
944 1395 992 1461 rit,
1006 1395 1042 1450 ad
1052 1394 1175 1467 corporis
1189 1395 1384 1450 necessitatem
1400 1395 1468 1449 exit.
1480 1394 1534 1450 Sed
1547 1394 1660 1450 rediens
1669 1395 1745 1450 lavat

113 1505 210 1571 ouibus
221 1503 327 1556 bor-iret
341 1502 505 1570 temporibus
513 1502 605 1555 debeat
617 1504 901 1571 toourepormossuos,
945 1499 1056 1550 ¹¹¹⁸¹¹¹¹⁸¹
1068 1500 1104 1539 ΠΕ
1114 1499 1178 1539 “um
1188 1489 1303 1539 ventum
1314 1482 1400 1538 suem
1409 1483 1445 1538 “d
1455 1483 1745 1548 ⁰ff⁹re¹¹d³m·fflfflu⁵

248 1576 325 1628 uclsi
331 1575 399 1642 quid
408 1573 489 1626 uliud
497 1574 595 1628 amittis
604 1575 761 1628 rebassuis.
945 1573 1049 1628 babeat
1062 1573 1151 1642 exire;
1168 1590 1265 1646 qnare,
1280 1573 1304 1628 si
1318 1579 1378 1629 tem
1392 1573 1554 1645 frequenter
1566 1573 1675 1642 exierit,
1690 1574 1746 1630 boc

142 1661 215 1732 (un.)
226 1661 333 1734 Siquid
347 1661 374 1716 ci
387 1661 523 1731 placuerit
544 1661 579 1716 de
602 1661 703 1733 pannis
725 1662 784 1718 suis
800 1663 902 1732 lavare,
946 1661 976 1717 in
986 1663 1107 1734 capitulo
1126 1663 1331 1735 proclamatum
1347 1663 1500 1734 experitur.
1526 1662 1581 1718 Sed
1605 1678 1657 1717 nec
1677 1662 1746 1719 licet

113 1753 179 1825 quod
193 1751 467 1808 consuetudinaliter
478 1755 572 1822 potest
584 1749 675 1806 iacere
689 1751 719 1806 in
731 1753 852 1825 coquina
863 1734 937 1809 re·B
946 1768 1071 1824 unquam
1084 1751 1159 1807 exire
1173 1767 1353 1824 quemquam,
1369 1750 1503 1822 quamdiu
1518 1751 1552 1806 de
1564 1751 1743 1823 regularibus

111 1841 207 1912 galeri,
224 1841 260 1896 ad
276 1840 329 1896 boc
341 1840 432 1895 solum
446 1839 554 1894 invenit
566 1839 730 1907 caldarium,
746 1841 845 1913 inquo
860 1859 905 1898 ca-
946 1842 1022 1896 boris
1036 1841 1067 1896 in
1082 1841 1127 1896 die
1137 1841 1196 1896 nlla
1204 1845 1344 1906 cantatur,
1351 1839 1405 1894 nisi
1423 1855 1473 1910 pro
1480 1839 1635 1894 inevitabili
1647 1855 1746 1895 neees-

112 1930 181 1985 lebat
192 1946 279 2001 aque,
290 1935 319 1984 et
327 1933 502 2000 temperetur
511 1927 652 1984 lixivium:
665 1929 696 1985 in
706 1930 829 1986 clanstro
839 1949 904 1988 rero
946 1931 1047 1997 sitam,
1063 1935 1097 1985 ut
1108 1947 1134 1982 v.
1149 1947 1178 2001 g.
1194 1929 1218 1984 si
1237 1929 1271 1984 de
1285 1945 1354 1983 naso
1368 1944 1452 1982 cruor
1470 1933 1594 1984 emanat.
1611 1929 1676 1984 'De
1689 1943 1745 2000 quo

113 2025 238 2075 bannum
262 2018 466 2090 amplissimum
493 2035 558 2073 cnm
581 2019 721 2091 plerisque
748 2021 904 2077 intervallis
947 2016 1746 2089 minusutdubitetur,necipsiabbatipostquamincepta

112 2114 287 2176 caretum,ut
295 2107 341 2163 bic
349 2107 528 2172 stamineum,
541 2106 580 2161 ibi
590 2106 736 2163 femoralia
742 2109 829 2164 lavari
838 2129 905 2182 pos-
945 2107 1014 2162 bora
1027 2107 1123 2179 aliqua
1136 2106 1229 2173 suerit,
1243 2106 1360 2161 chorum
1370 2105 1553 2178 pertransire,
1569 2105 1613 2161 vel
1622 2105 1746 2177 aliquem

112 2197 161 2251 sint
179 2195 344 2268 separatim.
366 2196 433 2261 Quae
458 2201 487 2251 et
506 2201 572 2252 ante
589 2197 745 2269 capitulum
763 2199 853 2255 mittit
875 2201 904 2257 in
944 2196 1011 2252 inde
1033 2212 1148 2252 evocare
1170 2195 1245 2251 licet.
1265 2196 1309 2250 Ad
1328 2194 1544 2267 completorium
1567 2200 1633 2249 ante
1651 2193 1747 2251 utorio

112 2301 208 2358 aquarn
223 2285 354 2353 candem,
368 2291 400 2341 ut
412 2285 593 2356 molesmum
607 2287 780 2358 postabulas
793 2307 905 2362 percus
945 2285 1029 2358 primi
1052 2285 1155 2357 psalmi
1176 2285 1348 2341 consuetudo
1372 2283 1536 2340 consentit:
1564 2283 1639 2339 infra
1660 2299 1747 2355 qnam

112 2375 214 2430 donem
229 2375 350 2442 innatet
359 2375 539 2439 nundinans,
549 2376 606 2430 nisi
625 2377 759 2448 quamdiu
770 2379 903 2452 loquendi
943 2375 1044 2429 horam
1058 2374 1246 2438 tantumsibi,
1261 2379 1290 2430 θῑ
1308 2373 1396 2445 pl'iffl'l
1421 2373 1451 2429 in
1469 2373 1612 2430 consuetis
1630 2374 1747 2432 claustri

110 2463 219 2520 licentia
234 2465 329 2529 durat,
345 2469 374 2519 et
388 2465 512 2532 interim,
529 2467 540 2489 ·
558 2463 626 2521 dum
649 2466 778 2523 sacerdos
801 2469 905 2541 aliique
944 2463 1012 2520 locis
1027 2468 1055 2519 el
1071 2461 1190 2519 officinis
1204 2462 1281 2534 l⁰qui
1296 2463 1370 2518 licet·

111 2553 230 2608 ministri
243 2569 275 2608 se
286 2553 418 2621 induunt,
432 2567 479 2609 un.
494 2558 608 2624 excepto
623 2554 647 2609 si
662 2553 722 2610 dies
734 2556 845 2628 jejunii,
862 2559 905 2614 la·
980 2555 1013 2609 ln
1027 2553 1113 2608 choro
1127 2553 1162 2607 ad
1180 2553 1311 2624 primam,
1328 2552 1396 2607 dum
1410 2557 1551 2620 cantatur,
1575 2553 1747 2624 Quicumque

111 2657 171 2696 rere
180 2658 238 2696 non
252 2641 419 2714 prohibetur
430 2647 494 2713 post
505 2642 630 2697 tertiam.
647 2643 676 2698 Si
692 2660 758 2698 sero
774 2651 818 2700 est
838 2663 905 2718 qua·
945 2644 1014 2708 vult,
1028 2642 1122 2696 nullus
1135 2641 1223 2696 sedet.
1239 2641 1282 2696 nd
1298 2641 1370 2696 banc
1384 2641 1494 2708 boram,
1508 2647 1538 2696 et
1550 2641 1587 2696 ad
1597 2642 1749 2714 completo-

112 2729 266 2802 dregesime
281 2737 309 2786 et
324 2730 385 2786 dies
398 2731 516 2802 privata,
533 2735 595 2802 post
617 2732 773 2803 capitulum
791 2738 820 2788 et
841 2739 905 2806 post
944 2731 1029 2798 rium,
1045 2730 1088 2784 vel
1098 2730 1339 2802 quotienscunque
1351 2729 1453 2784 iratres
1466 2728 1588 2785 invicem
1597 2730 1745 2788 contessio·

111 2825 213 2874 sextam
227 2820 312 2886 lavat,
329 2819 440 2874 etiamsi
463 2835 520 2874 non
539 2820 689 2891 loquamur
714 2821 743 2876 in
764 2822 899 2882 clanstro.
944 2836 1010 2874 nem
1024 2819 1130 2885 dicunt,
1144 2817 1291 2873 observare
1305 2817 1416 2886 debent,
1435 2819 1523 2890 utqui
1537 2819 1625 2874 alium
1639 2835 1745 2892 praece-

111 2907 248 2982 Quidquid
262 2909 452 2976 antenianus,
478 2924 590 2980 quoquo
610 2909 694 2964 modo
713 2910 750 2965 sit
768 2912 902 2980 lavatum,
945 2908 987 2964 dit
998 2908 1028 2962 in
1041 2923 1121 2962 sacro
1136 2907 1244 2968 ordine,
1258 2907 1318 2979 ipse
1333 2922 1444 2979 quoque
1457 2907 1746 2980 contessionemtprior

944 2997 1028 3066 dicat,
1045 2997 1131 3052 etiam
1147 2995 1172 3051 si
1180 2995 1297 3052 inferior
1310 2995 1347 3052 sit
1360 3011 1393 3051 eo
1404 2996 1450 3051 cui
1459 2997 1619 3052 confltetur.
1627 2997 1746 3063 Quando

110 3087 250 3142 sordidum
262 3093 292 3142 et
301 3087 441 3142 torridum
451 3092 517 3142 ante
531 3087 627 3143 oculos
645 3087 765 3144 fratrum
779 3089 813 3144 de
830 3091 904 3146 refe·
915 3049 1009 3160 Cpost
1022 3091 1130 3157 septem
1143 3085 1267 3157 psalmos
1281 3083 1487 3156 poenitentiales
1508 3085 1621 3141 Litania
1641 3103 1659 3142 a
1679 3104 1748 3159 pro-

110 3177 193 3231 ctorio
204 3176 380 3232 exeuntium.
944 3174 1042 3230 stratis
1059 3173 1195 3229 fratribus
1217 3177 1359 3244 cantatur,
1383 3173 1421 3229 ad
1444 3173 1577 3230 ultimum
1601 3175 1746 3246 psalmum

382 3283 499 3339 gqup
517 3281 628 3338 XLVII⁸
945 3265 1052 3336 priores
1064 3263 1100 3318 ad
1110 3262 1226 3334 medus,
1236 3262 1332 3333 sicque
1341 3261 1434 3318 ceteri
1440 3262 1572 3318 ordinant
1582 3279 1623 3327 sc,
1631 3269 1745 3331 etcum

111 3371 242 3438 Quom,
256 3373 663 3442 g,„9„ga„·1,0„„0„,·,„1,
687 3376 752 3442 mg,
776 3377 834 3429 mg,-
851 3391 904 3445 p„
944 3359 1056 3425 tempus
1069 3351 1164 3419 luerit,
1179 3367 1235 3406 non
1250 3351 1303 3406 sibi
1317 3350 1346 3406 in
1361 3351 1570 3424 procumbendo
1580 3369 1691 3410 moram
1706 3354 1747 3410 ia·

337 3444 494 3499 ineuitabili
507 3447 670 3500 amessitote.
944 3442 1035 3510 ciant;
1056 3447 1086 3497 et
1096 3441 1172 3496 inter
1186 3439 1313 3496 literatos
1333 3457 1484 3496 conversus
1500 3457 1556 3498 non
1568 3444 1671 3516 jaceat,
1687 3444 1743 3502 nisi

142 3535 211 3607 (sn.)
225 3534 331 3591 Audito
344 3533 435 3604 signo,
451 3533 526 3604 quod
540 3533 575 3588 ad
590 3533 710 3605 primam
725 3534 863 3606 pulsatur,
872 3536 905 3591 li·
945 3532 1064 3603 alicujus
1075 3529 1185 3601 juvenis
1198 3534 1292 3585 custos
1302 3530 1397 3597 luerit,
1411 3530 1448 3584 ad
1457 3547 1540 3602 quem
1547 3531 1607 3603 ipse
1618 3533 1740 3602 accedet,

108 3623 185 3680 brum
200 3630 259 3680 tam
277 3623 403 3690 illum‚si
423 3639 506 3694 quern
526 3623 600 3678 videl
619 3625 699 3694 juata
720 3641 750 3679 se
768 3625 901 3697 positum,
944 3619 1254 3694 ubicumquejecuerit·
1271 3618 1315 3674 lid
1334 3618 1480 3674 literatum
1506 3637 1571 3676 vero
1593 3622 1741 3678 custodem

108 3713 210 3784 'quarn
218 3729 277 3785 prae
285 3710 548 3768 manibusbabitum
557 3715 683 3781 reportat
692 3711 728 3766 ad
737 3712 901 3780 anuarium,
941 3709 1053 3782 juvenis
1067 3707 1162 3763 venire
1175 3723 1233 3763 non
1250 3707 1379 3778 negligit.
1396 3707 1431 3764 ln
1450 3708 1502 3764 hac
1523 3709 1624 3766 litania
1639 3711 1746 3768 nullius

107 3801 163 3857 lloc
181 3803 205 3858 si
221 3801 309 3858 inerit
324 3800 551 3872 neglectum,'ab
569 3805 690 3873 utroque
711 3817 809 3856 eorum
829 3802 903 3858 inter
943 3798 1033 3854 sancti
1056 3813 1160 3852 nomen
1182 3796 1353 3869 geminatur,
1376 3803 1492 3868 excepto
1512 3799 1561 3870 qui
1592 3800 1744 3872 singularis

107 3907 173 3962 quos
181 3890 414 3948 remanensliber
422 3890 521 3962 Jacuit,
534 3890 902 3956 eritinclamandnm.Quod
944 3888 1070 3959 ejusdem
1084 3885 1138 3941 loci
1155 3890 1291 3958 patronus
1312 3885 1441 3942 babetur.
1466 3886 1510 3941 lid
1531 3904 1644 3944 versum
1664 3889 1745 3947 illum

105 3981 217 4036 tametsi
230 3981 267 4036 ad
281 3980 351 4035 alias
366 3995 486 4051 quoque,
499 3978 534 4033 ad
546 3994 593 4034 eas
601 3982 698 4034 tamen
708 3995 764 4034 non
775 3978 902 4036 observa·
943 3981 995 4034 Per
1005 3979 1161 4047 passionem
1171 3981 1197 4031 et
1209 3991 1316 4030 erucem
1329 3976 1531 4047 unusquisque,
1540 3993 1605 4032 cum
1614 3994 1744 4050 expresse

104 4073 150 4124 tur
162 4071 256 4128 boras.
274 4069 376 4141 quibus
392 4067 479 4123 linitis
492 4067 588 4122 statim
603 4067 632 4122 in
647 4067 802 4124 claustrum
818 4071 854 4125 ad
864 4071 922 4126 le-·
943 4065 1139 4134 nominaverit,
1155 4065 1269 4120 dextera
1285 4080 1380 4130 manu,
1396 4080 1447 4136 per
1465 4064 1604 4120 manicam
1618 4065 1649 4120 in
1671 4065 1743 4122 lacie

105 4157 225 4213 ebonem
238 4157 382 4213 rediturus
406 4162 615 4212 estconventus
632 4157 781 4213 :similiter
802 4160 903 4215 neced
941 4152 1244 4220 crucemetiamiacit3
1260 4151 1461 4223 statimqueed
1478 4167 1591 4208 versum
1615 4155 1668 4208 Pcr
1681 4157 1742 4223 pto-

104 4246 226 4302 officium
239 4247 446 4309 defunctorum,
462 4247 611 4318 etquando
630 4245 790 4318 cymbalum
802 4265 904 4320 percu·
942 4249 1047 4302 riorum
1061 4244 1292 4300 Resurrectionem
1304 4240 1521 4295 tuornsacerdos
1535 4242 1668 4298 etcaeteri
1687 4242 1742 4296 mi-

104 4335 172 4390 titur
187 4337 224 4391 ad
237 4336 406 4392 bibendum:
423 4340 491 4392 tunc
505 4335 581 4391 enim
596 4335 625 4390 in
638 4336 698 4391 loco
713 4353 768 4408 quo
783 4338 901 4411 quisque
943 4333 1025 4388 nistn
1040 4329 1185 4385 matutine
1199 4327 1291 4382 missae
1305 4326 1408 4382 debent
1415 4326 1504 4405 exire,
1527 4333 1560 4383 ut
1578 4344 1643 4383 mox
1661 4327 1742 4385 linita

102 4425 217 4492 sederit,
234 4426 370 4481 utstatim
383 4441 510 4480 reversus
522 4424 561 4479 ibi
573 4425 707 4490 inveniat,
732 4425 836 4482 librum
858 4428 901 4482 di·
943 4421 1054 4478 bitania
1069 4417 1160 4492 parati
1173 4417 1280 4472 intrent
1290 4416 1432 4471 adaltare.
1441 4416 1522 4471 Unde
1535 4416 1631 4484 etiam,
1644 4433 1742 4490 quam·

102 4515 203 4582 mittit,
218 4532 269 4570 nec
279 4515 328 4570 elii
337 4522 405 4570 tunc
419 4514 545 4586 accipere
559 4514 634 4569 bunc
645 4513 747 4581 licebit,
761 4515 815 4570 nisi
829 4517 901 4572 forse
942 4527 1026 4584 quam
1040 4507 1133 4565 caeteri
1144 4508 1174 4562 in
1189 4505 1287 4560 ordine
1300 4521 1361 4572 suo,
1376 4505 1424 4559 isti
1438 4510 1534 4560 tamen
1553 4505 1595 4560 ite
1607 4506 1743 4577 Jacebunt

101 4602 134 4666 is,
155 4604 208 4674 qui
221 4604 325 4659 eumin
342 4603 559 4674 quadragesima
574 4602 680 4675 accepit
693 4603 729 4658 ad
737 4603 898 4674 legendum,
941 4603 974 4654 ut
985 4602 1118 4654 exeuntes
1130 4601 1245 4651 caeteros
1257 4610 1312 4648 non
1325 4593 1493 4666 inquietent.
1507 4594 1550 4649 Ad
1563 4594 1740 4654 offerendum

101 4698 129 4745 et
142 4709 178 4747 eo
195 4708 268 4747 anno
282 4707 396 4748 necesse
409 4690 549 4747 habuerit.
569 4691 659 4756 Quem
672 4690 767 4756 etiam,
781 4692 854 4748 sicut
873 4698 901 4748 et
940 4705 992 4742 neo
1001 4687 1126 4742 anterior
1149 4701 1201 4740 nec
1220 4683 1367 4756 posterior,
1395 4699 1481 4755 quam
1502 4699 1571 4738 suus
1589 4690 1634 4739 est
1660 4687 1739 4754 ordo,

99 4781 214 4836 nudum
227 4781 313 4836 aliurn
328 4780 459 4835 libruma
471 4780 596 4851 quolibet
610 4779 696 4835 tratre
710 4780 795 4836 debet
811 4781 902 4853 requi·
942 4778 1091 4850 quisquam
1103 4773 1225 4842 accedit3
1239 4772 1263 4827 si
1273 4776 1369 4827 tamen
1383 4787 1505 4843 presens
1518 4771 1613 4829 fuerit.
1627 4774 1742 4839 Quodsi

100 4886 175 4924 rere.
188 4871 327 4926 Caeterum
341 4871 377 4925 ad
392 4869 569 4925 collationem
578 4869 724 4940 reportati,
734 4875 767 4925 ut
773 4871 901 4927 ordinate
942 4866 1044 4938 aliquis
1061 4861 1227 4936 neglexerit,
1242 4863 1291 4933 qui
1303 4867 1372 4917 tunc
1383 4861 1437 4932 ipsi
1448 4861 1592 4934 proximus
1605 4863 1745 4938 adest„li·

98 4958 127 5013 in
140 4959 267 5014 armario
281 4964 457 5032 reponantur
469 4957 543 5025 libri,
561 4958 702 5014 armarius
728 4959 772 5013 vel
790 4959 903 5030 adjutor
942 4955 1025 5013 cetin
1040 4953 1137 5009 ordine
1151 4950 1267 5008 mierior
1279 4950 1326 5019 sit,
1342 4951 1443 5006 olierre
1457 4966 1515 5006 non
1533 4950 1668 5012 tardabit.

98 5049 162 5118 ejus
177 5053 320 5120 procurat.
331 5048 375 5103 Ad
385 5048 481 5120 primm
489 5063 555 5120 ergo
561 5047 759 5119 pulsationem,
770 5049 902 5120 repositis
1208 5057 1326 5115 CAPUT
1350 5058 1474 5116 ΧΙΝΠῙ,

97 5135 127 5190 in
148 5137 276 5191 armario
298 5136 389 5206 libris,
403 5135 443 5202 bi,
465 5135 512 5207 qui
532 5135 705 5190 matutinum
720 5135 756 5190 ad
775 5143 902 5192 sanctam
944 5150 1080 5220 Quomodo
1094 5165 1121 5204 30
1132 5152 1265 5218 mperes
1278 5148 1315 5202 ad
1326 5150 1492 5216 capitutum,
1508 5150 1550 5203 vet
1561 5148 1630 5217 quet
1641 5147 1739 5216 smne,

98 5223 225 5280 Mariam
235 5224 384 5292 audierint,
396 5224 568 5279 consuetudo
582 5229 635 5292 est,
649 5234 681 5279 ut
693 5228 722 5279 et
735 5228 850 5279 caeteras
864 5224 903 5280 ibi
1084 5223 1110 5275 si
1123 5225 1161 5275 cst
1173 5221 1358 5276 sibicouscius
1368 5220 1456 5274 ultius
1465 5233 1594 5274 secessum.

100 5314 237 5386 (exceptis
251 5311 469 5381 obedientiariis,
493 5318 522 5368 et
544 5311 638 5384 siqui
662 5313 734 5367 tales
753 5317 829 5376 sunt,
855 5313 903 5384 qui
977 5311 1038 5382 (un.
1053 5309 1127 5378 aar.)
1141 5305 1348 5373 Quandoscilla
1370 5307 1499 5378 pulsatur
1516 5305 1552 5360 ad
1574 5305 1740 5375 capitulum,

98 5404 188 5460 oborn
204 5403 338 5459 interesse
351 5407 476 5475 possunt)
492 5401 609 5458 audiant
619 5402 713 5470 horas,
730 5401 825 5457 stetim
836 5402 903 5458 illue
944 5401 1035 5453 cessat
1047 5397 1083 5452 ab
1096 5413 1139 5464 eo,
1154 5396 1230 5468 qnod
1238 5401 1305 5451 tuno
1315 5394 1373 5467 agit
1383 5394 1486 5465 operis,
1498 5393 1534 5448 ad
1545 5395 1701 5466 capitulam
1710 5412 1742 5453 se

98 5511 116 5548 a
131 5499 277 5549 conventu
290 5492 434 5548 secedunt.
448 5491 491 5548 nd
506 5491 704 5560 aliarumlvero
715 5490 903 5564 pulsationem
944 5503 1123 5562 preperans;
1140 5486 1308 5541 stamineum
1330 5499 1412 5539 suurn
1426 5481 1550 5554 undique
1564 5481 1697 5550 detrabit,
1714 5490 1744 5540 et

100 5584 253 5651 horarum,
268 5586 407 5654 quotquot
419 5597 453 5638 ex
467 5580 572 5638 eisdem
586 5581 737 5639 conventui
750 5581 902 5647 intersunt,
945 5579 1066 5634 honeste
1082 5574 1234 5647 componit,
1253 5573 1391 5639 etclares,
1403 5571 1428 5626 si
1441 5585 1511 5642 quas
1524 5569 1611 5628 babet
1625 5571 1743 5648 (quatis-

110 3004 169 3068 post
181 2999 282 3053 boram
297 2997 409 3052 lavandi
423 2997 515 3052 aufert
533 3004 562 3052 et
572 2997 673 3067 siccat3
690 3016 725 3054 ne
745 3001 840 3080 jaceat
863 3001 905 3057 ita
