4046 6186
243 353 309 418 ltu
509 349 696 412 unnutuot
717 346 880 412 MONACH.
902 346 1069 410 WlGORN.
1088 342 1262 410 tistitus
1281 341 1425 408 tectu.
1444 340 1608 408 WIGORN·
1807 338 1879 408 itii

241 480 399 554 scaniensis
426 477 556 533 Ecclesiae
582 475 794 547 dispensatione
817 473 911 529 divion
925 475 1066 532 coactustt
1077 471 1127 527 Dei
1142 470 1309 524 Wolstanus
1325 467 1353 522 in
1378 469 1430 522 hac
1444 483 1502 539 qua
1515 481 1663 522 manemus
1675 481 1772 522 eremo
1785 465 1879 520 adbuc

242 579 284 626 est
299 569 449 640 suscipere.
465 567 544 632 Quod
562 571 655 620 tamen
672 566 857 637 potioscausa
874 564 1039 620 obedientiae
1081 575 1206 618 manens.
1225 558 1355 612 omnibus
1369 558 1463 613 omnia
1489 556 1585 623 tiebat,
1600 565 1633 610 ut
1653 571 1751 610 omnes
1767 555 1879 608 Christo

241 651 1039 732 quamadipiscendassuscepitglorlae.i'‹·nrrabilisinter·
1081 647 1184 708 lucrari
1200 654 1302 719 posset.
1328 649 1350 706 n
1375 645 1518 706 Wiltetioo
1546 661 1657 716 quoque
1686 661 1751 716 rege
1770 644 1879 700 ceteris

243 764 276 803 ea
290 748 433 802 comitissa
448 745 583 815 Godgiva.
600 744 674 798 fanin
699 743 833 801 bonitatis
856 743 918 814 ejus
932 739 1036 800 audita.
1081 737 1369 810 ampliusamabatur,
1380 735 1487 790 crateris
1497 735 1619 805 amplius
1629 734 1880 804 ioajtnisminoris·

241 837 309 892 totis
328 836 407 891 illum
422 835 506 906 coepit
520 834 638 904 diligere
654 830 812 888 visceribus.
828 839 856 885 et
870 831 898 884 io
923 827 1040 883 diversis
1080 844 1135 897 quc
1148 825 1244 897 glor-irc
1257 825 1323 880 viris
1334 841 1383 896 pro
1400 825 1462 879 vitae
1475 841 1533 878 suae
1553 824 1654 878 merim
1676 823 1875 877 honorabatur.

242 921 328 996 huJus
341 926 434 980 seculi
453 925 601 982 subvenire
616 920 837 982 nscessitatibus.
855 921 942 990 t'ujuo
956 917 1041 988 siqui·
1080 917 1132 972 Cui
1143 916 1267 989 poscenti
1281 915 1361 970 dsdit
1372 921 1476 970 terram
1491 914 1611 968 duorum
1627 921 1879 984 cessatorumqm

242 1016 307 1071 dem
333 1015 461 1087 precibus
490 1031 583 1068 coroes
612 1012 763 1068 Leolricus.
785 1011 884 1079 conjux
913 1007 1040 1060 videlicet
1081 1006 1211 1060 Cullaclrs
1233 1005 1345 1065 dicitur,
1368 1011 1395 1056 ct
1415 1005 1532 1056 alteram
1560 1001 1593 1057 tt
1611 1010 1797 1058 cassatorum.
1818 1019 1879 1073 quae

241 1121 320 1170 suus,
336 1105 406 1160 duas
418 1111 519 1161 terras.
537 1102 699 1157 blacawella
713 1109 742 1155 et
757 1097 940 1154 Wullordrlen
958 1111 1039 1150 voca·
1080 1095 1226 1150 AEllestum
1251 1093 1423 1150 nominatur.
1441 1093 1497 1146 llas
1520 1091 1636 1162 insuper
1653 1099 1754 1152 terras,
1777 1091 1880 1146 blittun

242 1193 476 1256 tasillidonavit,
491 1209 560 1264 quas
571 1200 655 1245 anteo
676 1190 744 1244 Drrni
761 1187 909 1264 caeterique
926 1183 975 1246 Dei
988 1184 1039 1240 ad·
1080 1185 1185 1241 scilicet
1200 1185 1227 1244 iu
1244 1184 1359 1244 Eastuo,
1375 1187 1403 1236 et
1416 1182 1487 1235 duas
1503 1181 1715 1252 lynderycgeas
1725 1186 1758 1234 ot
1772 1180 1879 1251 Panhyl

240 1282 358 1338 versarii
374 1282 397 1335 vi
410 1282 594 1339 abstulerant.
606 1287 634 1334 et
654 1278 689 1333 ab
718 1279 777 1349 ipso
791 1273 981 1346 wigorniensi
994 1269 1040 1326 Ec-
1079 1272 1297 1334 ath·irnonlealt
1313 1270 1365 1326 sibi
1380 1270 1581 1334 reddiditQuae
1595 1270 1643 1325 ille
1654 1269 1747 1323 omnin
1767 1270 1880 1325 Thomae

242 1369 1038 1443 elesiapenitusalicnarerant.Altcmmqaoqueterram,
1082 1361 1230 1416 venerabili
1249 1359 1344 1432 priori,
1371 1360 1418 1430 qui
1447 1360 1601 1430 prioratum
1633 1367 1694 1429 post
1711 1358 1879 1412 AEltstonum

243 1461 434 1532 quamincolae
444 1459 519 1514 illius
530 1455 922 1526 ltacuot»nuncupantutius
934 1449 1040 1523 praetatl
1081 1449 1213 1514 obtinuit,
1224 1449 1364 1504 commisit
1387 1449 1578 1504 Moleodinum
1594 1463 1705 1518 quoque
1718 1447 1793 1518 apud
1810 1448 1882 1501 Nor·

242 1550 353 1605 comitis
362 1549 502 1618 AElt'garus
515 1548 631 1601 nomine
646 1564 662 1600 a
675 1545 840 1617 quibusdam
861 1541 992 1596 obtinuit.
1013 1545 1042 1592 et
1081 1540 1202 1594 thwican
1219 1546 1247 1594 et
1262 1545 1391 1611 quartam
1407 1544 1514 1608 partem
1535 1543 1617 1591 terrm
1631 1537 1665 1590 ad
1679 1553 1748 1590 usus
1762 1537 1882 1591 tratrum

243 1655 294 1711 pro
305 1655 362 1693 suae
372 1637 494 1692 remedio
505 1634 738 1707 animaepraedicti
758 1632 807 1687 viii
823 1632 871 1685 lici
879 1631 937 1702 juri
952 1627 1041 1682 tradi·
1083 1629 1197 1684 donavit
1224 1629 1256 1682 Et
1272 1627 1485 1690 monasterium,
1501 1625 1573 1697 quod
1587 1625 1615 1679 in
1631 1625 1786 1680 westbirie
1799 1627 1882 1680 situm

244 1729 296 1784 dit.
310 1729 434 1783 Cernens
447 1733 542 1780 autem
559 1726 734 1786 venerandus
757 1717 1044 1791 ambiapiscopuatll·
1084 1726 1137 1776 est.
1153 1717 1278 1788 ejusdem
1291 1717 1393 1788 prioris
1407 1715 1520 1771 Thomae
1548 1715 1680 1770 custodias
1702 1715 1880 1786 mancipavit.

243 1817 347 1872 dredus
362 1817 436 1871 hunc
451 1831 561 1870 servum
580 1815 631 1868 Dei
646 1813 728 1868 bonis
743 1810 873 1882 operibus
899 1807 1040 1870 insudare,
1085 1807 1512 1871 Quodvidelicetmonasterium
1532 1803 1629 1858 beatus
1640 1803 1789 1859 Oswaldus
1808 1804 1884 1874 prius

243 1904 488 1961 nihildeterrenis
506 1920 614 1968 curare,
632 1902 808 1956 solummodo
828 1895 986 1954 celestibus
1003 1893 1044 1948 in·
1085 1895 1230 1952 exstruxit.
1244 1894 1389 1949 monachis
1403 1893 1546 1952 stabilivit.
1570 1899 1598 1947 et
1609 1894 1692 1947 terris
1707 1893 1885 1948 hominibus·

242 1995 330 2056 biare,
343 1995 371 2048 in
385 1991 790 2064 episcopatumWigoroiensis
804 1987 931 2042 Ecclesiae
946 1985 1043 2040 derre-
1085 2002 1139 2057 que
1154 1985 1216 2038 illas
1228 1983 1417 2038 excolentibus
1434 1983 1541 2036 ditavit.
1559 1982 1662 2036 Verum
1687 1991 1750 2052 post
1765 1991 1886 2036 mortem

241 2083 516 2144 vitecosuuevorc.
534 2082 613 2146 Quod
624 2082 697 2139 sicot
707 2079 845 2152 disposuit
860 2081 961 2133 tuente.
980 2073 1044 2128 licei
1085 2075 1161 2132 illius
1177 2074 1217 2130 sic
1232 2090 1247 2128 a
1260 2073 1396 2142 perversis
1410 2071 1515 2126 dioboli
1531 2071 1605 2135 llliis,
1623 2071 1760 2125 sciliceta
1778 2070 1886 2142 piratis,

242 2173 363 2226 multum
381 2171 615 2230 rotineretorille.
633 2185 689 2225 noo
719 2169 808 2222 multo
835 2173 897 2237 post
916 2161 1044 2234 implevit
1083 2169 1222 2224 vasmturu
1235 2167 1286 2222 est,
1305 2167 1406 2218 utnon
1433 2168 1593 2219 remaneret
1607 2160 1661 2216 nisi
1688 2177 1763 2216 unus
1780 2161 1887 2216 soluto·

242 2275 326 2331 opere
351 2259 489 2330 Suscepto
498 2259 594 2330 itaque
608 2259 679 2312 tanti
693 2256 806 2312 honoris
821 2255 956 2310 culmine.
972 2267 1042 2322 qus·
1085 2253 1167 2306 modo
1182 2254 1336 2324 presbyter.
1353 2251 1400 2322 qui
1416 2251 1518 2306 divinae
1531 2251 1673 2305 servitutis
1687 2250 1813 2306 otlicium
1823 2267 1887 2304 raro

241 2349 308 2404 liter
321 2347 389 2402 illod
408 2349 462 2402 teo
479 2365 508 2401 se
523 2354 685 2418 protegente
701 2345 923 2412 tenuer·it,ouam
939 2339 1043 2394 sanctis
1085 2340 1213 2411 explevit.
1230 2343 1266 2394 nt
1286 2338 1464 2394 recordanda
1485 2339 1625 2393 memoriae
1641 2338 1811 2394 wulstanus
1825 2345 1888 2410 post

243 2438 375 2510 operibus
389 2437 674 2492 decoravcr·it.nullus
686 2437 794 2490 edicere
812 2433 924 2504 poterit.
942 2430 1045 2486 Mansit
1085 2439 1245 2500 susceptum
1260 2430 1436 2500 episcopatus
1451 2429 1585 2482 honorem
1601 2428 1669 2481 illud
1687 2427 1887 2494 rcaedifisasit;

243 2532 337 2582 autem
349 2526 377 2580 io
389 2527 550 2597 episcopatu
562 2525 694 2588 alanna,
708 2525 850 2586 mensibus
870 2521 943 2580 dett
960 2517 1044 2589 septi·
1083 2519 1178 2582 terris,
1194 2517 1354 2576 horninibus
1369 2525 1397 2570 et
1415 2517 1587 2572 vestimentis
1609 2517 1643 2570 ad
1662 2515 1710 2570 liei
1739 2517 1888 2571 servitium

243 2618 345 2672 nranis.
359 2617 515 2678 Prioratom
526 2633 589 2678 varo
602 2616 804 2687 wigorniensis
813 2611 939 2671 llcctesic
953 2627 1045 2671 susce·
1084 2606 1292 2684 pcrtinentibus
1307 2605 1472 2663 nobilitavit.
1486 2605 1646 2676 ibidemque
1661 2607 1817 2660 secundum
1835 2606 1889 2660 loci

244 2707 346 2781 pitpro
375 2707 437 2778 ipso
460 2711 547 2762 linter
573 2707 648 2761 illius
671 2707 823 2760 AEltstaous
851 2701 973 2765 nomine,
996 2698 1043 2769 qui
1085 2697 1252 2778 positionem
1267 2696 1419 2750 monachos
1446 2696 1622 2760 coadunavit,
1639 2696 1889 2750 atmonasterium

242 2801 335 2852 terras
345 2801 412 2854 trts.
430 2797 505 2850 Lena
517 2795 654 2859 videlicet,
667 2803 695 2850 et
714 2789 964 2850 Donharostcdeet
981 2787 1044 2841 l’ec·
1085 2801 1148 2839 eum
1163 2784 1294 2842 omnibus
1308 2801 1370 2856 quas
1389 2785 1428 2839 ibi
1447 2793 1529 2840 erant
1548 2784 1676 2840 Ecclesia
1697 2785 1890 2856 wigor-mensi

244 2887 334 2942 ceslea
344 2902 396 2941 sua
410 2885 558 2957 acquisivit
573 2885 749 2946 strenuitate.
767 2885 829 2961 lpse
848 2883 933 2947 ctiam
947 2891 1046 2937 servus
1086 2873 1258 2950 subjugavit.

627 3214 1140 3390 HEMMINGI
1202 3214 1502 3378 LIBER

517 3484 582 3564 DE
616 3484 862 3566 ECCLESIAE
892 3485 1254 3568 WlGORNIENSIS
1289 3483 1616 3570 [conutitutis

826 3661 1022 3743 (coortos
1043 3661 1178 3742 napta,
1202 3663 1215 3725 1
1239 3662 1318 3743 ut).

946 3820 1199 3846 m

288 3958 370 4016 lianc
383 3957 509 4014 libellum
525 3959 560 4014 de
574 3959 797 4032 possessionibus
805 3959 1081 4032 hujusnostrimoc
1092 3962 1205 4034 quando
1216 3961 1264 4017 Dei
1280 3960 1373 4040 gratia
1384 3962 1553 4016 succedente
1563 3978 1611 4016 cor
1624 3960 1698 4032 regis
1707 3959 1822 4032 justitia
1837 3975 1893 4030 qua

251 4049 379 4112 canerit,
394 4065 446 4120 ogo
476 4050 661 4122 llemroingos
686 4049 840 4104 monachus
866 4060 895 4104 et
921 4050 1052 4105 sacerdos
1093 4068 1168 4106 nunc
1183 4051 1329 4106 marcescit
1351 4051 1551 4119 consolidetur,
1567 4051 1666 4122 lexque
1682 4067 1744 4122 quae
1759 4065 1836 4104 nunc
1849 4051 1892 4103 ia·

253 4138 382 4209 quamvis
392 4138 525 4210 indignus
540 4146 569 4193 et
582 4155 731 4194 conservus
746 4155 889 4194 servorum
908 4139 954 4194 Dei
973 4139 1051 4194 trabi·
1090 4141 1175 4211 justis
1190 4139 1363 4212 principibus
1376 4143 1490 4196 confuso
1504 4146 1548 4195 est
1558 4141 1670 4210 justitia
1682 4139 1818 4194 fulciente
1832 4147 1892 4193 sta·

253 4227 374 4283 tantiam
387 4229 416 4282 in
431 4229 601 4283 monasterio
615 4245 718 4283 sancta
732 4229 783 4282 liei
794 4229 943 4284 Genitricis
957 4228 1053 4283 Maria
1094 4229 1216 4290 biliotur,
1246 4231 1317 4286 sciat
1348 4230 1405 4288 sive
1432 4230 1589 4302 apis-copus.
1609 4230 1667 4287 sive
1693 4230 1830 4297 decanos,
1851 4229 1893 4283 vel

253 4315 1050 4388 sitoinurbequaellngliceWigoroaccaltcrnominatur.
1094 4319 1196 4390 aliquis
1219 4321 1351 4390 praelotus
1377 4321 1459 4391 hujus
1488 4320 1661 4377 oronasterii.
1688 4320 1756 4376 dum
1780 4327 1895 4390 tempus

254 4407 408 4461 multorum
422 4407 601 4477 antiquorum
617 4406 762 4460 hominum
779 4412 807 4460 et
820 4405 1053 4460 maximcdomini
1094 4421 1190 4480 aprum
1205 4409 1351 4474 invencrit,
1362 4410 1501 4480 quomodo
1513 4427 1560 4464 eas
1576 4409 1740 4480 proclamat.
1752 4407 1896 4479 quomodo

255 4495 396 4550 Wulstani
413 4497 533 4568 episcopi
551 4495 668 4567 piissimi
682 4497 769 4566 patris
780 4497 866 4550 nostri
878 4497 993 4552 edoctus
1008 4513 1053 4550 re·
1095 4515 1142 4554 eas
1153 4505 1274 4570 expetat,
1287 4516 1322 4554 ne
1331 4500 1496 4570 ignorantia
1507 4499 1616 4554 nebulis
1624 4499 1767 4553 absconsae
1781 4497 1897 4569 penitus

255 4581 361 4639 lotione
375 4595 402 4639 ct
417 4585 614 4640 corroboratus
630 4585 806 4645 auctoritate,
822 4585 950 4656 quadam
967 4586 1052 4640 etiam
1095 4603 1127 4644 ex
1142 4573 1282 4650 inemorii‘
1292 4587 1440 4645 donantur
1466 4588 1592 4658 Cognitis
1616 4588 1691 4642 enim
1707 4587 1812 4648 causis,
1833 4601 1896 4657 per-

257 4689 289 4729 ex
304 4682 401 4728 nostra
416 4675 551 4729 memoria
566 4674 686 4744 ipsemet
701 4675 802 4744 quibus
817 4681 867 4729 aut
878 4675 992 4730 interlui
1005 4680 1056 4728 aut
1095 4677 1172 4731 sonis
1182 4677 1557 4749 ettemporibusquibusaut
1567 4694 1617 4748 per
1627 4692 1697 4748 quos
1712 4674 1896 4747 quoremodo

257 4771 424 4833 qoaenostra
443 4769 525 4818 aetate
544 4763 614 4817 sacto
626 4763 887 4824 suntiotarmistur.
904 4771 1001 4835 utpote
1016 4765 1051 4818 de
1064 4766 1162 4866 ¹‚ipsas
1173 4773 1254 4821 terrae
1270 4767 1311 4820 vel
1325 4768 1514 4838 possessiones
1540 4783 1556 4820 a
1585 4766 1748 4820 monasterii
1763 4765 1897 4819 domina·

256 4851 419 4922 terrisonus
427 4851 592 4927 Francigcni
602 4852 776 4914 invaserunt.
788 4870 851 4922 quae
865 4855 959 4908 omnia
973 4859 1054 4908 tanto
1095 4855 1278 4911 tioncablatae
1287 4855 1352 4911 sint.
1364 4857 1541 4911 satismelius
1559 4861 1588 4910 et
1610 4854 1825 4910 convenientius
1836 4853 1898 4928 qui·

257 4939 362 5001 seruus
371 4939 433 4997 diso
442 4947 587 5011 quantoea
595 4950 691 4998 nostra
700 4941 836 4996 memoria
846 4941 944 4997 recolit
970 4941 1052 5007 facta,
1094 4944 1163 4999 libct
1177 4961 1273 5000 earum
1289 4946 1477 5016 proclamator
1495 4951 1524 5000 et
1545 4945 1639 5016 adjus
1655 4944 1821 5000 monasterii
1841 4928 1899 5015 quo

257 5044 291 5088 ea
301 5029 421 5085 maxime
433 5029 591 5086 intentione
600 5031 755 5101 composui,
772 5038 804 5085 ot
816 5032 937 5102 posteris
952 5031 1055 5087 nostris
1093 5036 1169 5106 juste
1178 5041 1326 5108 suppetere
1340 5034 1475 5090 deberent
1488 5040 1655 5090 streuuuset
1662 5035 1759 5106 justos
1773 5039 1900 5098 exactor,

255 5119 424 5177 claresceret
436 5135 499 5190 qua
515 5125 544 5174 et
567 5127 679 5190 quantae
703 5119 893 5192 possessiones
913 5127 1055 5178 terrarum
1097 5142 1176 5180 suom
1192 5131 1342 5196 componet
1355 5125 1511 5179 orationem
1539 5129 1567 5179 ct
1594 5125 1780 5194 compositam
1797 5122 1902 5194 majori

257 5208 357 5268 ditioni
366 5209 451 5282 hujus
466 5209 629 5264 monasterii
644 5210 773 5280 adjacere
786 5209 821 5264 ad
837 5211 937 5266 victum
953 5213 1055 5268 dunta·
1096 5215 1263 5270 auctoritate
1277 5214 1463 5284 diligenteret
1476 5213 1641 5267 nominatim
1656 5211 1775 5282 singulis
1785 5228 1904 5284 expres-

257 5305 457 5356 xstsarrorom
468 5298 529 5360 Dei,
541 5299 741 5355 monachorum
759 5298 886 5354 videlicet
893 5301 958 5371 jure
971 5301 1056 5356 debe·
1098 5303 1254 5364 siscensis.
1274 5304 1410 5374 personis,
1436 5301 1619 5373 temporibus,
1651 5301 1748 5355 fulcire
1769 5301 1905 5372 prevalet

257 5387 585 5462 rentquarnqueiojuste
594 5388 620 5442 vi
629 5389 734 5444 etdolis
745 5389 856 5459 spoliati
867 5391 910 5444 liis
918 5406 1056 5446 caremus.
1099 5391 1346 5463 proclamationem
1370 5389 1584 5445 Noveritautcm
1602 5388 1842 5443 studiososlector
1855 5404 1904 5442 me

259 5476 333 5542 Quid
347 5494 411 5534 vero
422 5476 553 5532 utilitatis
564 5477 615 5532 hoc
631 5493 693 5532 meo
709 5477 803 5532 labore
818 5487 991 5546 exerceatur,
1009 5481 1057 5534 uei
1099 5481 1152 5535 hoc
1166 5497 1236 5551 opus
1250 5497 1305 5536 uon
1323 5497 1387 5535 mea
1402 5479 1630 5554 presumptione,
1645 5478 1693 5532 sed
1709 5478 1902 5549 plurimorum

260 5566 350 5636 pictas
365 5565 465 5620 melius
479 5567 564 5626 novit.
582 5567 626 5622 cui
639 5573 730 5621 toturn
742 5567 896 5621 committo.
915 5567 1057 5632 Quantum
1099 5580 1209 5641 rogatu,
1227 5571 1346 5624 maxime
1361 5579 1455 5624 tomen
1472 5569 1560 5642 ipsius
1574 5568 1799 5622 reverendissimi
1811 5577 1905 5638 patris

242 5653 496 5710 :tamenadmeam
507 5653 608 5718 attinet
618 5655 829 5726 dispositionem
841 5656 899 5711 baec
913 5663 971 5726 est3
989 5662 1021 5712 ut
1034 5657 1057 5712 si
1100 5658 1189 5714 nostri
1199 5659 1259 5736 jam
1273 5658 1341 5716 dicti
1356 5666 1385 5714 ct
1394 5675 1466 5735 saepe
1487 5655 1661 5729 nominandi,
1678 5655 1786 5712 donum
1802 5653 1907 5708 videli-
