4046 6186
237 291 309 370 1539
753 296 915 364 RADBODI
933 297 1182 376 NQYlQMENSffi
1201 297 1369 376 WSGOPI
1808 305 1880 384 iim

237 443 1207 482 &zm-*m
1567 455 1889 505 W,

492 615 713 782 nrt
769 617 1115 786 sinon
1175 621 1625 800 sisoium
1735 610 1738 618 ‘

346 905 795 1046 tltvttttttttt
836 912 909 1022 tt
947 911 1402 1022 tttttttttttts
1445 913 1761 1030 tritttttt

730 1165 1043 1278 AUCTORE
1081 1163 1426 1286 RADBODO.

543 1397 708 1478 (Bottsnn.
732 1399 810 1462 Acta
830 1409 1011 1478 solaciorum,
1033 1401 1118 1466 lunii
1141 1405 1217 1468 mm.
1241 1402 1280 1477 11,
1304 1399 1354 1461 dio
1375 1399 1407 1480 8,
1422 1417 1495 1494 pag.
1512 1398 1576 1474 87).

496 1714 612 1772 CAPUT
631 1717 788 1787 PRIMUM.
1046 1703 1128 1790 Aqui
1143 1716 1289 1788 defatigati
1303 1721 1393 1780 erant,
1410 1715 1478 1788 quia
1491 1721 1559 1770 tunc
1580 1717 1734 1778 ser-tientes
1750 1715 1880 1785 aberant,

242 1796 334 1860 (tr-tm,
352 1801 477 1859 illustria
494 1805 524 1858 in
533 1807 682 1872 presentato
695 1809 834 1874 somnum,
846 1807 1039 1862 sacerdotium.
1083 1805 1149 1860 huic
1170 1815 1267 1862 sancto
1282 1821 1382 1884 puero,
1408 1821 1462 1878 quo
1477 1805 1505 1860 in
1521 1811 1602 1876 prato
1615 1805 1668 1863 sub
1683 1806 1744 1876 ejus
1754 1807 1885 1866 meatu

279 1884 498 1960 l.Beatissimus
519 1893 1038 1966 bledardus.egregiaevirsanrtitatis,
1082 1896 1275 1960 retinerentur,
1303 1895 1490 1955 commisisse.
1517 1895 1592 1950 Puer
1612 1903 1707 1950 autem
1732 1911 1765 1949 ex
1795 1895 1885 1966 patris

240 1977 478 2046 patreNectardo,
495 1990 585 2036 matre
598 2000 664 2056 pero
681 1984 810 2054 Protagia
823 1985 945 2055 genitus.
964 1982 1039 2054 apud
1081 1993 1219 2055 precepto
1239 1999 1326 2054 equos
1336 1983 1466 2038 hilariter
1478 1982 1612 2053 suscepit,
1624 1988 1652 2036 et
1666 1981 1807 2041 voluntati
1823 1983 1884 2052 ejus

240 2064 440 2142 salentiacum,
453 2069 659 2126 haereditariam
669 2074 905 2145 praedecessorum
921 2089 1038 2146 sutirum
1079 2071 1244 2140 assentiens,
1273 2073 1430 2144 injunctum
1454 2071 1506 2138 sibi
1531 2071 1655 2126 officium
1677 2069 1886 2130 otticiosissime

241 2155 459 2225 possessionem,
476 2167 559 2216 natus
574 2167 659 2233 utque
679 2162 773 2218 alitus.
791 2163 840 2218 Est
855 2169 950 2216 antem
967 2178 1040 2232 prae-
1078 2161 1233 2232 adimplere
1248 2159 1420 2232 properarit.
1439 2161 1510 2226 ¹Gom
1522 2177 1588 2228 pero
1599 2159 1626 2214 in
1642 2159 1772 2216 custodia
1786 2176 1886 2223 comm

241 2244 319 2300 diurn
335 2245 403 2300 illud
430 2249 606 2305 Salentiacus
622 2252 651 2305 in
677 2251 839 2322 episcopatu
858 2251 944 2306 situm
964 2251 1040 2304 lliro·
1078 2249 1204 2304 intentus
1219 2249 1507 2307 secundinianum
1519 2249 1648 2319 ignotum
1664 2249 1818 2320 quemdam
1826 2267 1888 2320 per·

242 2335 398 2400 mandensi,
411 2337 440 2391 io
453 2339 568 2408 regione
587 2345 681 2395 numm
699 2340 894 2407 Noviomensi;
911 2341 958 2412 qui
980 2341 1038 2394 No·
1078 2339 1211 2404 transire,
1227 2355 1259 2393 ac
1281 2339 1379 2392 sellam
1395 2344 1566 2410 equestrem.
1587 2343 1616 2392 et
1630 2353 1692 2410 quse
1706 2338 1886 2408 equitantem

240 2423 360 2488 viomus,
385 2443 448 2482 cum
462 2436 530 2483 tunc
554 2431 689 2500 temporis
703 2439 827 2485 castrum
848 2447 897 2485 seu
920 2429 1038 2484 munitio
1078 2429 1261 2482 condecente
1276 2435 1356 2503 tergo
1373 2435 1495 2500 gestare.
1516 2427 1695 2486 percunctari
1712 2443 1784 2499 puer
1803 2427 1889 2500 coepit

240 2512 401 2573 haberetur.
413 2518 590 2586 postmodum
605 2518 692 2588 ipsius
707 2518 831 2588 ejusdem
843 2517 958 2588 gloriosi
970 2534 1040 2589 pon·
1081 2533 1136 2588 qua
1146 2516 1180 2570 do
1191 2533 1276 2573 censa
1285 2516 1326 2572 sic
1340 2515 1482 2571 incederet
1490 2527 1617 2581 onustus,
1629 2531 1692 2572 cum
1704 2516 1888 2573 solummodo

241 2600 325 2656 tiliois
350 2603 475 2660 Medendi
500 2607 687 2668 ordinatione,
710 2607 877 2677 pontificalis
900 2607 1040 2661 cathedra
1081 2607 1126 2660 via
1137 2605 1222 2660 riarrti
1237 2604 1314 2676 gravi
1325 2605 1395 2659 satis
1406 2605 1607 2682 impedimento
1617 2605 1888 2684 ridereturdiquum

244 2690 358 2756 honoro,
380 2700 411 2746 ut
428 2703 524 2764 postca
538 2695 687 2750 dicendum
705 2712 889 2756 reservamus,
904 2696 1042 2750 sublima·
1083 2711 1188 2758 meum,
1206 2694 1252 2748 illo
1267 2694 1420 2766 respondit,
1438 2692 1557 2764 contigit
1571 2710 1637 2748 casu
1653 2693 1808 2766 deperisse.
1824 2711 1889 2765 quas

241 2781 287 2830 tus
298 2785 348 2834 est.
364 2781 484 2834 Sanctus
501 2781 596 2865 itaque
618 2799 696 2852 pqer,
714 2782 766 2835 sub
790 2791 937 2854 parentum
952 2781 1043 2836 tutela
1082 2790 1176 2858 tamen
1189 2783 1253 2858 equi
1264 2791 1345 2840 erant
1355 2783 1455 2838 inutile
1470 2782 1537 2849 mibi
1550 2783 1638 2841 visum
1655 2789 1696 2838 est
1712 2782 1886 2854 perdidisse:

241 2865 550 2941 diligentereducatus.
567 2869 666 2924 dirimo
686 2870 858 2942 providentia
873 2870 1043 2940 gratiaestu-
1084 2872 1193 2928 lucilius
1208 2889 1309 2944 nempe.
1324 2873 1415 2929 solum
1431 2889 1534 2943 equum
1551 2872 1619 2926 mibi
1639 2870 1693 2926 erit
1706 2888 1889 2942 comparare,

240 2953 293 3008 diis
303 2955 460 3014 litterarum
476 2958 706 3030 eruditnaparvo
721 2960 885 3030 intempore
900 2959 1042 3030 inspirata
1084 2979 1167 3036 quam
1182 2971 1210 3018 et
1220 2979 1323 3034 equum
1338 2969 1438 3034 etquae
1448 2962 1482 3017 ad
1501 2961 1663 3040 hujusmodi
1677 2961 1836 3018 condecent
1847 2961 1890 3016 ot-

240 3043 363 3100 scientite
378 3047 484 3102 lumine
499 3065 556 3116 prae
567 3049 676 3102 caeteris
690 3049 885 3103 consodalibus
895 3049 953 3102 suis
968 3048 1040 3102 emi·
1052 3022 1186 3116 Blicium,
1203 3068 1355 3138 reparare:
1373 3069 1443 3126 puer
1466 3059 1559 3106 nutem
1576 3051 1654 3104 brtnae
1673 3049 1787 3116 indolis,
1800 3057 1889 3106 tantm

241 3133 354 3188 nentius
369 3136 479 3191 claruit.
1081 3141 1156 3196 illius
1179 3141 1352 3214 compatiens
1380 3139 1547 3212 latigationi.
1572 3156 1636 3194 cum
1657 3138 1715 3210 jam
1738 3155 1804 3194 eum
1824 3156 1884 3215 pre

276 3219 304 3280 l.
322 3223 389 3294 Erat
403 3235 496 3282 autem
517 3226 558 3284 illi
574 3243 606 3284 eo
622 3228 650 3296 in
665 3233 792 3298 ternpore
806 3226 963 3284 consodalis
976 3227 1040 3300 qui·
1080 3230 1169 3284 nimio
1184 3231 1278 3288 labore
1294 3229 1479 3286 desudantem
1495 3236 1523 3283 et
1545 3245 1615 3300 pene
1627 3229 1686 3299 jam
1701 3229 1885 3290 deiicientem

241 3312 318 3377 dam,
337 3313 516 3370 Eleutherius
529 3317 642 3372 nornine
670 3333 754 3388 quem
771 3317 830 3387 ipse
849 3323 985 3387 tanquam
1000 3316 1039 3369 si·
1081 3320 1205 3379 vidisset,
1223 3337 1255 3374 ex
1273 3319 1399 3391 piissimo
1413 3318 1515 3372 ellectu
1532 3317 1654 3372 mentis:
1674 3338 1685 3368 s
1703 3318 1735 3371 ln
1752 3319 1882 3380 nomine,

241 3400 315 3456 milis
324 3402 454 3458 similem.
474 3421 544 3474 puer
556 3405 682 3460 videlicet
698 3422 827 3477 puerum,
837 3405 929 3460 socius
940 3421 1039 3459 conso·
1080 3407 1129 3468 eit,
1144 3407 1263 3470 Domini,
1280 3423 1367 3479 unqm
1381 3423 1413 3460 ex
1430 3406 1557 3464 bistol'e.
1569 3405 1694 3483 quosbic
1707 3405 1735 3460 in
1752 3405 1886 3461 custodia

240 3487 325 3544 cium.
338 3508 423 3562 quam
439 3493 871 3564 multadiligebatlamiliaritate
898 3494 1039 3548 Huncita-
1081 3496 1199 3568 suscepi.
1220 3515 1230 3566 o
1249 3499 1376 3566 Ournque
1392 3495 1490 3560 viator,
1513 3495 1564 3548 boc
1584 3511 1642 3550 succ
1662 3496 1812 3565 potestatis
1828 3512 1886 3550 non

241 3594 305 3649 que,
318 3596 381 3636 curn
395 3581 547 3652 aliquando
563 3583 680 3638 invicem
697 3583 934 3654 colloquerentur.
943 3589 1040 3654 utpote
1082 3603 1143 3640 esse
1155 3585 1311 3656 ambigens.
1328 3584 1534 3655 aliquantulum
1550 3589 1741 3650 remoraretur
1757 3601 1781 3634 :-
1792 3582 1884 3646 Tolle,

240 3667 412 3737 prophetica
425 3671 524 3739 gratiae
535 3671 647 3725 afflatus
660 3672 772 3742 spiritu,
789 3673 950 3744 episcopum
966 3673 1040 3727 tutu·
1081 3675 1131 3732 ait.
1148 3675 1221 3729 sicut
1235 3674 1302 3736 dixi,
1318 3681 1347 3727 et
1359 3688 1526 3744 quocunque
1551 3679 1580 3727 te
1601 3671 1775 3744 pertransire
1791 3672 1886 3726 mati-

242 3769 380 3810 ramesse
401 3773 469 3827 puer
484 3758 544 3832 ipse
558 3760 706 3850 praedrxrt;
733 3767 762 3815 et
785 3776 840 3815 non
863 3761 950 3816 multo
966 3767 1036 3832 post,
1079 3763 1162 3834 gerit,
1180 3779 1223 3816 me
1237 3763 1321 3834 hujus
1333 3761 1520 3816 concessionis
1532 3769 1560 3816 et
1575 3769 1718 3816 auctorem
1740 3766 1769 3815 et
1790 3767 1885 3831 patro·

242 3842 301 3911 cjos
325 3844 499 3917 spiritualem
522 3847 798 3918 praenuntiationem,
815 3849 939 3924 ipseper
955 3865 1039 3921 quem
1081 3868 1148 3906 num
1177 3851 1373 3908 incunctanter
1396 3849 1519 3904 babebis.
1549 3869 1560 3900 s
1588 3849 1773 3908 Persuadenti
1794 3865 1883 3924 puero

243 3931 472 4008 prophetaverat,
498 3937 619 4007 Spiritus
645 3945 759 3996 sanctus
779 3939 950 4012 adimplevit.
969 3940 1040 3995 Cum
1081 3957 1167 4012 eques
1194 3939 1388 4004 libentissime,
1415 3945 1511 4010 utpote
1524 3937 1609 3997 nimis
1630 3937 1815 4008 defatigatus,
1832 3938 1884 4004 ob·

239 4020 314 4078 enim
330 4022 422 4085 astatis
436 4029 464 4080 ct
478 4041 589 4082 morum
605 4027 658 4083 sibi
673 4028 808 4084 divinitus
817 4027 971 4100 aspirasset
979 4045 1042 4098 gra·
1082 4030 1270 4100 teruperavit;
1297 4045 1425 4101 equoque
1439 4045 1523 4101 quam
1542 4027 1678 4082 citissime
1700 4035 1802 4094 stratu,
1819 4043 1883 4082 cum

238 4109 288 4168 tia,
306 4109 335 4164 in
353 4111 480 4168 Tornaco
505 4115 619 4171 ciuitate
639 4117 791 4187 pontitlcali
819 4118 875 4172 Deo
896 4123 1039 4171 annuente
1082 4118 1347 4193 multisgratiarum
1359 4117 1516 4172 actionibus
1531 4117 1611 4172 laetus
1625 4116 1771 4172 abscessit.

238 4197 407 4256 sublimatus
421 4207 464 4256 est
484 4204 627 4260 cathedra.
653 4206 695 4260 lta
721 4205 870 4260 Medardus
891 4205 944 4259 boc
964 4206 1038 4277 quod
1115 4207 1142 4263 5.
1158 4207 1225 4262 Post
1240 4208 1302 4279 ejus
1313 4208 1483 4282 abscessum,
1497 4223 1561 4284 cum
1573 4207 1633 4283 jem
1653 4205 1728 4262 domi
1745 4211 1880 4277 paratum

240 4287 418 4358 predixerat,
433 4292 513 4364 quasi
527 4295 674 4371 propbeta,
686 4295 780 4352 divino
794 4295 895 4370 spiritu
906 4296 965 4366 jam
977 4311 1039 4366 pro
1079 4305 1162 4356 esset.
1177 4313 1226 4368 per
1239 4296 1388 4369 quemdam
1403 4312 1547 4356 servorum
1563 4311 1658 4368 puers
1672 4294 1840 4367 peronatus
1851 4301 1884 4352 ut

241 4374 331 4434 berit.
1052 4381 1201 4458 Cprandio
1216 4385 1366 4440 interesset
1378 4383 1524 4454 imitatur.
1543 4383 1593 4440 llle
1609 4399 1673 4438 vero
1696 4383 1745 4454 qui
1765 4383 1804 4438 ad
1828 4382 1884 4436 boe

275 4464 300 4518 3.
326 4467 393 4522 Erat
418 4469 443 4523 ei
468 4488 553 4543 super
572 4472 719 4543 egentibus
749 4489 817 4528 cura
839 4488 896 4527 ηοη
920 4471 1039 4536 modica,
1082 4473 1185 4528 missus
1201 4481 1253 4536 est,
1269 4473 1379 4528 eminus
1394 4472 1577 4544 prospiciens,
1593 4472 1803 4544 ridetpuernm
1818 4489 1884 4543 pro-

242 4551 313 4608 adeo
328 4561 360 4610 ut
372 4557 463 4614 adhue
477 4561 624 4633 puerulus.
640 4562 800 4618 multasese
815 4563 943 4616 domaret
953 4561 1040 4615 absti-
1082 4567 1144 4633 pter
1154 4562 1286 4633 pluriam,
1302 4579 1364 4634 quae
1379 4568 1445 4616 tuno
1459 4561 1531 4616 forte
1544 4561 1703 4631 ingruebat,
1720 4561 1884 4632 aliquantu·

242 4643 348 4708 nentia,
367 4661 515 4718 expensam
532 4667 611 4704 snam
627 4651 798 4722 pauperibus
813 4651 1040 4711 distribueret,ac
1080 4651 1139 4705 lum
1155 4650 1190 4704 ab
1207 4650 1286 4722 equis
1302 4651 1458 4708 secessisse.
1470 4667 1503 4704 ac
1518 4657 1653 4728 tanquam
1666 4649 1804 4726 latebrarq
1820 4666 1883 4724 ppo

241 4731 409 4788 vestimenta
431 4753 482 4791 sua
509 4737 701 4810 indigentibus
727 4739 859 4796 benevole
878 4739 1037 4810 largiretur.
1081 4747 1144 4812 ptep
1157 4738 1289 4814 imbrium
1305 4739 1661 4816 ellusionemqqaerentem,
1678 4737 1713 4814 pb
1728 4733 1882 4812 altisiode-

243 4817 370 4883 Quadam
380 4822 520 4895 siquidem
535 4827 590 4891 die,
603 4827 826 4901 casulam,quam
844 4829 868 4884 ei
886 4835 975 4882 mater
989 4844 1041 4882 sua
1084 4827 1213 4896 clinasse,
1232 4835 1260 4883 et
1270 4828 1299 4883 in
1313 4829 1403 4882 altum
1420 4829 1514 4883 oculos
1528 4828 1650 4893 elevans,
1666 4826 1743 4880 videt
1756 4825 1883 4897 aquilam

242 4924 298 4963 non
313 4909 414 4966 modici
429 4914 510 4984 pretii
523 4916 636 4983 iecerat,
653 4918 720 4973 dum
734 4919 794 4991 ipse
808 4918 838 4973 in
853 4917 981 4972 manibus
995 4918 1041 4971 ha·
1081 4917 1190 4972 alarum
1205 4917 1383 4988 expansione,
1398 4915 1530 4988 omnique
1545 4916 1581 4970 ad
1605 4915 1658 4970 boc
1680 4913 1805 4970 osana
1819 4931 1883 4969 cor·

241 4995 321 5052 beret
347 4997 467 5055 fortuitu
492 5017 594 5057 coecum
619 5005 768 5076 quemdam
795 5004 894 5060 babuit
917 5003 1038 5070 obvium,
1081 5003 1881 5079 poretamcongruenterpuerumcooperire,utinnullo‚

239 5088 320 5158 cujus
344 5105 428 5160 quam
453 5096 521 5146 tunc
540 5093 701 5162 patiebatur
724 5094 844 5148 nuditati
865 5109 1041 5165 compassus,
1081 5112 1145 5151 cum
1159 5095 1375 5168 circumquaque
1390 5094 1538 5166 pluriailla
1550 5100 1737 5164 grassaretur,
1751 5091 1883 5147 ebibun-

241 5192 304 5232 eam
319 5177 517 5250 benignissime
529 5183 671 5252 porrexit;
687 5191 716 5238 et
729 5183 794 5237 licet
806 5191 955 5255 parentum
972 5191 1041 5237 tem·
1081 5185 1166 5240 dante
1178 5185 1252 5240 aeris
1266 5185 1342 5240 illius
1355 5183 1480 5254 contingi
1494 5188 1589 5255 posset
1603 5180 1802 5239 exundatione.
1820 5181 1881 5236 Hoc

241 5267 382 5338 poralium
397 5269 625 5340 indignationem
641 5280 826 5339 revereretur,
845 5273 919 5345 quod
945 5279 1041 5326 nmen
1081 5274 1130 5329 din
1145 5275 1274 5336 miratus,
1291 5273 1405 5328 tandem
1430 5287 1487 5327 non
1501 5272 1562 5327 sine
1586 5271 1676 5325 multa
1691 5269 1882 5342 trepidatione

241 5355 277 5410 ab
292 5355 332 5410 eis
356 5370 528 5429 susceperat,
545 5361 685 5432 spirituali
696 5361 771 5435 patri
794 5361 851 5416 Deo
871 5367 1040 5434 praesentare
1081 5361 1260 5434 appropians,
1275 5361 1431 5416 burnillime
1446 5374 1562 5431 puerum
1577 5365 1706 5414 sanctum
1721 5359 1835 5424 adlinet
1850 5365 1882 5414 ut

242 5459 300 5500 ηοη
314 5445 459 5502 dubitavit.
1082 5467 1115 5506 ex
1130 5459 1267 5523 precepto
1279 5449 1375 5522 patris,
1393 5457 1509 5520 paterno
1525 5449 1676 5503 interesset
1693 5447 1820 5502 convivio
1835 5447 1878 5502 di·

281 5531 307 5590 i.
323 5535 448 5608 Contigit
462 5555 495 5592 eo
510 5544 637 5611 tempore
658 5541 814 5612 genitorem
835 5557 928 5602 snum,
943 5555 1038 5611 quem,
1082 5540 1267 5610 ligentissime
1290 5538 1426 5594 invitarit.
1443 5539 1518 5592 Puer
1532 5543 1627 5592 antem
1652 5537 1693 5591 ire
1721 5553 1876 5593 recusam:

246 5624 559 5695 praenominavimus,ab
568 5627 668 5685 itinere
679 5631 803 5698 rediisse,
811 5647 1039 5705 equosquesuos,
1084 5631 1225 5694 «Precor,
1247 5629 1350 5700 inquit,
1367 5627 1464 5694 irater,
1488 5632 1630 5682 revertam
1654 5627 1781 5696 domum,
1805 5627 1878 5700 apud
