3896 6170
208 307 278 368 118³
673 309 884 367 namnam
902 308 1082 368 Mansuete
1099 305 1216 365 uulsa.
1237 305 1395 365 CHARTA.
1750 304 1806 364 tllt

207 452 292 508 quam
306 451 358 508 pro
370 433 459 490 totius
472 432 602 490 Ecclesia
615 435 735 491 tuitione
747 437 778 492 in
791 435 896 492 laedam
916 436 1003 500 dedit.
1014 436 1173 498 Aeantium
1182 428 1588 491 exauditorinnumerabilibus
1593 429 1805 502 pollotrirtutibus,
1906 425 1907 472 T

206 541 240 581 eo
254 531 349 580 mmen
359 529 457 580 tenore
466 528 500 578 ut
511 525 607 578 nullus
621 525 763 580 haeredum
779 525 878 596 ipsius.
892 526 946 580 nisi
955 525 1006 580 ad·
1047 527 1083 580 ad
1098 527 1211 581 laudem
1226 531 1255 578 et
1268 523 1389 595 gloriam
1406 521 1528 576 nominis
1542 519 1650 576 Christi.
1664 519 1742 592 Igitur
1752 521 1809 577 banc
1906 565 1907 576 .

206 615 365 670 vocafitiam
380 613 500 668 civitatis
511 613 645 679 tenuerit,
660 615 712 670 hoc
725 615 838 669 feodum
851 615 903 668 sibi
918 614 1007 669 vindi·
1047 621 1173 672 nostram
1199 613 1381 668 traditionem
1397 617 1426 666 et
1445 610 1528 677 dona,
1557 609 1811 680 omnitemporerata
1906 637 1907 656 r

206 708 259 758 cet.
273 703 307 757 Et
318 706 351 757 ut
365 702 394 756 in
410 701 542 757 nundinis
564 703 702 758 memoria
715 704 909 758 translationis
923 703 1006 758 istius
1047 719 1214 777 permanere
1229 707 1258 757 et
1273 701 1445 766 inconvulsa,
1465 698 1630 754 securitate
1647 699 1811 770 omnipotentis

203 791 357 864 jucundius
372 796 457 862 atque
467 790 605 846 celebrius
628 792 886 848 econvenientibus
900 791 1006 847 habea·
1047 792 1107 858 Dei,
1124 791 1199 847 beati
1214 806 1325 862 quoque
1339 788 1472 844 clametis
1483 793 1511 842 et
1526 792 1621 842 nostra
1631 787 1809 856 confirmantem

206 883 263 941 tur,
273 895 362 950 equus
371 879 530 951 quindecim
541 880 696 935 solidorum
704 879 806 952 abipso
814 881 947 936 advocato
955 880 1007 935 ibi·
1047 881 1133 953 sigilli
1148 881 1235 936 etiam
1249 879 1339 934 nostri
1350 877 1571 949 consignatione,
1585 892 1686 930 necnon
1698 881 1723 930 et
1734 892 1811 947 perso·
1906 887 1907 922 ὲ

206 967 270 1024 dem
279 969 588 1040 repraesentatu1·.Quod
603 970 627 1024 si
636 969 825 1036 saecularibus,
840 974 943 1025 utmos
952 975 1005 1037 est,
1049 987 1150 1026 narum
1182 968 1410 1025 authenticarum
1436 965 1639 1037 subscriptione
1668 963 1812 1032 roboramus,

206 1057 236 1112 in
252 1073 389 1129 equorum
404 1058 532 1113 cursibus
548 1075 579 1113 se
601 1058 817 1126 delectantibus,
839 1059 1006 1130 quibusdam
1049 1065 1163 1116 cunctos
1185 1073 1358 1114 successores
1372 1060 1484 1110 nostros
1498 1055 1556 1110 hac
1580 1058 1705 1126 perpetuo
1717 1053 1814 1108 fideliter

206 1147 355 1218 specialius
370 1146 398 1201 in
413 1147 493 1218 equis
503 1147 648 1203 exercitari
657 1148 802 1218 placuerit,
813 1148 920 1214 victori,
929 1153 1021 1202 taxa:
1046 1144 1496 1215 conservaresubdistrictijudicii
1512 1143 1812 1198 examinecontestantes.

207 1241 236 1290 to
251 1237 498 1307 pretiodimidium
517 1237 703 1307 relinquatur,
715 1237 859 1292 residuum
876 1236 1006 1292 Ecclesiae
1047 1239 1076 1294 Si
1091 1253 1147 1310 qua
1162 1242 1257 1291 autem
1271 1233 1459 1290 ecclesiastica
1477 1232 1649 1288 montaneae
1660 1247 1764 1302 persona
1775 1231 1814 1284 ho·

207 1325 377 1396 assignetur.
394 1325 423 1380 Si
433 1342 497 1380 vero
512 1326 829 1381 eademdiehoclestum
845 1327 1005 1393 nonluerit,
1047 1343 1110 1382 rum
1121 1325 1265 1399 quidpiam
1281 1323 1435 1394 infringere
1454 1321 1669 1394 praesumpserit,
1684 1319 1815 1374 asseratis

207 1413 242 1467 ad
255 1430 403 1484 vesperum
413 1431 502 1485 equus
512 1413 634 1468 ecclesia
646 1414 707 1469 sine
716 1413 905 1468 controversia
914 1413 1008 1468 dimit·
1047 1416 1118 1470 simo
1134 1429 1251 1486 corpore
1265 1417 1293 1467 et
1301 1411 1439 1483 sanguine
1454 1409 1566 1465 Domini
1582 1409 1706 1475 alienata,
1719 1407 1744 1462 in
1758 1406 1816 1461 dien
1906 1461 1907 1466 .

206 1507 301 1556 tatur:
317 1503 449 1573 quamsi,
465 1508 498 1558 ut
512 1502 618 1558 dictum
633 1508 684 1569 est,
700 1519 756 1558 non
771 1503 906 1574 posuerit,
920 1501 1007 1557 abbas
1048 1503 1153 1560 Christi
1169 1508 1198 1557 et
1209 1501 1258 1558 Dei
1272 1501 1310 1556 sit
1323 1499 1476 1556 anathema
1496 1498 1550 1553 nisi
1573 1496 1721 1569 resipuerit
1732 1495 1818 1549 llornm
1906 1497 1907 1516 ³

206 1591 261 1647 loci
273 1591 308 1646 ab
321 1607 354 1646 eo
364 1591 489 1663 requiret
504 1608 510 1644 :
527 1590 586 1662 ipse
607 1607 672 1645 vero
685 1591 847 1648 nullatenus
862 1591 1007 1646 contradi·
1048 1593 1174 1648 omnium
1185 1591 1310 1646 lautores
1320 1589 1540 1658 idoneostestes,
1546 1587 1658 1648 visores.
1668 1591 1694 1640 et
1700 1584 1817 1638 auditores

206 1695 269 1738 cere
284 1679 378 1734 habet.
394 1679 429 1734 Et
443 1679 575 1752 quoniam
589 1681 640 1734 has
650 1679 792 1736 nundinas
801 1681 937 1736 bannales
945 1697 1006 1736 esse
1048 1682 1146 1737 subter
1164 1679 1340 1735 adnotandos
1358 1677 1475 1748 dignum
1499 1676 1638 1744 duximus,
1653 1689 1760 1748 quorum
1772 1673 1819 1726 bac

206 1784 362 1830 censemus.
382 1768 501 1824 sollicite
527 1769 617 1824 isdem
636 1770 786 1824 advocatus
796 1787 886 1842 perse
899 1786 949 1826 seu
958 1787 1038 1858 perB
1048 1776 1114 1827 sunt
1126 1769 1257 1825 nomina:

205 1857 327 1912 civitatis
337 1859 476 1914 castaldos
495 1858 640 1930 provideat
651 1875 686 1914 ne
703 1859 771 1930 quid
794 1859 914 1931 tempori
935 1875 1006 1930 prae-
1085 1862 1202 1930 Hagano
1217 1857 1304 1913 abbas
1314 1857 1378 1912 loci.

205 1945 350 2004 nominato
365 1947 540 2012 detrahatur,
557 1963 592 2002 ne
604 1946 651 2018 qui
674 1952 864 2002 mercatorum
887 1947 1008 2002 maxime
1083 1948 1225 2004 Henricus
1245 1946 1332 2001 abbas
1351 1945 1520 2002 Gorziensis.

206 2035 426 2090 Bacchariorum
434 2052 465 2090 se
473 2035 651 2103 subtrahant,
659 2052 778 2106 quorum
789 2036 1009 2108 omniumsuper
1083 2039 1177 2094 Lanzo
1188 2034 1276 2090 abbas
1286 2035 1381 2089 Sancti
1390 2034 1532 2089 vincentii

207 2123 259 2180 hoc
271 2123 331 2178 loro
345 2124 411 2178 facti
419 2125 556 2194 justitias,
568 2125 642 2179 feodi
651 2125 812 2180 suinoverit
826 2141 887 2179 esse
896 2126 1007 2197 supple·
1082 2123 1234 2181 Durandus
1248 2122 1334 2176 abbas
1348 2121 1443 2178 Sancti
1459 2120 1667 2194 symphoriani.

206 2213 1006 2285 mentum,attamenquidquidinjuriaruminlrabannum
1082 2210 1457 2268 Adalberoarchidiaconus.

206 2301 403 2373 predictarum
420 2302 608 2356 Ecclesiamm
620 2302 749 2357 Ecclesiae
763 2302 805 2356 illi
820 2318 894 2356 ame
918 2302 1007 2356 dona·
1083 2300 1253 2356 Ruocelinus
1267 2298 1488 2354 archidiaconus.

206 2394 278 2458 tum,
293 2395 398 2446 ettunc
411 2395 440 2446 et
453 2407 566 2463 semper
578 2390 720 2452 acciderit.
736 2391 772 2446 ad
784 2390 873 2446 solius
897 2389 1008 2444 abbatis
1084 2389 1241 2445 Gervoldus
1256 2387 1479 2442 archidiaconus.

205 2479 260 2534 loci
270 2485 299 2535 et
308 2496 424 2534 suorum
437 2479 598 2535 officialium
611 2480 750 2549 justitiam
766 2477 927 2551 pertinebit.
945 2479 1005 2534 liac
1080 2477 1231 2534 Matlridus
1244 2476 1469 2532 archidiaconus.

205 2568 308 2624 celebri
322 2567 472 2624 traditione
483 2569 549 2623 data
563 2575 592 2623 et
603 2573 733 2640 suscepta
747 2573 776 2623 et
789 2568 932 2624 communi
945 2583 1005 2623 om·
1080 2566 1229 2624 Canonici:
1241 2567 1440 2633 Ermcrannus3
1456 2564 1603 2625 Arnullus.
1618 2561 1823 2624 Lietardus,Ber·

205 2656 1005 2724 niumconsultnsscramentofirmata,d1eeadem‚idest
1045 2656 1132 2711 tullus
1155 2661 1263 2724 cantor,
1291 2655 1439 2710 Folmarus
1463 2659 1570 2724 centor,
1596 2651 1822 2712 item-rotmarus,

206 2746 305 2819 quinta
318 2747 413 2802 Nonas
423 2747 498 2815 Maii,
506 2748 541 2802 ad
551 2748 644 2804 locum
659 2746 793 2802 Basilicas
803 2746 1003 2812 dictum,unde
1045 2747 1178 2811 loannes,
1190 2745 1350 2808 Anselmus‚
1368 2748 1422 2798 etc.

205 2835 295 2906 pridie
308 2833 402 2890 fuerat
412 2840 600 2906 assumptum,
616 2848 699 2906 quem
714 2832 804 2889 isdem
831 2839 946 2889 sanctus
973 2833 1003 2890 in
1079 2835 1209 2890 Monachl
1219 2832 1345 2904 eiusdem
1356 2832 1425 2887 loci:
1439 2830 1679 2902 Richeriusprior,
1689 2827 1771 2894 Odilo,
1781 2831 1823 2880 eu.

204 2923 263 2980 vita
277 2940 329 2980 sua
342 2940 399 2979 suae
409 2925 517 2996 requici
530 2925 684 2996 delegerat,
700 2924 823 2978 maxima
834 2924 1003 2995 populorum
1079 2924 1201 2979 Nomina
1223 2923 1361 2978 laicorum
1377 2919 1588 2976 :Theodericus
1612 2920 1677 2985 dux,
1700 2918 1825 2973 Folmarns

205 3013 357 3068 comitante
367 3017 478 3069 caterva
487 3029 587 3084 corpus
600 3011 807 3068 sanctissimum
817 3017 861 3066 est
870 3012 1001 3080 relatum,
1044 3029 1146 3080 comm,
1163 3011 1342 3068 Burchardus
1352 3010 1450 3082 J‘udex,
1460 3009 1619 3081 Wypaldus
1642 3007 1769 3074 Scabiuio,
1781 3003 1826 3060 Ge·

205 3100 254 3157 ubi
269 3102 422 3158 honorilice
432 3102 551 3157 collatus
564 3102 629 3174 pius
643 3107 672 3156 et
681 3102 815 3168 clemens,
831 3117 861 3154 se
875 3093 1035 3172 piciano-C
1045 3101 1156 3169 cardus,
1171 3106 1225 3156 etc.

678 3425 948 3536 culam
990 3426 1375 3539 anulinum

205 3635 277 3716 One
290 3635 423 3702 Waloni
434 3635 546 3700 abbati
562 3632 595 3699 S.
619 3632 752 3700 Arnulll
763 3634 924 3704 Maiensis
942 3638 1000 3718 jus
1024 3637 1181 3702 annualis
1199 3643 1380 3716 marcatus,
1410 3661 1427 3698 «
1452 3636 1682 3723 quorumdem
1700 3633 1827 3699 lectione

753 3724 844 3788 male
859 3724 1045 3803 sublatum,
1065 3749 1082 3786 »
1100 3729 1291 3792 confirmat.
1784 3737 1786 3742 ’

645 3901 808 3972 (Hanunea,
825 3903 945 3957 Histoire
958 3902 1003 3957 des
1015 3905 1125 3970 torques
1139 3904 1171 3958 de
1185 3905 1264 3972 Meta,
1283 3921 1310 3978 p.
1323 3901 1399 3974 369.)

239 4192 274 4249 In
286 4193 399 4250 nomine
410 4195 513 4266 Patris,
529 4200 558 4252 et
570 4195 644 4265 Filii,
657 4202 687 4252 et
699 4197 819 4268 Spiritus
833 4198 932 4264 sancti,
945 4195 1003 4252 Hc·
1042 4195 1141 4262 tilrcio,
1158 4211 1222 4250 cum
1246 4200 1349 4252 nostm
1376 4195 1480 4252 mantis
1507 4195 1638 4252 interiori
1664 4193 1827 4252 discussione,

204 4296 353 4352 alrannus,
364 4285 455 4356 gratia
470 4285 521 4340 Dei
535 4291 637 4342 sancta
652 4287 785 4342 lletensis
796 4287 896 4358 praesnl
907 4287 1002 4341 Eccle-
1042 4291 1104 4341 tum
1118 4284 1314 4353 religiosorum
1325 4285 1372 4357 pia
1385 4285 1579 4352 collocutione,
1596 4285 1731 4358 coepimus
1740 4278 1830 4336 sollici·

204 4372 261 4439 sia,
277 4375 385 4429 cunctis
397 4379 456 4430 tam
467 4375 651 4446 praesentibus
659 4391 743 4447 quam
752 4375 1000 4442 laturissrdelibus,
1042 4375 1100 4430 tius
1112 4374 1254 4430 reminisci
1269 4373 1367 4430 salutis
1381 4380 1484 4429 nostras
1495 4375 1607 4430 animae.
1618 4376 1742 4445 Cumque
1751 4369 1832 4425 adhoc

204 4462 411 4518 misericordias
425 4464 537 4520 Domini
553 4464 582 4518 in
597 4469 733 4520 aternum
748 4469 872 4520 cantare.
1042 4463 1115 4518 bene
1132 4463 1278 4535 protutura
1302 4463 1468 4518 occurrisset
1494 4463 1606 4518 Domini
1630 4460 1765 4518 mutantia
1785 4470 1832 4527 qus

240 4551 311 4615 Quia
325 4551 469 4608 beatitudo
488 4559 648 4608 sanctorum
662 4559 781 4618 mactat,
797 4559 826 4608 et
840 4554 875 4608 de
887 4568 1004 4608 munere
1044 4553 1164 4608 dicitur:
1180 4553 1247 4607 Data
1260 4556 1488 4621 eleemosynaliter
1500 4557 1597 4607 omnia
1612 4553 1831 4606 manducantes·

203 4639 312 4708 gratiae,
329 4643 356 4693 et
371 4640 406 4694 de
417 4640 602 4696 retributione
626 4642 753 4711 justitiae,
769 4642 946 4696 innitendum
961 4645 1004 4695 est
1046 4644 1094 4705 bet,
1109 4640 1478 4713 supervenitnobiscunctis
1488 4641 1671 4696 charissimus
1683 4634 1833 4694 etomnibus

205 4725 357 4799 unicuique
365 4727 491 4782 fidelium
508 4729 668 4785 omnimoda
682 4729 869 4786 sollicitudine
883 4730 1005 4802 qualiter
1045 4729 1228 4785 charissimus
1242 4729 1434 4801 preferendus
1451 4729 1618 4784 venerabilis
1637 4727 1748 4784 nomine
1763 4722 1834 4779 Walo

204 4815 234 4869 in
248 4831 297 4886 spe
310 4822 395 4888 atque
413 4817 522 4872 actione
536 4819 684 4889 utriusque
697 4819 857 4890 pertingere
866 4819 954 4890 possit
970 4820 1006 4875 ad
1046 4819 1132 4874 abbas
1144 4818 1263 4874 coenobii
1279 4819 1374 4873 &neti
1389 4819 1499 4874 Arnultl
1515 4819 1658 4890 quondam
1674 4809 1833 4872 memorandi

203 4904 309 4976 gaudia
316 4906 448 4977 perennis
458 4906 530 4962 vitm.
542 4907 716 4979 thuoniam
726 4907 906 4978 diligentibus
916 4908 1006 4962 Deum
1046 4915 1131 4980 atque
1156 4924 1269 4979 semper
1293 4907 1446 4962 venerandi
1470 4908 1744 4963 Mediomatricorum
1766 4899 1834 4956 urhis

203 4995 298 5050 omnia
310 5001 497 5067 cooperantur
507 4997 536 5051 in
549 4996 652 5052 bonum
663 4997 766 5052 idcirco
777 4997 867 5052 modis
875 4997 1005 5052 omnibus
1046 4996 1228 5070 episcopiam
1236 5002 1264 5052 et
1276 4996 1514 5068 aliquidhnmana
1522 4996 1671 5052 nobilitate
1685 4995 1831 5064 loquamur,

203 5089 247 5139 est
265 5083 336 5139 bene
360 5085 500 5156 agendum
524 5086 678 5141 secundum
693 5086 768 5157 quod
782 5085 918 5158 scripturn
944 5091 1002 5140 est:
1047 5086 1163 5142 Carolus
1175 5102 1295 5156 magnus
1307 5085 1504 5156 imperatorne
1514 5085 1648 5157 patricius
1658 5085 1834 5139 Romanorum

204 5175 388 5243 Quodcunque
404 5179 490 5243 potest
505 5190 606 5228 suanus
621 5181 670 5230 tua
679 5178 778 5243 furora,
795 5180 934 5230 instanter
948 5191 1006 5245 ope·
1045 5175 1075 5230 in
1084 5174 1276 5246 generationis
1296 5174 1372 5229 linea
1389 5175 1578 5246 quadrinepos
1600 5173 1716 5229 exstitit.
1732 5172 1766 5226 Ut
1779 5182 1834 5222 rem

203 5263 1005 5335 raruNosergohaecatquehissimiliainsanctornmPa·
1045 5265 1086 5328 lit,
1115 5279 1177 5318 cum
1202 5263 1277 5318 inter
1299 5279 1351 5318 nos
1375 5270 1460 5334 atquc
1482 5263 1646 5335 praedictam
1670 5255 1834 5315 abbatemde

202 5356 278 5406 uum
285 5352 433 5408 sententiis
443 5353 596 5424 prudenter
606 5353 813 5424 salubriterque
822 5353 895 5408 dicta
905 5369 1006 5425 appro-
1046 5353 1143 5408 multis
1156 5368 1249 5408 sermo
1264 5357 1339 5406 esset
1352 5356 1439 5417 ortus,
1463 5357 1633 5423 coinquestus
1655 5355 1698 5405 est
1718 5347 1787 5420 quod
1803 5342 1833 5397 ab

205 5439 312 5507 bantes,
320 5442 464 5514 totiusque
477 5441 602 5496 veritatis
613 5442 747 5498 firmitate
760 5442 880 5498 subnixa
895 5443 1005 5497 ratione
1013 5414 1037 5472 D
1045 5441 1182 5512 improbis
1198 5439 1360 5496 hominibus
1372 5440 1610 5512 multapateretur
1618 5437 1763 5510 dispendia
1773 5449 1833 5504 pre

203 5527 380 5598 apertissima
396 5531 613 5602 perpendentes,
629 5537 778 5603 postquam
806 5537 921 5586 auctore
946 5532 1004 5586 Deo
1046 5530 1137 5586 dictus
1150 5531 1237 5592 locus,
1249 5529 1355 5584 addens
1366 5529 1468 5586 annale
1490 5533 1644 5584 mercatum
1658 5523 1833 5599 quorumdam

203 5617 324 5687 promoti
333 5634 432 5674 sumus
445 5619 475 5674 in
485 5621 570 5691 hujus
583 5625 687 5678 sancte
700 5619 832 5678 Metensis
845 5620 920 5676 sedis
933 5635 1005 5692 pon·
1047 5620 1180 5686 factione,
1196 5619 1245 5691 qui
1267 5635 1352 5676 suum
1362 5645 1365 5652 ·
1375 5618 1484 5674 lucrum
1506 5619 1653 5691 deputant,
1669 5615 1694 5670 si
1712 5613 1771 5670 aliis
1784 5610 1833 5664 dis·
