3882 6172
59 345 106 400 ott
666 345 878 403 CHRONICON
899 345 1092 402 BEOGENSE.
1646 351 1700 410 682

60 473 197 540 sissimus,
209 479 239 529 et
251 473 385 528 honestos
395 472 478 540 viros,
502 479 531 528 et
546 473 616 528 alios
633 475 859 541 vulneraverunt,
868 473 985 536 Anibus
998 487 1147 546 oppressus
1157 475 1184 526 ct
1198 471 1478 544 angustiismigravit
1491 473 1586 531 abhoc
1598 481 1699 534 saeculo

62 562 214 636 polluendo
228 571 355 618 sanctam
371 569 491 618 matrem
502 563 659 619 ecclesiam.
903 563 977 636 apud
989 561 1196 633 Rothomagum
1210 561 1239 615 in
1253 559 1335 616 domo
1346 579 1396 635 per
1405 579 1468 618 eum
1476 564 1699 636 acquisita,auno

95 654 219 724 Insuper
229 652 421 724 spoliaverunt
438 651 504 707 dicti
520 653 629 725 Anglici
649 655 861 722 monesterium,
904 651 1016 708 Domini
1031 649 1180 707 millesimo
1202 643 1478 724 quadringentesimo
1499 653 1655 725 trigesimo,
1673 663 1702 712 et

63 749 89 798 et
102 759 206 797 omues
226 740 362 808 officinas,
380 740 566 812 depraedando
587 741 722 815 quidquid
739 742 864 798 invenire
905 741 979 814 apud
994 741 1113 796 Beccum
1125 757 1225 814 corpus
1236 741 1305 811 ejus,
1321 747 1354 796 ut
1367 741 1469 807 decuit,
1482 742 1606 799 delatum
1619 750 1702 810 estet

65 837 237 904 potueruut;
254 831 350 885 omnia
368 836 536 887 ornamenta
556 830 688 900 ecclesiae,
707 831 816 900 calices,
837 838 865 888 et
906 830 1047 902 sepultum
1059 829 1131 884 inira
1143 830 1260 884 chorum
1273 830 1352 902 juxta
1364 834 1505 888 tumulum
1515 833 1623 890 domini
1634 835 1703 890 Wil-

66 937 177 993 capsam
188 919 237 976 ubi
250 919 428 975 reconditum
449 925 512 976 erat
535 926 743 977 sacrosanctum
766 937 866 994 corpus
907 919 987 976 lermi
1023 919 1233 992 predecessoris
1257 925 1285 975 et
1302 921 1431 976 avuncuti
1453 921 1516 993 sui,
1539 923 1567 980 in
1589 924 1704 981 sinistra

67 1009 176 1066 Domini
187 1025 276 1080 super
285 1009 383 1076 altare,
400 1010 556 1082 corporalia
570 1011 655 1065 etiam
668 1009 823 1082 spoliando,
839 1017 868 1066 et
907 1015 997 1082 parte.
1014 1009 1100 1081 Cujus
1114 1009 1215 1064 animm
1229 1009 1397 1081 propitietur
1406 1009 1490 1067 Deus.
1505 1014 1604 1070 Arnen.

68 1098 515 1154 deuadaudotumulumdomiuoe
525 1099 866 1172 blathildisimperatricis,
1221 1113 1393 1156 serrarurmr.

69 1189 168 1260 quiest
197 1188 228 1244 in
248 1187 341 1244 medio
364 1189 450 1256 chori,
475 1189 544 1244 nihil
573 1189 608 1244 de
629 1189 759 1260 pretiosis
784 1189 870 1245 reliu·
946 1187 997 1242 Hic
1007 1189 1078 1257 jacet
1094 1189 1126 1242 in
1141 1187 1229 1242 loculo
1240 1190 1405 1244 oerrcrobilis
1417 1195 1498 1260 atque
1512 1193 1630 1248 disertus

72 1279 196 1350 queudo.
946 1274 1184 1342 autecessorum
1199 1277 1246 1330 cui
1261 1279 1342 1331 uallis
1356 1280 1447 1348 sicque
1461 1279 1598 1336 liebertus.

103 1370 137 1424 m
151 1382 254 1424 eorum
269 1367 379 1422 malitia
393 1373 534 1424 crescente
548 1368 707 1439 ligaverunt
729 1374 758 1424 et
776 1373 872 1425 tenuc-
949 1369 1009 1430 Μ
1024 1367 1050 1419 li
1065 1365 1251 1434 devallium?
1256 1382 1286 1419 ¹¹³
1299 1367 1316 1435 Ι
1316 1369 1357 1420 llil
1374 1368 1475 1436 d⁰⁶²⁰1⁰2
1492 1372 1539 1424 via
1551 1387 1672 1428 mittum·

75 1463 134 1512 runt
148 1455 300 1512 dominum
311 1456 441 1512 abbatem
457 1457 611 1514 liebertum
628 1464 764 1531 tanquam
782 1457 873 1531 priso—
949 1455 1111 1508 ausiliante
1122 1454 1173 1508 Deo
1186 1453 1290 1523 [ratres
1306 1459 1476 1512 concorditer
1489 1462 1575 1516 illum

74 1547 193 1612 uarium,
207 1561 292 1602 enses
310 1562 395 1618 super
409 1563 473 1602 euro
488 1545 653 1614 levantes,et
662 1564 727 1603 eum
735 1546 873 1603 decollare
951 1541 1084 1608 Elisium,
1097 1545 1127 1595 in
1141 1559 1169 1596 ⁶⁰
1183 1547 1312 1612 ponentes
1327 1548 1425 1600 mentis
1436 1550 1551 1603 milueu.

75 1643 100 1690 et
109 1635 238 1690 occidere
251 1635 394 1700 volentes3
409 1639 438 1690 et
452 1651 515 1690 euru
534 1636 573 1690 sic
587 1636 720 1700 vinctum,
741 1651 798 1690 una
810 1651 872 1689 curu
953 1631 1025 1684 Unde
1037 1629 1093 1698 luit
1110 1635 1200 1690 natus,
1217 1633 1294 1686 Becco
1307 1638 1384 1687 stum
1398 1635 1443 1689 bic
1457 1637 1632 1693 tribueretur.

76 1724 255 1796 guernetario
270 1724 338 1779 dicti
354 1723 417 1791 loci,
428 1723 568 1780 duxerunt
578 1725 795 1796 Rothomugum,
805 1740 873 1779 cuu-
951 1723 1031 1775 Aurio
1046 1722 1277 1775 rreillcnoccntum
1291 1727 1480 1794 quateretque
1494 1728 1610 1794 triqeno.

76 1816 123 1868 mis
144 1813 283 1869 iratribus
304 1813 425 1886 expulsis
447 1813 574 1868 dedicio
602 1814 781 1878 monasterio,
809 1814 908 1892 solisB
953 1809 984 1862 la
995 1809 1064 1862 Maii
1072 1825 1161 1862 iriense
1177 1815 1288 1880 quarto,
1303 1815 1398 1866 inertis
1410 1815 1469 1866 ruit
1483 1830 1555 1869 cresc.

79 1904 288 1960 remanentibus
299 1904 391 1976 priore
404 1921 468 1959 cum
483 1905 548 1969 alio,
569 1905 617 1976 qui
632 1910 693 1960 erat
704 1904 876 1976 justitiarius
954 1900 1070 1966 Quisque
1084 1903 1158 1965 roqet
1173 1897 1314 1953 Christum
1324 1902 1396 1971 quod
1408 1903 1470 1957 culo
1486 1907 1592 1960 collocet
1606 1908 1712 1962 istum:

79 1993 140 2048 dicti
156 1993 334 2050 monasterii.
350 1994 421 2064 lpsis
435 1993 476 2048 sic
487 1994 736 2065 expulsis,quidam
747 1993 878 2048 abierunt
953 1991 991 2043 Aa
1005 1989 1044 2042 ibi
1061 1988 1183 2041 solatura
1198 1993 1358 2043 cunctorum
1377 1994 1488 2046 sentiat.
1501 1995 1598 2048 Amen.

81 2083 149 2154 apud
162 2083 303 2139 Sanctum
313 2082 507 2148 philibertum,
529 2083 577 2138 alii
587 2083 662 2155 apud
686 2083 878 2139 bellummon·
954 2077 1022 2131 Post
1035 2075 1143 2130 obitum
1157 2081 1250 2132 autem
1264 2077 1462 2134 litteratissimi
1475 2080 1525 2136 siri
1539 2081 1645 2138 domini
1659 2083 1716 2139 Ro·

81 2179 143 2240 tem,
159 2187 254 2244 usque
269 2172 305 2227 ed
319 2172 420 2227 festum
436 2171 571 2228 Omnium
583 2173 792 2239 Sanctorum,in
803 2171 880 2226 dam·
919 2165 993 2221 berti
1007 2163 1301 2231 abbatis-venerabilis
1315 2183 1347 2221 ac
1359 2167 1497 2224 discretus
1506 2171 1558 2239 vir,
1571 2177 1599 2226 et
1610 2188 1718 2244 magm

83 2278 143 2316 uum
157 2261 386 2318 inexistimabile
397 2261 485 2333 ipsius
499 2261 629 2317 ecclesiae.
922 2253 1065 2326 religionis
1080 2254 1216 2310 Dominus
1230 2255 1391 2312 Thomasde
1401 2258 1489 2327 Becco
1498 2260 1590 2316 dictus
1604 2262 1717 2335 Frique,

114 2352 214 2406 Comes
228 2355 326 2405 autem
343 2350 535 2406 sabbariensis
550 2352 613 2422 [ul.,
635 2349 879 2423 SaresberiensisJ,
922 2350 989 2399 tunc
1005 2341 1082 2415 prior·
1102 2343 1260 2398 claustralis
1281 2344 1348 2399 dicti
1368 2349 1533 2404 monasterii
1563 2350 1719 2419 Becceusis,

84 2439 126 2512 qui
138 2439 246 2496 ibidem
261 2439 424 2504 advenerat,
440 2445 569 2494 etsecum
581 2440 743 2511 praedictum
752 2438 881 2494 abbatem
923 2433 1042 2489 fratrum
1054 2432 1181 2487 unanimi
1198 2450 1345 2499 consensu,
1362 2436 1407 2490 via
1420 2437 1542 2508 Spiritus
1553 2441 1654 2506 sancti,
1669 2441 1723 2498 luit

84 2527 152 2597 apud
162 2527 374 2598 Rothomagum
385 2528 548 2592 adduxerat,
563 2527 766 2599 posuiteumiu
777 2531 883 2582 arctam
924 2521 959 2578 ab
974 2520 1104 2577 omnibus
1118 2521 1222 2577 electus
1237 2523 1266 2578 in
1277 2530 1418 2596 pastorem
1437 2525 1525 2598 ipsius
1546 2531 1721 2600 monasterii,

86 2617 249 2683 custodiam,
268 2631 417 2689 usquequo
436 2617 600 2672 tradidisset
620 2617 809 2689 fidejussores,
833 2633 883 2688 pro
924 2611 996 2665 feria
1010 2610 1109 2681 quinta
1124 2610 1196 2666 infra
1211 2617 1321 2668 octavas
1340 2614 1518 2672 Pentecostes
1541 2623 1569 2672 et
1588 2619 1634 2674 die
1648 2636 1723 2676 noua

87 2721 134 2760 sua
148 2705 298 2772 fidelitate,
314 2705 387 2776 quod
403 2721 548 2777 nunquam
563 2707 623 2779 ipsc
639 2723 690 2760 nec
700 2707 744 2762 sui
755 2705 884 2761 monachi
925 2699 1030 2755 mensis
1046 2699 1133 2754 lunii.
1145 2700 1213 2764 Quae
1228 2700 1337 2768 electio,
1351 2703 1509 2774 vigentibus
1529 2708 1650 2778 guerris,
1671 2708 1725 2764 tuit

89 2795 203 2850 tumeant
220 2795 320 2867 quovis
335 2795 418 2849 modo
429 2795 581 2866 culpabiles
590 2795 625 2850 de
634 2795 785 2851 traditione
797 2795 886 2866 ipsius
926 2792 1066 2846 celebrata
1076 2784 1150 2863 apud
1163 2791 1371 2864 Rotbomaguru
1385 2795 1415 2850 in
1425 2796 1508 2851 domo
1522 2803 1619 2852 nostra
1637 2799 1673 2853 de
1697 2798 1725 2853 la

90 2883 245 2939 fortericiae.
261 2884 343 2949 Quod
357 2883 396 2938 ita
410 2883 559 2956 probatum
575 2889 626 2950 est,
650 2885 716 2956 quia
736 2885 886 2940 traditores
927 2879 1073 2946 Fonteiae,
1085 2879 1280 2951 acquisitaper
1290 2898 1373 2936 suum
1386 2884 1619 2954 predecessorem
1634 2886 1726 2942 domi-

92 2971 129 3025 illi
142 2973 220 3044 capti
237 2977 304 3027 suut
313 2976 343 3026 et
356 2971 447 3042 capite
463 2975 584 3027 truncati
595 2973 668 3044 apud
679 2974 887 3044 Rothornegum
929 2985 997 3023 num
1011 2967 1174 3034 Robertum
1187 2985 1251 3024 curn
1264 2971 1358 3025 nullus
1371 2973 1488 3028 auderet
1499 2989 1584 3046 super
1604 2976 1727 3048 patriam

93 3060 136 3130 qui
149 3060 267 3115 omnino
277 3067 517 3132 exoccupaverunt
541 3061 703 3134 predictum
719 3061 890 3125 abbatemet
931 3056 1062 3124 residere,
1077 3057 1130 3111 nisi
1146 3057 1189 3112 vel
1199 3057 1228 3112 iu
1241 3065 1343 3126 castro,
1360 3062 1402 3116 vel
1418 3061 1446 3117 in
1467 3062 1617 3132 fortericia,
1641 3072 1670 3120 et
1692 3065 1727 3122 de

96 3153 255 3216 monachos,
272 3157 301 3206 et
315 3151 457 3206 omuesde
480 3151 601 3218 familia3
622 3157 649 3206 et
667 3167 765 3206 eorum
787 3145 1066 3210 confes-Cicatribus
1090 3146 1139 3218 qui
1156 3147 1343 3218 personaliter
1364 3166 1421 3206 nou
1444 3153 1564 3209 aderaut
1587 3154 1727 3224 electioni,

96 3239 301 3308 aoneauuicap
312 3245 370 3296 tam
392 3240 478 3296 abbas
497 3241 646 3312 pradictus
670 3257 752 3312 quam
773 3257 892 3310 guerne-
932 3236 1156 3308 procurationem
1171 3239 1376 3310 supernegotio
1391 3240 1530 3298 iaciebant
1542 3262 1548 3311 ς
1561 3246 1730 3301 eteoclccto

98 3330 191 3396 mnus,
206 3330 260 3384 illa
279 3329 462 3400 occupatione
478 3331 595 3396 detenu,
617 3330 674 3385 fere
700 3347 750 3402 per
769 3329 892 3401 quinque
933 3324 986 3379 luit
997 3324 1160 3379 benedictus
1174 3324 1203 3380 iu
1216 3325 1333 3380 ecclesia
1346 3327 1575 3402 liothomagensi.
1585 3337 1615 3388 et
1628 3332 1731 3389 inciui-

100 3435 204 3474 meusea
225 3418 340 3474 liberati
362 3423 437 3486 sunt,
459 3427 488 3475 et
509 3419 638 3492 sequenti
656 3421 727 3474 festo
760 3418 892 3476 Omnium
933 3418 992 3468 tate
1006 3413 1235 3484 Rothomageusi,
1245 3416 1356 3486 guerris
1371 3417 1412 3473 sic
1425 3419 1453 3473 iu
1467 3419 1560 3492 patria
1575 3421 1732 3494 vigentibus

100 3505 276 3574 Sanctorum,
297 3508 449 3563 Ecclesiam
463 3508 563 3580 ipsam,
584 3525 646 3580 quse
664 3509 771 3580 polluta
791 3509 892 3576 luerat,
934 3502 1047 3563 resedit,
1060 3503 1126 3573 quia
1140 3503 1201 3558 siue
1216 3520 1318 3575 magno
1333 3507 1457 3577 periculo
1467 3510 1605 3580 potuisset
1613 3511 1733 3568 ineccle-

100 3596 277 3652 reconciliata
291 3596 361 3664 ruit,
375 3597 515 3654 eteoclem
530 3597 576 3652 die
589 3614 687 3652 omnes
703 3597 895 3664 monacbi,sic
935 3591 977 3646 sia
998 3591 1075 3645 Becci
1096 3592 1229 3647 residere·
1249 3594 1284 3648 El
1307 3610 1340 3649 eo
1363 3596 1403 3650 sic
1428 3599 1502 3670 apud
1524 3600 1733 3673 Rotnomagum

100 3685 214 3757 dispersi
228 3702 281 3757 pe,-
294 3685 434 3756 priomtus
448 3687 593 3742 occasione
606 3703 784 3760 guerrarum,
806 3687 895 3742 inera-
935 3679 1050 3733 absente
1059 3679 1165 3751 pluries
1179 3681 1234 3735 luit
1246 3681 1321 3737 dicta
1334 3685 1450 3742 ecclesia
1465 3687 1543 3742 Recci
1556 3689 1729 3762 depraedata.

102 3781 194 3830 rerunt
204 3775 354 3830 ecclesiam
369 3776 536 3832 Becccusem
550 3793 613 3832 curu
623 3776 726 3847 gaudio
745 3791 858 3848 magno.
936 3769 1006 3824 Etsi
1023 3769 1237 3840 quisvideretur
1249 3773 1323 3828 unde
1338 3777 1517 3832 commodum
1530 3781 1668 3851 potuisset
1681 3782 1732 3836 ha·

133 3863 167 3918 Et
181 3864 262 3921 dedit
276 3881 335 3930 rex,
352 3870 461 3920 attento
474 3866 547 3937 quod
562 3873 621 3920 tam
635 3863 721 3919 abbas
735 3881 819 3936 quam
835 3865 895 3918 Mo·
938 3858 1006 3926 bcri,
1027 3859 1083 3912 sire
1098 3858 1194 3926 abbas,
1207 3861 1264 3916 sive
1276 3863 1363 3934 prior,
1377 3866 1434 3920 sive
1448 3867 1575 3937 clericus,
1591 3870 1649 3925 sive
1668 3887 1733 3928 ruu-

103 3953 179 4009 nacffi
193 3960 277 4010 mne
294 3954 434 4009 immunes
444 3973 461 4008 a
476 3953 893 4026 tffldit10n0‚1itt0mspatentes,
936 3947 1051 4013 lier,aut
1060 3965 1234 4021 quecunque
1243 3955 1581 4026 persona,capiebatur,et
1590 3960 1734 4032 suppliciis

103 4047 132 4097 ut
151 4045 309 4118 temporale
323 4043 469 4100 detentum
488 4044 695 4111 restitueretur,
726 4049 755 4098 et
784 4041 898 4098 mobilia
938 4036 1089 4091 vexabatur·
1100 4054 1189 4109 usque
1201 4039 1237 4094 ad
1249 4040 1418 4096 solutionem
1440 4045 1641 4116 redemptionis
1659 4061 1729 4108 suae.

104 4135 288 4206 undequaque
312 4141 426 4206 possent
452 4134 587 4206 reperiri:
611 4133 646 4188 de
671 4133 773 4206 quibus
797 4132 896 4198 bouis,
940 4126 974 4180 Et
988 4125 1114 4197 pluribus
1124 4127 1281 4182 incursibus
1296 4129 1420 4186 hostium
1434 4132 1487 4186 luit
1501 4133 1619 4190 ecclesia
1628 4138 1735 4192 cunctis

104 4223 219 4279 mamma
235 4225 264 4280 in
279 4223 360 4279 libris
370 4231 398 4278 et
419 4223 603 4290 omameutis,
623 4240 674 4294 pro
697 4221 796 4293 majori
817 4227 898 4292 parts
939 4213 1019 4269 bouis
1034 4215 1161 4286 spoliata,
1178 4221 1206 4270 et
1220 4223 1371 4289 proventus
1385 4220 1507 4276 ecclesiae
1521 4223 1601 4293 quasi
1614 4225 1648 4279 ad
1659 4225 1735 4280 nihi-

18 4349 20 4375 ,
107 4319 264 4384 recuperata
293 4319 379 4381 sunt;
403 4318 432 4367 et
461 4312 601 4367 ordinarit
620 4311 768 4382 praedictus
790 4327 848 4376 rex,
871 4316 900 4366 qt
938 4304 998 4358 lum
1012 4303 1311 4370 reducti,cumuullus
1327 4315 1464 4374 maneret,
1484 4319 1534 4364 aut
1552 4313 1690 4368 resideret
1706 4315 1736 4370 iu

19 4389 20 4420 ³
109 4417 229 4472 expresse
243 4401 466 4476 praecepitquod
480 4401 541 4474 ipsa
553 4401 697 4456 fortericia
706 4400 898 4466 demoliretur,
940 4393 1115 4465 possessione
1130 4410 1190 4461 sua,
1204 4411 1255 4450 nec
1269 4401 1360 4452 terras
1371 4414 1437 4454 suas
1451 4400 1564 4471 coleret,
1580 4403 1635 4458 nisi
1659 4403 1736 4475 prius

108 4497 134 4544 et
146 4491 339 4549 destrueretur
353 4491 482 4564 expensis
500 4490 636 4558 ecclesiam
649 4491 723 4561 quod
737 4491 778 4544 itu
795 4473 932 4544 factumi)
941 4481 1037 4536 habita
1051 4483 1250 4554 compositifflte
1264 4501 1328 4540 cum
1343 4486 1479 4544 hostibus.

107 4587 146 4636 est
160 4600 168 4650 ;
184 4589 213 4638 et
224 4598 283 4638 uon
292 4583 383 4636 solum
396 4581 459 4653 ipsa
471 4579 613 4636 fortericia
627 4581 769 4636 destructa
781 4579 901 4646 suit,sed
979 4580 1033 4634 Sed
1049 4581 1226 4652 omnipotens
1242 4583 1386 4657 tuensqui
1400 4585 1429 4641 in
1441 4603 1472 4642 se
1481 4590 1740 4665 confidentesjurat

108 4687 200 4728 onmes
212 4673 315 4728 domus
326 4669 593 4742 circumadjacentes
607 4669 732 4742 oportuit
743 4667 823 4725 evelli
838 4669 904 4724 fun-
943 4673 972 4723 et
986 4669 1156 4738 consolatur,
1183 4671 1260 4726 dedit
1287 4677 1399 4728 tantum
1414 4677 1542 4734 animum
1556 4679 1628 4738 bono
1642 4690 1739 4740 nostro

109 4759 189 4817 ditus.
943 4758 1059 4830 pastori,
1075 4759 1148 4830 quod
1160 4759 1375 4833 ipseacquisivit
1384 4765 1507 4822 ecclesie
1517 4771 1668 4840 quamdam
1678 4791 1741 4846 par-

141 4851 174 4907 iit
182 4858 248 4925 post
261 4849 424 4923 predictam
448 4847 536 4921 ipsius
559 4848 682 4904 ecclesia
703 4846 904 4904 reconciliatio-
944 4864 1009 4902 rum
1019 4847 1142 4916 feodum,
1153 4855 1281 4906 vocatum
1295 4852 1330 4906 de
1346 4853 1439 4922 Bosco,
1456 4856 1544 4912 situm
1558 4859 1587 4915 iu
1609 4863 1741 4933 parochie

106 4956 175 5010 uam,
192 4941 323 5013 etipsius
344 4937 491 4996 remensia
511 4937 733 5005 demolitionem,
753 4937 903 5010 predictus
945 4937 1040 4992 Sancti
1048 4937 1173 5003 Taurini,
1186 4939 1340 4995 etdomum
1350 4949 1475 5000 nostram
1484 4946 1741 5022 Rotbomegensem

106 5032 272 5087 reverendus
282 5031 367 5084 Pater
382 5027 520 5084 Robertus
531 5027 681 5083 revertitur
692 5027 727 5081 ad
737 5027 902 5100 pradictum
944 5031 1123 5081 exoneratam
1137 5027 1254 5082 redditis
1268 5031 1455 5102 quadraginta
1468 5035 1557 5105 libris,
1583 5055 1645 5110 quae
1655 5039 1739 5096 debe·

105 5121 315 5184 urouasterium,
331 5123 361 5174 et
372 5119 457 5191 coepit
479 5117 648 5173 oeaedifimrs
672 5117 782 5188 aliquas
803 5115 901 5172 domos
941 5113 1046 5170 bantur
1058 5115 1160 5170 Joauui
1170 5116 1196 5170 le
1209 5117 1273 5184 Bar,
1285 5119 1394 5175 ratione
1403 5122 1594 5195 acquisitionis
1601 5126 1682 5182 dicte
1691 5128 1740 5182 do·

105 5207 268 5276 destructas,
285 5213 314 5264 et
327 5225 478 5281 procurare
492 5225 537 5264 res
550 5206 713 5262 monasterii
727 5223 789 5277 quas
803 5205 902 5261 ablatae
943 5221 1015 5272 mus,
1028 5209 1056 5260 et
1070 5206 1144 5277 apud
1159 5223 1253 5278 regem
1269 5208 1472 5277 admortisavit,
1486 5215 1627 5268 utdoceut
1638 5215 1738 5271 utura

106 5294 223 5366 luerent,
239 5303 269 5354 et
279 5303 442 5369 proventus,
454 5301 482 5352 et
497 5295 625 5351 redditus
643 5294 711 5350 dicti
727 5295 901 5360 monasterii,
944 5310 1031 5365 super
1044 5295 1096 5349 hoe
1110 5295 1249 5350 conlectae.
1264 5297 1419 5369 Acquisivit
1439 5301 1525 5355 etiam
1549 5317 1566 5355 a
1584 5301 1739 5358 Guillermo

108 5385 206 5450 eburis,
230 5394 260 5442 et
273 5385 353 5442 libris
377 5385 452 5459 apud
475 5385 693 5456 Rotbomagum,
717 5400 769 5455 pro
792 5383 905 5455 majorit
945 5383 970 5438 le
982 5383 1078 5439 Grand
1088 5385 1229 5456 armigero
1244 5388 1394 5458 quemdam
1407 5388 1521 5442 feodum
1536 5389 1655 5444 nobilem
1665 5392 1739 5462 apud

108 5485 183 5544 parte
194 5475 346 5532 stantibus.
945 5473 1053 5528 Sanctae
1068 5473 1162 5529 llariae
1176 5475 1321 5530 ecclesiam
1332 5477 1430 5530 situm.
1438 5475 1514 5530 Fecit
1522 5477 1607 5532 etiam
1616 5479 1646 5534 in
1656 5479 1740 5536 domo

139 5565 173 5621 Et
187 5571 338 5640 postquam
353 5565 426 5620 rexit
438 5563 603 5638 praedictum
619 5561 822 5618 monasterium
836 5561 904 5618 duo·
944 5561 1163 5634 Rothomagensi
1177 5563 1368 5634 reparationes
1382 5571 1561 5636 sumptuosas
1575 5567 1664 5635 valde,
1689 5569 1743 5624 etsi

106 5653 194 5711 decim
202 5656 295 5723 annis,
310 5654 458 5727 uibusque
471 5651 624 5722 mensibus,
641 5651 737 5708 multis
744 5650 903 5707 tributauo-
941 5653 1022 5723 juxta
1033 5654 1117 5708 finem
1130 5653 1238 5711 dierum
1251 5654 1395 5726 reliquerit
1411 5654 1554 5710 ecclesiam
1569 5657 1668 5714 multis
1692 5659 1743 5714 de·

225 5757 357 5820 Parnon.
380 5755 438 5817 GL.
1586 5759 1626 5821 22
