3856 6176
128 3117 131 3122 ·
225 3105 376 3165 personam
387 3096 547 3163 susceptum
563 3093 691 3148 ordinem
706 3108 777 3166 puer
785 3111 929 3168 nunquam
941 3099 1024 3154 relin-

216 273 268 342 508
295 347 299 354 ,
709 280 742 337 Β.
762 281 971 342 muratum
990 284 1170 342 centurn.
1189 281 1359 342 necatur.
1779 283 1823 346 ibt

249 399 352 468 'tribus
364 405 463 464 diebus
471 403 699 461 communionem
713 407 841 480 corporis
852 415 881 464 et
902 409 1148 482 sangui-Adinem
1162 412 1297 481 tenentis,
1309 409 1399 483 petita
1416 408 1617 477 benedictione,
1639 411 1713 467 lectis
1726 419 1753 470 et
1771 431 1827 487 pro·

215 497 260 556 rtis
286 498 388 555 Christi
404 495 532 568 accipiat.
560 495 656 551 Tertia
685 497 730 552 die
752 497 788 552 ad
806 515 903 570 pacem
923 500 1014 555 missas
1055 502 1268 574 nuntietisque
1292 501 1348 572 legi
1362 506 1390 556 et
1415 499 1586 555 considerari
1600 502 1759 558 consuetudo
1782 511 1826 573 est,

216 589 328 645 auferet
341 588 367 642 ei
378 585 523 658 caputium
537 585 675 658 decapite
690 585 786 654 abbas,
810 589 853 642 vel
868 588 912 644 cui
928 589 1015 644 abbas
1055 591 1128 646 iacto
1141 606 1279 654 sermone,
1290 591 1365 647 dicto
1379 591 1562 662 «loquamur
1572 590 1606 644 ds
1620 591 1827 659 ordinenostro,r

216 677 390 752 preceperit,
407 676 431 731 si
445 676 506 746 ipse
521 673 550 729 id
565 674 686 730 faciendi
700 677 939 748 opportunitatem
957 695 1014 734 non
1030 709 1039 732 s
1056 681 1080 735 si
1090 681 1229 736 clamatur
1243 680 1344 752 aliquis
1358 680 1406 752 qui
1417 695 1567 734 commune
1578 695 1640 734 curn
1653 697 1713 744 uno,
1724 687 1769 736 aut
1781 683 1830 752 plu-

216 767 311 824 habet.
325 768 398 820 Ante
427 765 501 819 hauc
522 763 631 832 horam,
648 779 681 819 ex
696 781 753 836 quo
775 765 936 822 benedictus
960 773 1012 833 est,
1056 769 1133 825 ribus
1143 785 1246 825 nomen
1254 771 1357 826 babeat
1366 770 1421 824 nisi
1431 769 1556 823 clarnnns
1566 769 1605 824 ita
1615 769 1749 824 discernat
1757 777 1782 825 et
1793 772 1832 826 dc·

217 871 359 912 summurn
369 853 513 909 silentium
528 858 644 926 teneat;
669 853 705 908 de
723 855 855 927 capitulo,
876 857 949 911 lacto
959 873 1016 913 ser·
1056 859 1192 914 terminet
1200 865 1234 914 ut.
1247 857 1324 914 nulla
1339 857 1476 912 dubitatio
1492 858 1581 930 possit
1595 875 1662 922 esse,
1679 873 1768 914 omnes
1792 860 1831 929 qui

217 961 310 1011 mone,
324 937 414 1011 exeat,
430 943 464 998 ad
480 943 687 1014 processionem
709 959 767 999 non
790 945 882 1013 vadat,
908 947 1018 1001 cuculla
1058 947 1184 1018 eiusdem
1196 947 1317 1001 nonrinis
1335 951 1411 1012 sunt,
1426 947 1507 1016 cujus
1521 951 1564 1001 est
1582 945 1629 1000 ille
1642 946 1688 1017 qui
1702 946 1831 1013 clamatur,

217 1033 333 1090 indutus
347 1033 487 1088 cucullato
499 1031 591 1103 capite
611 1031 742 1088 dormiet.
769 1033 800 1089 ln
815 1035 906 1106 primo
921 1043 1015 1091 autem
1058 1036 1153 1092 statim
1170 1035 1274 1091 debent
1282 1053 1406 1106 surgere,
1418 1041 1446 1090 et
1452 1041 1486 1090 ad
1498 1035 1592 1090 venias
1603 1035 1834 1107 humiliterseprae·

218 1123 350 1196 capitulo,
367 1137 423 1194 quo
433 1121 459 1176 ei
473 1121 540 1176 licet
553 1121 641 1193 loqui,
661 1121 742 1177 debat
756 1123 892 1195 magister
906 1126 966 1196 ejus
981 1125 1016 1180 de
1035 1186 1038 1194 ,
1057 1133 1179 1193 eantare,
1190 1127 1278 1181 donec
1291 1127 1428 1181 clamator
1441 1127 1627 1181 determinate
1650 1126 1732 1198 eligat
1744 1127 1775 1182 de
1788 1143 1834 1200 quo

219 1211 429 1270 admemoriam
444 1209 549 1266 habere
560 1227 655 1266 coram
669 1211 779 1279 abbate,
796 1213 911 1268 dicens:
932 1236 943 1263 ι
960 1216 1015 1270 Do·
1057 1213 1146 1282 dicat;
1162 1216 1223 1288 ipsa
1233 1222 1327 1272 autem
1343 1215 1540 1271 determinatio
1555 1215 1591 1270 ab
1600 1215 1747 1280 ordinibus,
1758 1217 1795 1270 vel
1804 1217 1835 1271 ol·

219 1302 306 1367 mine,
326 1301 349 1356 si
361 1301 484 1373 placeret
497 1299 575 1355 vobis
589 1299 750 1373 precipere,
762 1307 858 1374 posset
866 1303 919 1358 iste
929 1304 1017 1359 irater
1058 1306 1138 1374 liciis,
1151 1305 1174 1360 si
1182 1306 1270 1376 possit
1281 1305 1353 1369 lieri,
1375 1304 1458 1359 debet
1471 1321 1532 1360 esse
1547 1305 1599 1359 hoc
1614 1303 1712 1358 niodo:
1727 1305 1836 1360 Domnus

220 1391 255 1447 ab
266 1392 318 1446 hac
328 1391 375 1446 die
381 1390 411 1444 in
419 1393 502 1444 antea
515 1390 607 1460 legere
622 1394 651 1445 et
664 1395 778 1446 cantare
790 1392 819 1446 in
826 1399 973 1460 conventu,
982 1394 1018 1449 si·
1058 1394 1206 1448 Eduardus
1221 1395 1379 1466 presbyter,
1396 1393 1540 1458 diaconus,
1556 1391 1746 1458 subdiaconus,
1761 1409 1836 1447 secre-

220 1485 268 1536 cut
289 1479 337 1535 alii
363 1479 465 1534 tratres
479 1496 514 1533 :r
539 1479 725 1551 respondente
749 1479 871 1537 abbate:
894 1501 905 1534 ι
923 1483 1019 1538 Faciat
1058 1484 1157 1551 tarius,
1173 1483 1475 1554 magisterinlantium,
1490 1483 1533 1537 rel
1544 1481 1836 1553 juvermm,veleliquid

220 1585 285 1627 cum
298 1568 349 1624 Dei
368 1567 598 1636 benedictione»
625 1568 742 1624 inclinet
762 1570 824 1642 ipse
847 1571 969 1628 novitius
982 1573 1018 1628 ad
1059 1572 1230 1643 hujusmodi,
1245 1587 1301 1626 non
1316 1571 1537 1634 archidiaconus,
1565 1585 1620 1624 non
1644 1569 1835 1638 londoniensis,

184 1730 187 1736 Ι
221 1659 351 1716 abbatem
361 1658 397 1712 de
406 1657 467 1711 loco
481 1657 510 1710 in
524 1671 580 1728 quo
589 1657 678 1713 sedet.
1026 1677 1115 1758 Bnon
1130 1660 1235 1732 aliquid
1251 1661 1478 1732 cognominatum
1492 1660 1527 1715 de
1542 1660 1654 1716 saeculo.

255 1747 296 1804 E'x
306 1747 356 1802 illa
369 1747 415 1801 die
428 1747 619 1820 cujuscunque
642 1747 749 1804 ordinis
769 1749 807 1804 sit
819 1749 923 1806 habent
934 1750 1019 1806 licen·
1096 1751 1250 1813 Clamator,
1265 1750 1291 1804 ei
1304 1765 1481 1821 superquam
1493 1749 1672 1804 clamatorem
1690 1747 1733 1822 [[.,
1749 1749 1839 1804 clamo·

220 1838 291 1893 tiam
321 1836 491 1908 exsequendi
505 1837 600 1892 omnia
614 1853 676 1909 quae
688 1839 733 1894 sui
747 1839 853 1895 ordinis
867 1847 943 1906 sunt,
965 1842 1019 1896 nisr
1060 1840 1215 1910 remllacit,
1230 1839 1259 1894 in
1271 1839 1332 1910 ipso
1341 1838 1465 1910 capitulo
1474 1837 1611 1909 judicium
1628 1853 1683 1892 non
1702 1837 1782 1893 iaciat
1804 1838 1839 1892 ln·

220 1927 258 1984 sit
272 1926 411 1992 sacerdos,
426 1925 480 1998 ipsi
495 1925 570 1981 enim
591 1927 665 1982 inire
681 1927 804 1999 primurn
832 1930 1020 1986 conversionis
1059 1934 1220 2000 terrogatus
1234 1928 1413 1993 rrroresolito,
1429 1928 1477 2000 qui
1491 1928 1688 2000 prosternitur,
1710 1927 1743 1982 ad
1757 1941 1840 1982 omnes

222 2033 280 2073 sue
294 2031 400 2072 annum
410 2015 525 2070 missam
539 2015 680 2072 celebrare
694 2034 751 2073 non
769 2019 845 2087 licet,
856 2020 910 2074 nisi
923 2020 953 2075 in
967 2037 1019 2076 sra-
1061 2019 1156 2074 venias
1173 2039 1184 2066 ι
1201 2019 1264 2073 Mea
1277 2018 1359 2088 culpa
1373 2018 1457 2084 dicat,
1474 2038 1486 2070 r
1503 2024 1688 2090 exceptacum
1697 2016 1840 2072 rodentem

222 2106 285 2162 culo
304 2105 427 2178 probatas
447 2104 586 2160 castitatis
598 2105 694 2174 suerit,
717 2113 748 2162 et
760 2108 846 2164 abbas
860 2125 911 2180 pro
924 2109 976 2164 hac
990 2127 1020 2165 re
1061 2108 1194 2179 postulat,
1210 2113 1261 2162 aut
1273 2107 1437 2162 obedientiae
1449 2101 1665 2173 absolutionem,
1680 2111 1791 2162 autrum
1800 2105 1842 2159 ali·

222 2195 372 2268 specialem
388 2194 413 2250 ei
424 2193 566 2250 licentiam
574 2195 692 2252 dederit.
1062 2197 1125 2268 quis
1133 2197 1370 2253 iraterminimam
1378 2197 1512 2269 petit,pro
1522 2195 1842 2269 suopropinquo,noviter

258 2281 425 2340 Onerandus
439 2299 519 2356 puer,
534 2285 608 2339 facta
618 2283 671 2340 sibi
683 2285 881 2358 priuscorona,
891 2289 1021 2346 manibus
1062 2292 1092 2340 et
1103 2289 1250 2357 postquam
1259 2284 1294 2340 ad
1304 2285 1431 2340 ordinem
1443 2285 1519 2340 venit
1527 2283 1843 2357 deiunctopatrescilicet

222 2379 339 2447 portans
351 2373 483 2440 bostiam,
492 2374 639 2432 etcalicem
653 2391 717 2432 cum
730 2377 802 2440 vino,
815 2378 955 2435 sicutmos
967 2384 1019 2443 est,
1061 2381 1161 2442 matre,
1177 2375 1273 2442 fratre,
1295 2389 1401 2430 sorore.
1417 2377 1458 2430 vel
1473 2391 1629 2442 cumunus,
1646 2381 1695 2431 aut
1707 2375 1793 2447 plures
1801 2389 1843 2444 pro

223 2467 288 2536 p'ost
302 2464 478 2535 evangelium
506 2465 645 2520 sacerdoti
659 2467 706 2537 qui
730 2467 846 2522 missam
859 2468 982 2524 celebrat
1005 2485 1022 2524 a
1062 2481 1095 2522 eo
1108 2465 1196 2538 quiin
1207 2465 1300 2538 gravis
1314 2466 1402 2538 culpae
1412 2465 1603 2521 satisfactione
1618 2465 1723 2538 positus
1740 2471 1788 2530 est,
1802 2461 1845 2516 mi·

224 2552 388 2626 parentibus
402 2554 546 2608 offeratur.
558 2554 620 2618 Qua
633 2554 800 2612 oblationes
814 2559 1022 2614 secerdotesus-
1062 2555 1244 2610 sericordiam
1254 2559 1364 2627 petunt.
1375 2555 1732 2627 velcumaliquisiraterin
1744 2554 1844 2622 longum

225 2648 316 2716 cepta,
337 2642 480 2698 involvant
490 2643 615 2714 predicti
629 2651 760 2716 parentes
783 2663 884 2704 manns
899 2649 978 2720 pueri
992 2649 1021 2705 in
1063 2647 1117 2702 iter
1126 2648 1303 2720 profecturus
1318 2652 1369 2712 est,
1382 2653 1431 2701 aut
1441 2661 1504 2701 cum
1519 2647 1626 2718 aliquid
1635 2659 1763 2717 magnum
1776 2649 1801 2697 et
1809 2657 1846 2696 ar

224 2733 309 2808 palla,
321 2749 378 2804 qua
387 2733 476 2788 altare
488 2739 652 2805 coopertum
663 2740 715 2799 cst,
729 2741 758 2791 et
771 2739 852 2809 cujus
868 2751 933 2810 pars
946 2745 1023 2795 ante-
1063 2738 1160 2805 duum,
1172 2741 1202 2792 et
1216 2737 1274 2792 suis
1286 2735 1392 2792 viribus
1406 2735 1586 2808 impertratri
1597 2735 1763 2807 injungitnr3
1776 2731 1846 2787 inhia

224 2823 284 2878 rius
299 2822 412 2896 pendet,
428 2828 458 2877 et
469 2828 537 2878 tunc
556 2824 690 2896 suscipiat
704 2841 767 2882 eum
783 2826 881 2886 abbas.
905 2829 965 2894 Quo
981 2831 1023 2884 la-
1065 2835 1093 2883 et
1105 2831 1134 2882 in
1156 2826 1326 2899 hujusmodi,
1345 2826 1398 2880 hoc
1412 2826 1495 2881 modo
1509 2825 1711 2897 respondetur:
1723 2841 1735 2876 v
1746 2822 1792 2878 Dei
1805 2820 1847 2874 rni-

224 2917 278 2979 ctc,
294 2911 403 2984 praeisti
413 2917 544 2983 parentes
558 2929 651 2968 coram
664 2915 722 2969 Deo
737 2922 765 2972 et
779 2916 884 2972 sanctis
896 2919 1022 2989 ejussta·
1064 2916 1255 2984 sericordtarn,
1276 2921 1305 2971 et
1322 2924 1444 2971 vestram
1470 2916 1594 2987 requiro:
1620 2921 1649 2970 et
1665 2913 1782 2977 obsecro,
1796 2930 1807 2963 r
1823 2915 1847 2963 at

224 3001 277 3056 tim
301 3000 469 3073 promittant
483 3003 558 3074 quod
572 3019 624 3075 per
643 3021 682 3070 se,
705 3011 754 3061 aut
768 3023 787 3062 a
806 3023 836 3061 se
849 2999 1023 3080 suppositam
1065 3015 1174 3072 catera,
1186 3007 1261 3062 sicut
1273 3005 1345 3061 ratio
1360 3005 1411 3072 rei,
1428 3021 1478 3077 pro
1497 3005 1679 3077 quapatitur,
1697 3001 1818 3075 postulat.

1035 3059 1057 3121 C
1101 3096 1287 3166 suscepturus
1299 3093 1447 3164 judicium,
1464 3090 1721 3164 autsolagrnssiori
1729 3089 1799 3160 virga
1810 3101 1848 3140 su·

225 3188 303 3256 quat,
319 3196 411 3254 neque
424 3199 456 3237 se
472 3181 499 3237 ei
513 3182 620 3254 aliquid
648 3184 769 3240 scienter
796 3187 921 3254 daturos,
948 3189 1023 3244 unde
1064 3201 1116 3257 per
1124 3183 1293 3240 stamineum
1309 3181 1480 3246 verberetur,
1498 3186 1695 3253 etprostratus
1704 3177 1849 3251 jaceataut

224 3287 304 3344 puer,
314 3275 412 3338 wo
424 3271 498 3344 quod
509 3271 597 3326 absit!
611 3272 703 3343 perire
710 3275 815 3345 possit3
827 3277 898 3332 banc
907 3279 1024 3349 proruis-
1064 3273 1191 3346 pluribus
1198 3269 1393 3344 gracilioribus
1405 3270 1531 3341 virginet
1539 3271 1633 3326 nudus
1641 3270 1744 3330 sedeat.
1756 3273 1850 3321 utrum-

225 3360 335 3416 sionem
359 3360 437 3432 prius
464 3360 598 3433 scriptam
625 3377 719 3416 coram
736 3364 855 3420 testibus
878 3367 970 3422 verbis
986 3367 1024 3424 ibi
1065 3380 1120 3435 que
1134 3364 1169 3418 ad
1183 3361 1331 3418 arbitrium
1348 3361 1470 3432 ejusqui
1485 3356 1850 3433 praestordinimnsidera·

226 3451 305 3523 prius
319 3449 439 3516 edicant,
456 3454 485 3504 et
499 3455 597 3521 postea
610 3464 696 3522 super
709 3452 798 3506 altare
808 3458 925 3524 ponant.
1063 3459 1095 3507 ta
1110 3452 1245 3524 qualitate
1261 3455 1290 3506 et
1302 3451 1460 3522 quantitate
1473 3450 1571 3521 culpae,
1583 3449 1652 3505 dum
1660 3447 1805 3521 corporalis
1814 3443 1850 3498 tli-

261 3539 312 3594 His
328 3538 705 3611 expletis,benedicatabbas
719 3539 866 3609 cucullam,
883 3549 1024 3600 eteruens
1065 3542 1182 3614 sciplina
1195 3540 1323 3598 infertur.
1340 3541 1441 3594 tratres
1456 3555 1554 3594 omnes
1569 3540 1705 3596 inclinato
1716 3537 1801 3609 capite
1812 3535 1851 3589 de

225 3645 345 3702 puerum
360 3644 457 3700 cappa,
479 3629 521 3682 vel
538 3627 666 3700 pellibus,
687 3630 730 3684 vel
744 3629 839 3702 aliqua
865 3633 1024 3704 hujusmodi
1067 3630 1133 3685 banc
1146 3646 1216 3693 essa,
1234 3637 1262 3684 et
1281 3629 1327 3701 pio
1340 3634 1369 3683 et
1382 3623 1505 3683 fraterno
1521 3629 1623 3685 ellectu
1645 3628 1851 3701 compassionem

227 3717 384 3792 chlamyde,
400 3718 493 3773 dicat:
509 3737 521 3770 r
533 3717 926 3777 Exuettellominusveterern
936 3723 1026 3779 homi·
1065 3734 1150 3794 snper
1162 3737 1227 3776 eum
1240 3720 1354 3775 habere.
1370 3719 1488 3774 interim
1502 3719 1531 3774 in
1547 3719 1671 3791 capitulo
1689 3733 1768 3776 nemo
1780 3716 1852 3772 debet

226 3823 302 3875 nem,
318 3827 333 3862 r
351 3812 492 3878 utsupra,
507 3811 537 3862 et
556 3806 676 3862 induens
690 3825 754 3863 eum
771 3811 890 3878 cuculla,
908 3811 1024 3883 subjun·
1065 3811 1153 3883 loqui,
1168 3827 1251 3866 nemo
1265 3810 1299 3864 ad
1310 3810 1389 3864 illum
1401 3810 1525 3880 aspicere
1534 3809 1658 3880 exceptis
1666 3809 1792 3882 gmvibus
1800 3822 1852 3879 per

227 3903 277 3968 gat
301 3916 308 3951 :
333 3917 344 3949 ι
365 3897 468 3954 Induat
486 3901 514 3951 te
529 3897 665 3952 Dominus
676 3913 778 3954 novum
793 3899 945 3968 hominem,
964 3921 977 3955 r
997 3907 1025 3957 et
1066 3901 1152 3966 sonis,
1169 3899 1270 3972 quibus
1295 3899 1361 3954 licet
1374 3913 1425 3970 pro
1446 3915 1479 3953 eo
1507 3898 1693 3956 intercedere.
1710 3899 1850 3958 clamatus,

226 3991 337 4044 caetera.
349 3985 456 4042 Dehinc
464 3985 585 4041 ducatur
591 3986 627 4040 ad
637 3987 829 4044 radendumet
836 3989 1022 4059 vestiendum,
1065 4001 1151 4061 super
1161 4005 1225 4043 oum
1240 4003 1322 4060 aquo
1333 3989 1469 4042 clamatus
1484 3993 1536 4044 est.
1550 3987 1579 4041 in
1599 3987 1662 4059 ipso
1673 3983 1790 4059 capitulo
1803 3983 1852 4038 cla·

226 4075 400 4134 sicutnostri
415 4075 521 4131 ordinis
531 4077 704 4132 consuetudo
715 4082 767 4132 est.
784 4078 855 4133 Cum
866 4095 930 4134 vero
944 4081 1025 4136 adul·
1066 4095 1174 4134 morem
1190 4079 1280 4133 facere
1294 4093 1350 4132 non
1364 4077 1437 4144 licet,
1449 4075 1626 4148 disciplinam
1642 4075 1808 4148 corporalem
1818 4073 1854 4126 in·

223 4171 254 4222 ta
268 4171 350 4222 etate
369 4164 717 4239 facturusproiessionem
741 4167 835 4235 luerit,
851 4171 921 4225 trent
936 4169 961 4224 ei
976 4187 1026 4225 caa-
1065 4167 1146 4223 taret
1163 4165 1377 4240 quicunqueille
1391 4165 1429 4221 sit
1442 4164 1487 4220 cui
1500 4165 1535 4220 ab
1546 4163 1649 4221 abbate
1662 4166 1705 4220 vel
1720 4163 1806 4237 priore
1819 4161 1854 4216 in·

224 4258 296 4321 tere,
310 4270 372 4326 quae
384 4254 514 4327 superius
528 4254 630 4311 debere
651 4255 712 4312 lieri
729 4273 867 4312 converso
882 4259 942 4329 jam
957 4259 1025 4314 dirri-
1062 4255 1203 4330 jungitur,
1216 4255 1269 4310 hoc
1283 4254 1439 4317 observato,
1448 4271 1482 4310 ne
1490 4255 1647 4312 infantibus
1660 4251 1852 4326 veliuveuibus,

224 4359 306 4412 mus3
327 4345 381 4400 hoc
398 4345 484 4415 enim,
502 4347 576 4417 quod
591 4346 789 4404 madefactum
799 4353 851 4416 est,
864 4349 960 4405 iterari
967 4349 1114 4408 nonlicet
1127 4343 1239 4402 novitiis
1250 4345 1279 4400 id
1294 4343 1385 4400 iacere
1395 4345 1573 4416 injungatur;
1589 4359 1676 4402 nemo
1684 4344 1724 4399 ibi
1738 4357 1797 4398 cnm
1805 4354 1853 4396 uno

181 4484 183 4488 .
225 4440 345 4507 oportet.
1064 4441 1114 4490 aut
1127 4434 1254 4508 pluribus
1264 4439 1371 4490 secreto
1383 4435 1532 4506 loquatur3
1553 4436 1692 4508 quidquid
1702 4434 1764 4507 quis
1777 4431 1856 4504 loqui·

510 4559 728 4618 0391]wass
1064 4529 1112 4580 tur
1126 4531 1265 4588 erectore
1280 4524 1396 4590 ordinis,
1414 4531 1442 4580 et
1456 4543 1473 4580 a
1487 4529 1547 4580 toto
1563 4531 1704 4581 conventu
1718 4522 1851 4578 audiatur.

730 4607 738 4621 ⁶
1101 4615 1199 4670 Sermo
1207 4619 1318 4670 tanturn
1330 4615 1367 4670 sit
1377 4615 1412 4668 de
1422 4614 1547 4680 utilibus,
1564 4619 1593 4669 et
1605 4616 1641 4670 de
1653 4615 1690 4670 iis
1699 4629 1760 4686 quae
1770 4612 1802 4666 ad
1815 4624 1856 4664 or·

461 4685 500 4740 ⁰⁶
513 4688 634 4755 04Ρῦῑῦἶο
649 4689 788 4755 ''⁶91⁴W2'·
1065 4703 1158 4760 dinem
1174 4704 1324 4777 pertinent,
1342 4704 1474 4776 loquente
1497 4719 1553 4759 uno
1573 4709 1689 4760 taceant
1703 4702 1764 4768 alii;
1780 4697 1856 4754 verba

258 4791 344 4872 ¹Omni
351 4789 511 4846 dieminimi
517 4791 638 4863 signi,ad
646 4793 849 4865 designandum
857 4797 1022 4870 capitulum,
1063 4793 1204 4866 loquentis
1218 4809 1300 4850 nemo
1315 4794 1504 4866 interrumpat
1517 4800 1620 4866 praeter
1634 4809 1700 4850 eum
1716 4792 1761 4865 qui
1774 4792 1856 4844 rector

225 4881 375 4954 incipiente
387 4898 465 4949 sono,
480 4883 583 4938 fratres
597 4899 695 4938 omnes
709 4883 757 4956 qui
776 4885 876 4941 sedent
889 4887 919 4941 in
939 4888 1023 4942 cboro
1066 4889 1109 4939 est
1118 4883 1232 4950 ordinis,
1248 4883 1292 4938 cui
1306 4883 1373 4938 licet
1385 4884 1511 4955 loquenti
1527 4885 1680 4957 praecipere
1692 4890 1724 4939 ut
1737 4883 1822 4940 sileat,
1834 4874 1855 4930 si

225 4971 322 5028 statim
336 4987 461 5044 surgere,
474 4976 502 5027 et
515 4972 590 5027 versi
604 4973 788 5029 adorientem
801 4975 912 5030 interim
922 4977 1025 5033 debent
1065 4973 1137 5028 forte
1145 4973 1171 5028 ei
1179 4989 1271 5028 sermo
1280 4973 1325 5027 ille
1334 4974 1650 5044 superfluus,etinutilis
1659 4969 1856 5030 videatnrllec·

226 5065 319 5130 stare;
336 5061 437 5117 iratres
451 5077 573 5133 queque,
596 5061 643 5133 qui
665 5062 768 5117 alicubi
795 5063 825 5118 in
854 5066 1024 5121 monasterio
1064 5065 1126 5116 tore
1134 5060 1607 5132 ordinisincipienteloqui,etiamsi
1617 5063 1722 5134 aliquis
1730 5057 1854 5132 loqueba·

224 5157 300 5218 sunt,
312 5151 428 5207 chorum
445 5149 558 5206 intrare.
574 5152 675 5207 Nullus
690 5169 786 5210 eorum
798 5153 901 5209 librum
916 5159 1021 5222 teneat,
1066 5155 1262 5218 tur,taceat,et
1273 5150 1308 5205 ab
1318 5150 1448 5205 omnibus
1458 5150 1752 5206 silentiumsummum
1765 5149 1820 5204 ilat.

225 5242 318 5299 nullus
327 5241 358 5297 in
369 5241 441 5296 libro
453 5239 559 5313 aliquid
573 5241 658 5313 legat,
677 5247 727 5297 aut
740 5242 870 5316 incipiat:
885 5244 978 5300 nullus
993 5245 1021 5300 in
1359 5239 1476 5295 CAPUT
1490 5241 1562 5295 lllll.

224 5329 346 5386 claustro
360 5347 410 5402 pro
425 5329 778 5402 qualibetoccasionetunc
790 5331 903 5400 sedeat,
920 5333 1021 5404 praedi·
1180 5329 1212 5384 Si
1224 5331 1285 5398 quia
1294 5329 1384 5395 frater
1403 5331 1500 5383 altiori
1512 5331 1603 5397 produ
1616 5331 1743 5384 donetur.

223 5419 261 5475 cti
280 5419 353 5492 signi
367 5425 494 5475 cessante
508 5421 611 5486 sonitu,
628 5421 831 5492 precedentem
847 5421 969 5494 priorem
980 5439 1022 5478 se·
1098 5419 1128 5474 Si
1143 5417 1235 5491 placet
1243 5418 1336 5474 abbati
1351 5420 1473 5491 aliquem
1484 5421 1599 5478 fratrem
1615 5438 1667 5493 pro
1685 5421 1744 5476 suis
1755 5415 1854 5474 meritis

224 5516 347 5583 quantur
360 5508 418 5577 alii,
433 5509 506 5566 sicut
520 5515 563 5566 est
569 5511 637 5566 ordo
650 5511 837 5567 conversionis
852 5527 959 5567 eorum.
1062 5508 1248 5575 bonorumet
1260 5509 1436 5565 considerata
1451 5527 1575 5583 personae
1585 5513 1647 5582 eJus
1658 5511 1813 5572 honestate,
1827 5506 1853 5562 in

259 5597 475 5656 Considentibus
488 5600 622 5658 iratribus
632 5599 661 5657 in
671 5601 805 5674 capitulo,
817 5599 853 5658 ad
863 5608 963 5660 nutum
974 5617 1021 5658 or·
1063 5605 1200 5677 superiori
1214 5606 1276 5660 loco
1289 5610 1424 5673 statuere,
1435 5606 1542 5675 audito,
1554 5607 1643 5663 trater
1651 5605 1710 5676 ille,
1720 5601 1857 5663 abstante
