3970 6172
242 307 313 368 vtes
767 301 1154 366 menumquam.
1174 304 1338 367 seneen
1808 308 1881 374 isar

241 437 424 512 reperiretur.
437 431 533 492 linitis
546 429 642 502 itaque
654 435 712 500 pre
725 425 829 498 gaudio
842 427 983 494 ilsntlbus.
992 443 1039 483 so-
1047 429 1073 494 Α
1082 427 1182 484 iratres
1194 429 1322 486 iniirmoa
1336 433 1403 486 ante
1418 429 1514 486 omnia
1522 435 1553 486 et
1565 445 1652 502 anper
1667 433 1773 498 emnia.
1787 433 1818 490 iri
1838 444 1882 494 eat

242 543 306 602 spes
320 523 436 581 omniuo
454 529 483 576 st
500 515 648 574 incolumis
670 515 764 572 abbati
788 516 925 574 redditur.
949 518 1038 582 Quem
1080 533 1163 573 mane
1178 527 1207 572 et
1220 535 1293 584 seve,
1308 535 1405 577 curam
1419 535 1516 574 oerum
1531 535 1618 590 agens
1629 520 1741 577 visitare
1752 547 1759 578 ι
1772 529 1803 578 et
1810 524 1882 580 elin-

241 619 420 686 imerrogans
437 629 444 668 r
462 627 475 662 e
496 609 536 676 Si,
558 606 659 678 inquit,
683 605 731 666 illi.
753 605 861 677 aliquid
880 607 987 663 doloris
1010 607 1039 664 in
1080 622 1169 679 quens
1190 608 1322 678 juvenem
1340 625 1347 661 :
1366 629 1378 660 ι
1399 607 1451 662 Fili
1467 607 1515 674 mi,
1530 607 1631 680 inquit,
1649 611 1772 667 moriens
1792 629 1881 684 quare

242 709 337 778 aliquo
351 700 541 756 membrorum
557 695 653 757 sentis,
670 695 989 760 dicito.ooniitcv·e,vide
1004 711 1039 753 no
1080 695 1150 750 mibi
1174 696 1245 752 nihii
1265 697 1354 752 dirisi
1379 719 1392 746 ι
1412 697 1490 752 Tunc
1511 697 1675 754 adiiiascens
1698 701 1794 756 oculos
1818 703 1880 773 jam

241 796 312 854 milti
325 794 408 850 coiea.
434 787 612 858 rcuipuer:
630 804 643 836 o
664 785 721 854 Ego
737 783 840 855 quippe
854 785 893 840 nii
910 785 975 840 mali
989 803 1039 858 pe·
1080 791 1171 839 morte
1184 793 1314 856 gravatos
1334 786 1464 858 aperiens
1482 805 1488 840 ι
1504 809 1518 834 s
1538 787 1612 851 Quid
1635 789 1688 853 vis,
1709 789 1758 856 sit,
1783 791 1878 859 Pater.

240 888 317 944 tior:
334 881 411 954 quia,
424 893 487 934 cunr
502 875 643 938 caderem,
655 871 802 928 videbatur
815 872 883 928 mihi
894 873 968 944 quod
983 883 1038 936 nie,
1079 872 1194 928 diremi
1209 875 1314 930 Moriar
1327 875 1527 946 equidem,sed
1540 877 1643 932 mirum
1658 878 1739 934 vaide·
1754 893 1811 936 non
1824 888 1878 946 est„

241 975 336 1039 Peter,
350 970 448 1042 tuipse
458 979 640 1039 perpennam
651 969 726 1032 cape
742 975 812 1016 mse
829 969 949 1026 teneres,
965 968 995 1017 et
1008 970 1039 1018 ut
1081 962 1240 1032 qniasenex
1254 963 1302 1018 ilis
1315 964 1362 1034 qui
1376 963 1434 1019 iilic
1447 965 1535 1026 sedet.
1553 972 1618 1035 post
1630 966 1756 1024 biduom
1772 986 1818 1026 me
1833 988 1878 1026 se·

240 1065 423 1123 consisterem
438 1057 615 1112 admoneres.
638 1071 649 1102 »
666 1049 781 1110 Talibus
796 1051 930 1108 nimirum
949 1051 1039 1108 verbis
1079 1059 1191 1122 quatur.
1207 1052 1313 1116 illisit.
1325 1059 1354 1108 et
1364 1053 1467 1108 clausis
1478 1053 1573 1110 ocellis
1586 1070 1686 1110 somno
1709 1057 1762 1128 pin
1780 1059 1879 1116 monia

240 1152 350 1228 pueruli
378 1142 536 1204 innocentis
565 1140 633 1195 satis
659 1145 832 1209 compertum
864 1145 907 1194 est
930 1139 1039 1195 meritis
1079 1139 1219 1194 resolutus
1233 1147 1285 1194 est.
1300 1141 1389 1196 Senex
1411 1140 1545 1200 veroiile,
1559 1142 1641 1211 cujus
1659 1145 1745 1198 iinstn
1760 1147 1880 1218 propbe-

240 1243 314 1301 tanii
327 1237 420 1296 Patris
442 1241 471 1290 et
490 1230 581 1288 crucis
604 1229 684 1300 signo
706 1229 851 1284 saiobiero
870 1228 950 1284 ilium
971 1234 1039 1286 tunc
1078 1227 1125 1284 tie
1137 1228 1237 1298 spiritu
1251 1229 1389 1299 predixit,
1406 1229 1559 1286 secundum
1572 1245 1685 1288 camsre
1694 1240 1778 1305 pater
1791 1236 1880 1308 ipsias

241 1334 329 1390 faisse
342 1329 492 1384 solrstum.
509 1320 587 1376 istud
603 1319 699 1389 ltaque
711 1318 834 1388 ingentis
852 1316 939 1374 luisse
952 1319 1038 1374 mire·
1080 1315 1221 1372 Benedicti
1233 1316 1342 1372 abbatis
1352 1324 1423 1384 erat,
1435 1327 1532 1372 macte
1544 1323 1795 1379 conversationen
1807 1326 1880 1382 mira

239 1418 307 1486 onii,
321 1419 347 1474 ei
360 1423 531 1489 preruptam
546 1409 622 1463 iilam
642 1406 774 1478 abyssum
796 1423 935 1472 cerneres,
953 1408 1037 1464 iidem
1079 1405 1258 1477 simplicitate
1273 1407 1467 1478 egregius,qui
1477 1407 1507 1464 in
1519 1409 1673 1466 crastinum
1681 1427 1746 1468 eum
1760 1415 1877 1486 reliquis

239 1511 292 1567 tibi
307 1507 360 1581 ipsi
373 1503 414 1560 tui
429 1504 553 1557 iacerent
564 1497 647 1552 oculi.
681 1487 687 1496 ’
1079 1494 1114 1548 ad
1128 1497 1257 1550 monecbi
1272 1495 1348 1550 iilius
1362 1497 1509 1566 exsequias
1521 1513 1554 1552 ec
1567 1500 1743 1569 sepulturam
1768 1519 1878 1574 proem-

275 1595 321 1656 ii).
338 1593 423 1650 Venit
436 1588 587 1662 aliquando
601 1586 637 1641 ad
649 1585 857 1640 conversionem
877 1584 959 1640 miles
978 1585 1039 1656 qui·
1079 1584 1114 1638 sit
1126 1585 1274 1640 incolumis
1289 1603 1295 1638 :
1312 1585 1362 1640 aed
1378 1602 1440 1640 mon
1464 1586 1556 1641 valide
1574 1587 1651 1642 isbre
1671 1597 1828 1662 eet-reptes.
1848 1592 1876 1648 in

240 1689 306 1746 dein
315 1673 1039 1748 biiobrm‚Wiiieimosnomins.moribusetgenere
1079 1673 1125 1728 die
1139 1674 1222 1730 tertio
1232 1675 1364 1744 juvenem
1383 1692 1441 1730 sure
1462 1675 1655 1732 dissolutionis
1672 1683 1876 1750 praeconemad

239 1781 314 1840 baud
332 1773 480 1849 ignobilia:
494 1785 577 1840 qvem
596 1773 744 1839 gmusnter
757 1781 808 1820 suo
822 1780 901 1820 more
915 1765 1069 1848 suscepitfl
1080 1762 1189 1818 bestom
1202 1763 1338 1834 requiem.
1355 1769 1386 1818 ut
1398 1764 1531 1826 ereditur.
1547 1773 1711 1836 prosecutus
1725 1776 1778 1824 est.
1800 1770 1877 1828 Patri

238 1873 323 1930 Petet
336 1863 467 1934 insignis,
483 1857 666 1914 reminiscens
677 1865 778 1927 nempe
798 1856 874 1911 iliius
898 1855 1035 1910 Dominici
1077 1851 1210 1908 nimirum
1225 1860 1331 1908 sencio.
1345 1852 1506 1908 intermisso
1521 1855 1603 1925 pauci
1622 1857 1758 1928 temporis
1773 1861 1875 1930 spatio,

238 1961 305 2019 dieti
320 1983 327 2020 :
342 1957 438 2013 Omnis
450 1953 501 2021 qui
513 1951 586 2003 venit
600 1949 636 2000 nd
651 1963 702 2006 me,
717 1962 774 2004 nuri
791 1948 901 2014 ejiciam
916 1962 979 1999 cem
997 1947 1036 2012 [o-
1076 1955 1148 2012 puer
1165 1941 1212 1996 iile
1228 1941 1378 1998 defunctus
1390 1942 1509 1998 candida
1525 1944 1647 2000 amictus
1661 1947 1817 2004 dalmatica
1827 1967 1877 2022 ap·

238 2064 285 2106 ror
298 2051 389 2113 ticon.
408 2055 446 2106 rt,
460 2039 515 2101 oli.
529 2036 661 2092 omnibus
674 2037 804 2090 sacculum
820 2035 1036 2107 fugereeupien-
1077 2031 1180 2102 paruit,
1201 2031 1311 2102 sibique
1330 2031 1402 2086 bene
1425 2048 1486 2086 esse
1507 2033 1586 2090 dixit.
1603 2035 1667 2090 iiior
1689 2051 1746 2092 non
1772 2038 1824 2093 abs
1847 2057 1877 2096 re

236 2139 313 2195 tibus
325 2138 406 2190 lotus
419 2127 593 2186 «coemebat.
616 2133 646 2179 et
668 2125 773 2196 absque
794 2125 955 2180 divitiarum
971 2141 1035 2195 per-
1076 2121 1246 2192 scriptaesse
1258 2121 1748 2195 iutelligit.quisquisdiscipuiurem
1761 2127 1876 2184 laudern

238 2237 406 2284 mummio
419 2215 589 2292 prmudicio,
611 2214 718 2268 cunctis
744 2214 941 2269 misericordie
955 2214 1035 2269 sinus
1076 2209 1111 2264 ad
1127 2210 1293 2279 magistrum
1310 2209 1484 2264 referendam
1495 2213 1875 2276 consenaiiioruml'ratmnr

236 2315 386 2390 pendebat.
402 2311 501 2365 Frater
515 2306 601 2377 igitur
614 2304 661 2359 iiie
674 2303 1033 2359 conversusinstitutasan·
1075 2298 1177 2353 merite
1194 2299 1265 2364 ostri
1279 2315 1376 2354 eornm
1389 2298 1475 2354 etiaut
1486 2307 1515 2356 et
1527 2301 1634 2356 deceni
1648 2301 1805 2361 Benedicta
1820 2323 1875 2362 non

235 2411 287 2462 etse
300 2399 455 2469 discipline
477 2391 619 2450 sitibundo
635 2393 728 2447 bausit
749 2399 870 2463 pertore,
892 2397 920 2445 et
939 2391 1033 2446 seculi
1074 2385 1214 2442 immerito
1227 2387 1364 2458 ascripsit.

234 2507 350 2567 prorsus
364 2489 495 2556 desplecin
511 2482 642 2536 venitote.
665 2496 699 2534 ac
721 2480 820 2551 spiritu
836 2478 958 2534 Domino
971 2497 1039 2533 seo--
1109 2475 1143 2533 ei
1165 2479 1451 2532 Benedictusirierinis
1460 2479 1615 2547 baptizatas
1630 2481 1874 2554 loquebaturaii-

234 2585 322 2640 tiens.
342 2575 508 2633 iellrioitste
528 2573 674 2640 correptus
695 2569 729 2624 erl
750 2574 877 2623 extrema
895 2569 1032 2624 deductus
1074 2566 1270 2637 quandoidem
1288 2566 1873 2638 Patersepenominatnsmunroscsami-

235 2675 287 2734 est,
307 2669 356 2740 qui
373 2665 408 2720 eb
427 2663 525 2718 eodem
540 2661 633 2722 Peme.
653 2658 983 2712 necnonetiierimenno
998 2655 1031 2725 ιθ)
1073 2655 1874 2736 liariter.utnssoletlieri‚cumquibusdambstribusqno·

233 2757 378 2816 cardinali.
390 2753 478 2808 sancti
487 2748 616 2822 preconii
627 2748 721 2801 viroei
732 2747 931 2804 eruditissimo.
941 2747 1033 2802 visite-
1073 2759 1135 2798 rum
1147 2759 1220 2798 unus
1231 2743 1366 2800 aiacrior:
1380 2761 1393 2796 r
1407 2744 1524 2800 Densius
1536 2747 1638 2818 inquit,
1647 2749 1707 2818 jem
1724 2751 1873 2810 inalbescit

232 2859 289 2912 tus,
307 2853 370 2919 post
383 2858 490 2898 sacrem
509 2838 668 2895 unctionem
680 2845 838 2906 sancteque
850 2836 1030 2892 Eucharistin
1071 2836 1287 2903 caputvestrum
1307 2832 1393 2888 cenis.
1417 2835 1491 2890 seul
1509 2835 1591 2890 Peter
1607 2839 1775 2895 ilenedictats
1791 2860 1798 2894 :
1816 2843 1871 2900 Deo

231 2936 521 3012 perceptionem,cum
532 2933 606 2982 esset
616 2927 703 2980 laicus
711 2932 740 2979 et
749 2925 905 2980 litterarum
919 2925 1029 2996 penitus
1069 2923 1185 2992 gratias.
1203 2922 1324 2990 AEquum
1339 2922 1482 2992 igiturest
1508 2929 1538 2978 ut
1565 2925 1683 2981 ilominu
1705 2932 1870 2998 miserante,

229 3029 357 3100 ignarus.
379 3021 464 3093 coepit
484 3025 580 3073 tamen
600 3033 663 3072 rum
688 3015 744 3070 iilis
767 3015 808 3069 its
830 3030 914 3085 agere
938 3014 1029 3070 verbis
1069 3010 1186 3065 iluribus
1199 3010 1411 3081 erumpentibus
1425 3011 1469 3066 sui
1485 3013 1594 3068 fructus
1607 3018 1761 3074 succedant
1777 3027 1870 3076 matu-

230 3116 347 3174 Letinis.
364 3105 1028 3174 eosidoctusiuissetintergrammatirostem·
1071 3118 1137 3154 rius.
1156 3100 1208 3155 Sed
1230 3099 1327 3171 quldoi
1358 3099 1455 3168 irater,
1472 3102 1870 3178 fieretiiameqeidemsurn

230 3221 298 3280 pore
312 3201 437 3258 ineuntis
451 3197 551 3253 etatis.
568 3195 668 3266 Sisque
685 3195 787 3247 mirum
807 3193 837 3246 in
854 3194 969 3247 modurn
993 3194 1028 3246 ds
1070 3206 1122 3259 ego
1147 3191 1237 3243 ferme
1258 3189 1473 3258 sexagenarius.
1495 3190 1596 3246 Verum
1618 3209 1704 3248 unuin
1726 3205 1773 3252 est
1796 3202 1870 3270 quod

229 3292 424 3367 spiritualibus
438 3285 619 3357 disputando,
633 3292 662 3338 et
675 3284 826 3337 multorum
839 3281 968 3342 irairum.
979 3282 1028 3350 qui
1070 3279 1171 3337 recolo.
1189 3293 1239 3350 per
1252 3277 1326 3346 quod
1342 3277 1390 3332 Dei
1408 3279 1626 3336 misericordiam
1644 3300 1688 3338 nie
1701 3297 1870 3344 trinseeutu-

229 3385 328 3442 sodoro
343 3397 417 3437 anuo
431 3375 559 3432 morituri
571 3379 660 3432 erant.
673 3373 757 3426 tinem
773 3371 878 3426 instare
891 3371 1026 3441 praedixit,
1070 3385 1132 3423 rum
1149 3385 1240 3440 spero.
1258 3368 1354 3422 Trium
1367 3384 1488 3440 namque
1502 3385 1580 3425 eram
1596 3378 1870 3448 annorumiquando

229 3481 259 3530 st
269 3485 398 3527 amareris
410 3481 440 3521 se
452 3475 578 3520 sanctum
591 3461 758 3517 Trinitstem
772 3459 885 3514 aricino
900 3467 1027 3514 contem·
1069 3455 1199 3529 baptismi
1214 3457 1336 3527 gretiam
1353 3457 1463 3530 percepi
1479 3476 1485 3510 :
1500 3465 1529 3513 et
1542 3474 1606 3514 curn
1621 3461 1650 3515 in
1660 3462 1778 3518 salutari
1794 3467 1870 3522 iara-

229 3559 382 3635 pierl‚ieiix
398 3557 445 3610 ilia
461 3554 555 3608 anime
566 3547 834 3604 ieiiciterbomioem
845 3565 926 3602 suum
940 3550 1024 3603 exuit.
1069 3562 1115 3602 cro
1132 3561 1283 3618 mergerer.
1299 3547 1386 3602 visum
1402 3553 1446 3601 est
1460 3548 1527 3603 mihi
1546 3565 1601 3604 nun
1622 3549 1740 3608 inferius
1751 3553 1804 3616 ire.
1820 3557 1869 3610 sed

231 3652 293 3714 Qua
306 3649 340 3701 de
355 3659 385 3700 re
400 3645 482 3698 Peter
494 3646 608 3695 soricius
618 3637 855 3709 quamplurimum
871 3636 1028 3693 lateranen
1070 3635 1192 3706 quandiu
1208 3635 1235 3690 in
1252 3636 1312 3707 ipso
1327 3651 1406 3691 sacro
1419 3636 1497 3692 brute
1511 3637 1550 3693 iui
1565 3638 1592 3693 in
1607 3640 1665 3694 aito
1674 3643 1781 3697 mentis
1792 3651 1870 3700 stata

231 3736 358 3792 aisssbst
373 3739 468 3804 grates
482 3731 540 3785 Dee
559 3743 649 3798 agere.
676 3725 848 3798 premittens
869 3734 934 3780 ante
949 3744 979 3780 sc
992 3727 1026 3782 orl
1069 3725 1239 3790 constitisse,
1256 3726 1329 3779 unde
1348 3725 1482 3782 mundum
1499 3735 1590 3782 totum
1606 3729 1679 3784 inira
1694 3731 1781 3786 sitnm
1796 3741 1870 3790 esset

230 3824 381 3882 Dominum
399 3821 469 3876 tales
491 3817 648 3873 animarem
661 3815 770 3870 fructus
792 3821 821 3868 et
842 3815 1028 3885 primitiesex
1069 3813 1196 3886 aspicere
1230 3813 1327 3870 »iiaeo
1350 3815 1434 3869 verba
1454 3815 1552 3872 babuit
1574 3835 1629 3873 non
1655 3821 1743 3876 multo
1767 3827 1868 3894 pede

230 3927 281 3972 que
297 3914 404 3968 laboro,
1069 3904 1171 3958 saecqu
1195 3903 1379 3975 migraturus.
1400 3905 1502 3976 quibus
1524 3905 1596 3962 sorte
1619 3908 1704 3964 finem
1726 3911 1791 3966 vita
1814 3913 1868 3968 sibi

265 4002 311 4060 ii.
327 4001 495 4056 Adolescens
506 4011 618 4068 quoqne
631 3994 684 4050 fuit
694 3994 756 4064 ejus
766 3993 1028 4058 elnmnuanomine
1069 3993 1256 4064 propinquum
1269 3995 1330 4064 ejus
1340 3994 1547 4064 quodammodo
1562 3997 1727 4068 coniiciebet
1738 4001 1866 4070 spiritus,

230 4087 395 4150 hnieimes
407 4089 607 4146 inoleresestb
619 4083 666 4156 qui
676 4083 709 4138 ed
720 4083 885 4138 diaconatus
900 4082 1027 4138 ordinem
1069 4083 1148 4151 eujus
1162 4081 1328 4152 qualitatem
1344 4089 1440 4137 noster
1459 4083 1517 4153 jem
1543 4086 1715 4158 perstringet
1729 4089 1863 4146 celamm

229 4195 321 4251 nuper
339 4184 496 4252 promotus.
512 4172 700 4245 simplicitatis
718 4178 746 4225 et
765 4172 913 4226 castitatis.
926 4173 1028 4227 virtute
1105 4169 1147 4226 43.
1164 4172 1266 4226 anneo
1281 4173 1357 4226 edere
1379 4175 1511 4239 infirmus
1533 4181 1650 4230 rerunt.
1667 4179 1741 4232 Ante
1764 4180 1870 4236 exitum

230 4270 362 4343 pollebat.
379 4267 502 4322 isetiem
524 4262 603 4334 gravi
621 4260 794 4315 infirmitatis
814 4261 944 4314 nielestio
965 4275 1028 4316 cor-
1069 4257 1132 4312 tite
1146 4263 1274 4313 suetoto
1288 4258 1348 4313 iere
1361 4275 1435 4314 euno
1447 4260 1524 4330 pravi
1540 4277 1573 4316 ac
1587 4262 1670 4318 dubia
1687 4265 1871 4336 pulsetusast

231 4365 329 4431 reptes
343 4355 442 4412 mortis
457 4353 562 4414 vicina.
578 4351 682 4420 lingere
703 4349 795 4402 officio
814 4349 939 4420 privatus
952 4350 1029 4420 jorn·
1070 4347 1242 4402 infirmitate.
1256 4347 1307 4402 Oui
1323 4365 1386 4403 tum
1402 4349 1572 4406 medicorum
1583 4352 1632 4406 aiii
1642 4353 1727 4408 aliter
1740 4359 1871 4413 consule·

231 4449 337 4505 dudem
351 4445 462 4499 iuerat:
479 4448 507 4496 et
523 4455 585 4494 ecce
599 4438 692 4492 subito
714 4437 849 4508 quosdam
871 4439 973 4493 iratres
993 4439 1028 4494 nd
1040 4427 1061 4486 D
1071 4443 1144 4502 rent,
1158 4435 1305 4492 obediebat
1319 4437 1431 4507 quidem
1444 4437 1501 4492 iiiia
1515 4441 1719 4510 presentibus:
1733 4451 1764 4499 at
1777 4447 1826 4501 nbi
1840 4463 1871 4503 ae

231 4535 387 4592 custodiam
407 4532 460 4586 sibi
475 4531 625 4601 deputatos
638 4543 689 4582 sue
701 4526 794 4580 indice
808 4527 843 4580 ad
854 4545 885 4582 se
899 4529 1029 4582 accedere
1070 4524 1277 4587 submoverant,
1291 4522 1468 4597 praespiritus
1482 4528 1870 4606 ferroreqnietislmpatim,

230 4622 405 4696 significavit.
426 4620 533 4684 Quibus
556 4615 808 4688 propinquantibus
829 4617 870 4671 ait
893 4635 931 4671 :a
971 4617 1029 4674 Vox
1070 4614 1146 4668 etad
1163 4614 1276 4670 solitum
1292 4614 1539 4688 disciplinamque
1553 4619 1731 4678 abstinentiae
1746 4625 1869 4695 rigorem

230 4711 343 4770 Domini
355 4707 548 4763 intercidentis
563 4709 705 4760 iiammam
726 4705 806 4776 ignis.
824 4725 836 4758 b
854 4703 1029 4762 instantibus
1069 4720 1228 4760 recurrens.
1248 4713 1388 4776 corporeas
1407 4706 1565 4772 necessitati
1582 4709 1698 4765 minime
1721 4711 1870 4786 indulgere

230 4818 296 4857 vero
315 4799 370 4853 iilis
390 4813 477 4868 quare
501 4797 560 4850 bec
573 4795 685 4852 dixerit.
708 4801 740 4848 ut
763 4793 895 4864 aperiret.
913 4795 1028 4850 omnino
1069 4801 1195 4856 novarat,
1211 4811 1243 4850 ca
1259 4811 1309 4865 per
1324 4795 1375 4848 boc
1388 4795 1536 4851 moerim
1554 4797 1712 4855 molestiam
1727 4801 1811 4858 facile
1826 4805 1870 4860 in·

230 4888 373 4950 conticuit.
391 4885 551 4940 Transactis
566 4891 660 4938 autem
679 4883 777 4954 psucis
791 4884 876 4942 boris.
894 4901 958 4938 cum
986 4885 1026 4940 illi
1068 4882 1207 4937 currebat.
1219 4884 1322 4938 Etcum
1338 4884 1491 4956 paulopost
1505 4887 1670 4944 meliuscula
1684 4887 1794 4946 babeas
1807 4893 1872 4948 seb-

230 4980 311 5056 quasi
325 4975 454 5033 dissoluti
465 4975 556 5028 nescio
572 4973 638 5044 quid
664 4973 824 5043 garrirent;
842 4973 927 5028 simili
947 4973 1027 5044 signo
1067 4971 1218 5026 levaretur.
1225 4989 1282 5027 sue
1294 4972 1362 5027 item
1377 4973 1532 5030 debilitatis
1543 4976 1693 5032 immemor
1706 4995 1740 5034 nc
1752 4997 1870 5038 securas

229 5072 271 5128 eis
284 5071 415 5124 innuens.
427 5063 498 5118 dixit
511 5081 539 5116 :r
556 5061 647 5116 Oros.
660 5061 820 5116 secerdotes
830 5062 1026 5122 Dominiieci-
1067 5060 1103 5115 ad
1117 5067 1268 5115 nocturnus
1286 5070 1440 5118 conventus
1462 5063 1572 5135 vigilias
1594 5067 1750 5124 conabatur
1772 5085 1870 5128 ucen-

229 5161 283 5216 iins
291 5155 411 5231 possetis
421 5151 534 5216 salvari,
545 5150 568 5205 si
581 5165 692 5220 semper
706 5151 858 5204 cerneretis
868 5167 932 5205 eum
941 5168 1024 5221 quem
1068 5149 1143 5208 dore.
1157 5148 1292 5205 suimiaus
1303 5150 1391 5206 trium
1403 5151 1522 5208 iretrum
1534 5155 1648 5215 auxilio.
1660 5156 1774 5214 adone
1792 5161 1869 5216 vids·

228 5252 394 5324 presentem
414 5242 530 5298 bebetis.
543 5259 557 5294 l>
570 5240 619 5294 iiis
632 5238 714 5294 dictis
729 5239 827 5320 eodem
843 5241 926 5295 modo
937 5241 1023 5295 siluit.
1067 5237 1134 5292 licet
1147 5245 1176 5292 et
1190 5247 1310 5310 utroque
1330 5239 1418 5296 latero
1444 5241 1602 5300 Novissime
1618 5261 1685 5300 roro
1704 5259 1771 5302 cum
1791 5251 1869 5320 regio

226 5341 385 5399 Dicentem
404 5333 463 5404 jam
486 5331 745 5400 advesperascente.
764 5328 928 5383 benedictus
942 5330 1026 5386 Peter
1064 5327 1164 5382 inorbo
1178 5327 1472 5398 gmviusniiioereiur.
1488 5333 1562 5404 qnod
1583 5350 1616 5388 ex
1637 5335 1772 5390 hicterico
1785 5343 1813 5393 ei
1827 5340 1868 5394 si·

226 5431 393 5490 risereeum
408 5421 524 5493 cupiens
538 5417 668 5476 accurrit.
684 5416 773 5473 Muris
788 5417 863 5473 enirn
878 5417 918 5473 iiii
932 5419 1025 5475 iuerat
1065 5417 1141 5474 trine
1154 5417 1247 5474 colore
1268 5419 1363 5491 palum
1387 5420 1481 5486 tiebat,
1495 5437 1514 5476 a
1527 5433 1662 5480 menete
1675 5426 1768 5483 vietus
1780 5428 1869 5500 piar-d·

259 5595 1019 5678 ibligaetoaleitOnnirioilerimeeeeaiatocardineiia.
