3900 6168
216 268 271 328 ere
733 261 931 320 cumanam
948 261 1340 330 annaneannuunrr.
1782 286 1826 344 nn

217 393 337 451 ulterius
350 388 603 448 commacularetur
620 391 758 460 aspectus.
773 387 837 443 Non
862 381 906 444 est
918 387 1015 460 itaque
1027 391 1219 462 Aprosiliens,
1235 412 1287 452 nee
1301 413 1347 453 me
1360 401 1467 454 terrere
1488 399 1581 462 minis,
1597 415 1647 457 nee
1668 403 1827 478 subplantare

217 484 324 542 levitati
337 489 365 539 et
371 478 566 537 inconstantiae
577 478 783 550 deputandum,
794 478 867 550 qued
875 478 1019 534 abbatiam
1059 480 1181 551 insidiis,
1196 486 1324 542 nesciens
1337 487 1424 543 miser
1434 488 1485 544 sub
1499 488 1574 545 illius
1588 507 1632 546 me
1641 495 1828 564 capitisumbra
1919 479 1920 482 Ἴ

217 582 295 631 tuam
311 570 539 641 consortiumque
559 573 640 623 tuum
660 567 837 639 aufugerim3
854 568 938 640 idque
949 568 1019 624 mihi
1058 571 1272 644 infatigabiliter
1284 577 1437 638 decertare,
1454 595 1471 633 a
1494 595 1549 650 que
1572 583 1721 639 conculcari
1734 586 1828 645 leonem
1919 631 1920 650 ,

217 661 359 734 perfacile,
373 659 501 732 quisquis
511 663 539 714 te
554 657 690 728 agnoscit,
706 656 836 728 ignoscit.
1058 665 1088 715 et
1098 660 1247 718 draconem
1258 664 1326 720 tuba
1337 667 1500 738 prophetica
1515 677 1695 740 preconatur.
1712 673 1748 730 Ut
1756 675 1830 746 igitur

484 743 663 802 EPISTOLll
678 746 725 802 lV.
1057 764 1114 804 non
1124 751 1166 806 illi
1177 751 1322 810 virulentae
1328 755 1445 824 insidia,
1455 757 1496 812 sie
1504 774 1556 813 nec
1566 759 1634 814 mihi
1647 761 1702 817 Deo
1715 766 1829 837 propitio,

448 852 483 893 nu
500 849 634 898 oueunnnr
648 851 782 890 neaeram.
1056 839 1397 914 quibuseasrepellerem,
1406 845 1463 900 deli
1474 851 1503 900 et
1515 849 1626 904 astutia
1636 849 1752 908 defuere.
1766 855 1832 910 licet

319 930 448 1000 &melem
462 928 625 996 argumenti
637 942 671 980 uc
680 927 741 980 due
754 927 917 994 superiores.
1056 944 1123 1000 erge
1133 929 1209 986 illius
1218 948 1264 986 nne
1268 933 1337 1005 J'ugo
1348 933 1517 1006 subjecerim
1525 936 1751 1008 imprudenterad
1758 943 1832 998 modi·

252 1017 483 1078 Desiderabiliter
489 1014 642 1071 venerabili
657 1019 686 1070 et
699 1014 897 1070 venerabiliter
905 1013 1015 1070 deside·
1057 1033 1131 1084 cum,
1146 1023 1242 1075 mmen
1256 1021 1372 1078 toleravi
1387 1024 1538 1096 patienter,
1554 1027 1632 1082 evasi
1642 1029 1782 1102 sapienter.

217 1109 301 1167 rabili
314 1111 418 1165 domne
432 1104 555 1178 ethatri
569 1105 616 1170 H.,
632 1103 678 1158 W.
696 1107 837 1175 peccator,
849 1103 1015 1171 orationem,
1093 1105 1200 1163 Verum
1214 1125 1272 1164 non
1286 1110 1403 1167 minimo
1418 1115 1525 1186 pudore
1537 1117 1700 1186 confundor,
1718 1137 1760 1176 me
1780 1123 1831 1194 plus

218 1200 372 1258 servitium.
1057 1196 1209 1253 credidisse
1223 1199 1316 1256 verbis
1324 1202 1434 1268 alienis,
1450 1221 1535 1276 quam
1549 1207 1637 1263 oculis
1650 1209 1731 1265 meis:
1743 1216 1768 1265 et
1779 1228 1832 1268 cum

253 1289 356 1361 Accepi
368 1288 478 1344 litteras
486 1290 561 1351 tuas,
576 1284 687 1339 litteras
711 1299 788 1354 pura
805 1279 1015 1350 benevolentia,
1057 1283 1087 1339 in
1102 1285 1151 1341 illo
1163 1286 1232 1342 mihi
1244 1289 1332 1346 totius
1358 1291 1543 1364 malignitatis
1556 1295 1661 1353 indicia
1673 1307 1831 1371 apparerent

217 1380 327 1436 litteras
337 1375 519 1433 sincerissimi
530 1373 634 1428 amoris
649 1373 714 1444 igne
728 1373 880 1440 ferventes,
895 1379 924 1426 et
946 1371 1015 1426 inti·
1057 1389 1171 1430 mecum
1182 1375 1230 1431 illo
1240 1378 1343 1433 velsub
1357 1379 1406 1435 illo
1418 1384 1594 1440 consensisse
1603 1393 1705 1458 puncto
1718 1391 1833 1461 temporis

217 1487 271 1526 mm
281 1465 438 1523 dilectionis
452 1462 584 1520 ineffabili
602 1462 749 1533 splendere
774 1461 908 1516 lucentes.
925 1460 957 1516 ln
972 1461 1015 1516 his
1057 1462 1202 1520 immorari
1219 1468 1419 1525 miserabiliter
1426 1471 1569 1528 erubeseo.
1586 1473 1669 1531 Certe
1682 1476 1797 1534 videbam
1809 1480 1833 1536 in

217 1562 313 1614 autem
327 1555 429 1611 litteris
443 1554 500 1610 tuis
513 1551 659 1608 asserebas
672 1557 702 1606 te
716 1567 772 1606 non
784 1550 1017 1605 mediocriterad-
1056 1551 1249 1610 illocervicem
1266 1557 1447 1614 inflexibilem
1460 1567 1489 1616 et
1500 1568 1636 1631 erectam,
1647 1565 1737 1620 oculos
1750 1568 1832 1638 plenos

217 1642 325 1708 mirari,
341 1658 386 1696 me
400 1639 441 1694 sic
454 1638 522 1700 falli,
540 1637 579 1692 sic
590 1635 680 1708 decipi
703 1636 838 1707 potuisse,
853 1635 927 1690 utin
939 1641 1015 1691 terra
1056 1639 1137 1698 iuriis
1156 1644 1211 1700 huc
1223 1645 1346 1718 illucque
1356 1655 1512 1720 currentes,
1530 1669 1614 1708 nares
1628 1654 1762 1730 spirantes
1778 1673 1832 1712 con-

216 1735 398 1796 Francorum,
415 1728 495 1800 quasi
509 1728 539 1784 in
561 1728 624 1782 lacu
648 1724 770 1782 leonum.
787 1741 833 1780 me
847 1739 947 1796 passus
961 1725 1013 1780 sim
1023 1737 1205 1807 Btemptum,
1231 1751 1390 1792 sermonem
1405 1739 1514 1795 varium
1542 1741 1653 1814 sibique
1676 1743 1831 1811 dissimilem,

215 1827 276 1878 tam
291 1827 398 1877 temere
411 1819 547 1891 facileque
561 1816 705 1872 contrudi:
722 1814 878 1887 praesertim
891 1831 955 1870 eum
969 1831 1014 1870 me
1057 1818 1134 1873 nulla
1144 1821 1345 1892 consequentia
1353 1822 1486 1895 nullaque
1496 1825 1606 1882 ratione
1616 1831 1835 1896 constantemhu-

216 1911 252 1968 ab
258 1913 311 1966 hoc
321 1909 527 1966 letaliiacinore
541 1906 616 1961 illius
630 1903 834 1960 cruentissimae
850 1903 945 1959 bestias
960 1903 1016 1958 im·
1055 1908 1307 1978 meresjaetabiles,
1319 1910 1564 1982 pedesinstabiles,
1581 1916 1720 1972 incessum
1730 1918 1835 1989 inequa-

215 2001 339 2056 manitas
366 2014 498 2054 revocare
521 1995 659 2058 debuerit,
686 1992 798 2049 etiamsi
821 1997 922 2047 caetera
945 1993 1015 2048 satis
1055 1995 1123 2063 lem,
1140 1997 1662 2070 incompositumindeeorum,manus
1670 2007 1835 2078 mpaees,vie

217 2089 437 2161 quietatutaque
454 2087 553 2142 iurent.
563 2085 665 2139 Fateor
677 2083 719 2137 ita
731 2098 803 2146 esse,
820 2081 928 2153 tibique
939 2098 1017 2136 vera-
1056 2088 1157 2153 lentas,
1174 2094 1319 2161 promptas
1332 2091 1367 2145 ad
1387 2093 1489 2148 cadem
1509 2100 1539 2149 et
1557 2095 1593 2150 ad
1613 2094 1744 2166 injuriam
1755 2095 1835 2167 proxi·

215 2180 286 2236 citer
300 2195 392 2234 meam
405 2176 595 2232 temeritatem
605 2188 753 2242 meamque
761 2170 911 2226 stultitiam
923 2170 1017 2242 obJ'ur·
1055 2191 1176 2231 morum.
1188 2176 1259 2231 (lum
1284 2177 1371 2248 igitur
1395 2181 1453 2236 haee
1481 2182 1511 2236 in
1525 2182 1573 2237 illo
1587 2189 1730 2239 venenata
1747 2182 1835 2238 menis

214 2272 304 2345 ganti,
314 2271 381 2344 quid
388 2267 585 2332 excusationis,
597 2265 664 2338 quid
675 2262 1011 2328 defensionisomendcm,
1055 2263 1137 2336 signa
1150 2267 1349 2338 perspexerim,
1358 2269 1464 2326 ultima
1481 2272 1597 2326 omnino
1606 2273 1727 2328 miseria
1740 2273 1790 2328 fuit
1804 2274 1836 2327 sic

214 2378 261 2417 me
273 2378 331 2417 nen
341 2359 446 2415 habere
467 2358 611 2412 confiteor.
626 2355 732 2410 Verum
751 2353 836 2408 debes
850 2353 1012 2408 meminisse
1054 2369 1099 2408 me
1113 2353 1239 2425 potuisse
1250 2354 1435 2429 mihimetipsi
1448 2356 1600 2425 absentari,
1621 2365 1655 2416 ut
1667 2375 1785 2431 unquam
1799 2376 1837 2414 me

213 2450 389 2507 infirmitatis
403 2449 544 2512 humanae,
555 2445 763 2516 neminemque,
770 2443 838 2497 dum
851 2442 880 2498 in
890 2443 943 2498 hoc
952 2459 1013 2498 cor·
1052 2459 1152 2515 passus
1166 2443 1220 2497 sim
1234 2443 1295 2514 ejus
1308 2445 1352 2499 vel
1363 2445 1492 2502 mnviuu
1506 2449 1548 2503 vel
1556 2448 1699 2521 colloquio
1705 2448 1834 2503 maculari.

211 2557 279 2613 pore
292 2539 393 2595 mortis
406 2537 516 2598 vivitur,
522 2535 562 2590 ita
572 2535 631 2590 lore
646 2532 810 2606 perfectum,
826 2539 928 2588 utnon
943 2533 1010 2588 sub·
1052 2532 1140 2604 Spero
1155 2538 1249 2588 autem
1260 2536 1322 2604 jam
1331 2549 1377 2589 me
1395 2534 1541 2591 decaetero
1553 2538 1837 2610 prospectiorempur·

210 2631 306 2703 jaceat
318 2626 516 2685 mutabilitatis
529 2626 646 2680 incerte.
663 2622 736 2688 Quid
751 2622 826 2677 enim
848 2622 952 2677 mirum
966 2639 1011 2678 me
1051 2621 1200 2693 gatiorem,
1214 2623 1426 2696 cautioremque
1440 2625 1610 2696 iutu1·um;si
1626 2633 1722 2683 tamen
1735 2633 1764 2682 tu
1777 2627 1837 2682 milri

177 2772 182 2783 ,
212 2719 312 2776 alienis
321 2719 437 2774 cessisse
445 2714 579 2780 consiliis,
591 2711 827 2770 etastabilitatis
839 2711 958 2784 propria
966 2712 1012 2766 tir·
1052 2712 1184 2785 opitulari
1205 2728 1261 2768 non
1294 2713 1412 2782 abnuas,
1441 2715 1629 2789 precibusque
1650 2717 1836 2790 potentissimis

211 2809 311 2866 mitate
322 2807 468 2880 paululum
480 2803 694 2868 titubasse,cum
708 2807 737 2856 et
747 2801 1010 2872 David,prudentis·
1051 2819 1145 2874 agere,
1162 2809 1192 2858 ut
1201 2803 1260 2858 hec
1275 2803 1353 2870 mihi,
1362 2821 1425 2874 quae
1434 2819 1469 2861 ex
1483 2803 1604 2876 quadam
1614 2804 1836 2862 mentisovilitete

212 2899 302 2955 simus
316 2897 529 2970 prophetarum.
539 2891 611 2948 servi
620 2892 651 2946 in
660 2890 808 2947 dominum
820 2889 1011 2961 Miphiboseth
1051 2896 1195 2947 contracta
1208 2898 1260 2960 est,
1271 2893 1413 2965 prolapsio
1426 2895 1598 2951 remittatur·
1612 2895 1689 2952 Vale.

212 2986 383 3043 accusationi
396 2984 473 3039 ialsee
488 2981 640 3037 crediderit
651 2999 658 3050 ;
681 2985 710 3036 et
722 2979 813 3036 iosias
827 2995 875 3034 rex
887 2979 935 3034 ille
948 2996 1010 3035 san·
1330 2981 1508 3040 aristote
1521 2984 1561 3044 V.

212 3076 365 3144 missimus,
380 3073 523 3144 uniceque
540 3070 655 3144 pietatis
669 3069 700 3125 in
713 3069 934 3141 Dominum,prn
943 3061 1041 3141 regeG
1265 3088 1302 3126 an
1316 3087 1468 3128 uonneauu
1483 3089 1631 3134 emmanu.

211 3164 393 3238 Assyriorum
417 3163 448 3218 in
475 3161 588 3218 Nechao
603 3175 699 3232 regem
712 3157 824 3230 AEgypti
838 3175 1011 3230 consurgens
1103 3160 1191 3214 illum
1204 3161 1241 3215 ed
1254 3147 1445 3216 anurn'Deum
1460 3163 1643 3231 quarendum
1658 3165 1792 3218 bortatur.

213 3255 326 3311 Domini
336 3251 616 3327 provocaveritiram3
628 3264 689 3321 quae
699 3253 804 3316 tamen,
828 3265 863 3304 ne
877 3248 949 3304 tanti
960 3248 1011 3304 viri
1087 3248 1275 3304 Dilectissimo
1287 3248 1369 3306 fratri
1378 3250 1424 3318 A„
1439 3249 1489 3309 W.
1508 3256 1651 3323 peccator,
1663 3252 1768 3308 intimas
1778 3251 1840 3306 dile·

215 3343 348 3400 meritum
358 3342 507 3415 deperiret,
525 3339 689 3396 transitoria
707 3355 790 3410 pmna
804 3343 951 3412 morteque
967 3355 1012 3394 se·
1053 3334 1154 3392 ationis
1168 3337 1310 3396 allectum.

213 3433 281 3488 data
294 3438 337 3488 est
349 3429 509 3502 temporali.
525 3429 589 3484 Non
600 3432 644 3482 est
656 3426 744 3498 igitur
762 3425 969 3492 admirandum,
983 3427 1013 3483 si
1089 3426 1194 3482 Omnes
1207 3429 1321 3500 quidem
1334 3429 1464 3486 homines
1483 3429 1532 3503 qui
1544 3445 1632 3486 sacrm
1651 3430 1717 3487 tidei
1732 3434 1760 3486 et
1773 3427 1842 3500 ugni·

214 3527 304 3578 etnos
317 3521 366 3593 qui
380 3519 549 3576 involvimur
563 3513 687 3572 tenebris
705 3521 893 3587 peccatorum,
918 3517 947 3572 in
971 3517 1013 3572 lu·
1052 3517 1138 3572 tionis
1156 3517 1257 3573 didace
1279 3533 1396 3574 munere
1409 3519 1579 3590 gloriantur,
1598 3520 1682 3576 decet
1710 3523 1802 3575 sancte
1818 3521 1842 3570 et

213 3611 290 3668 brieo
306 3611 407 3666 itinere
422 3606 553 3674 labimur,
567 3613 595 3662 et
608 3606 638 3661 in
651 3605 757 3661 nostris
772 3605 897 3660 consiliis
911 3605 1013 3678 caliga-
1053 3605 1232 3662 laudabiliter
1245 3607 1404 3663 conversari
1434 3609 1526 3680 liujus
1537 3613 1635 3664 tamen
1650 3608 1756 3681 negotii
1762 3607 1842 3677 majus

213 3716 375 3757 musteum
391 3695 597 3766 talestnntique
611 3695 663 3749 viri
687 3694 854 3765 ignorantia
869 3695 1013 3766 potuerint
1053 3695 1098 3751 his
1111 3697 1220 3768 pondus
1245 3696 1391 3766 incumbit,
1418 3697 1467 3769 qui
1497 3697 1691 3754 excellentiori
1711 3694 1841 3770 proposito

213 3788 310 3844 nubilo
320 3785 475 3850 obscurari,
490 3784 520 3839 in
535 3799 654 3855 querum
669 3782 726 3836 vita
744 3786 774 3837 et
787 3782 910 3839 moribus
917 3784 1012 3840 lumen
1054 3801 1120 3840 suas
1134 3785 1244 3841 animas
1258 3785 1415 3842 voluntarie
1430 3785 1625 3858 subjugantes,
1639 3787 1782 3859 animique
1793 3784 1843 3840 ser·

211 3875 330 3949 justitia
343 3878 372 3929 et
381 3873 448 3929 solis
457 3871 543 3927 etiam
553 3869 666 3926 claritas
684 3869 851 3941 refulgebat.
1052 3890 1120 3930 vore
1140 3873 1262 3930 mirabili
1277 3875 1405 3930 omnium
1428 3879 1635 3948 preceptorum
1653 3874 1842 3932 cacuminasu·

250 3964 286 4020 Et
299 3979 351 4035 ego
365 3962 479 4034 quidem
495 3962 617 4034 quadam
628 3960 742 4016 virtutis
753 3959 876 4031 imagine
887 3978 949 4018 sum
966 3964 1013 4018 de·
1053 3965 1202 4036 pergressi,
1214 3965 1244 4019 in
1259 3963 1364 4020 Christi
1374 3979 1491 4038 corpore
1501 3965 1582 4038 quasi
1591 3965 1726 4038 quaedam
1736 3959 1844 4019 durissi-

214 4058 322 4125 ceptus,
338 4058 367 4108 et
380 4057 414 4108 ut
423 4051 500 4107 illius
513 4050 715 4123 feraepessimae
728 4051 904 4122 monstrique
923 4052 1013 4109 horri-
1053 4069 1100 4108 ma
1112 4053 1220 4110 lumina
1233 4054 1365 4110 emicant.
1381 4054 1452 4110 Cum
1466 4055 1544 4111 enim
1556 4053 1694 4127 conjugia
1704 4049 1843 4126 apostolico

214 4142 279 4198 bilis
288 4142 394 4200 sevitia
406 4141 501 4196 minus
510 4143 746 4213 prospectaretur,
753 4145 1010 4214 prospectaqueea·
1054 4158 1102 4198 ore
1115 4143 1275 4206 laudentur,
1284 4148 1313 4197 et
1322 4157 1355 4198 ex
1369 4140 1549 4200 facultatibus
1558 4143 1619 4200 suis
1630 4149 1743 4217 partem
1752 4153 1844 4214 paupe

214 4237 336 4299 veretur,
351 4229 463 4287 miseris
474 4229 620 4288 monachis
634 4226 775 4286 etaiilicto
789 4229 850 4284 loce
860 4246 946 4286 eausa
959 4230 1013 4286 suit
1053 4229 1131 4286 ribus
1136 4237 1294 4302 erogantes,
1301 4231 1382 4287 sedes
1389 4229 1546 4299 beatorum,
1559 4249 1736 4306 camposque
1747 4229 1843 4302 Elysios

214 4321 334 4378 intentio
348 4319 522 4378 consulendi.
539 4318 728 4374 Pollicebatur
742 4318 817 4374 enim
830 4319 877 4374 ille
896 4320 1012 4391 aperde
1053 4326 1272 4392 consequantur,
1287 4320 1335 4375 isti
1358 4325 1454 4376 tamen
1473 4321 1538 4377 vitm
1561 4319 1741 4394 perfectioris
1757 4331 1844 4374 amere

213 4409 284 4464 silva
292 4407 407 4472 crebris,
418 4409 595 4479 multumque
611 4406 785 4463 terribilibus
796 4409 1011 4479 juramentis,se
1053 4409 1147 4464 omnia
1160 4409 1281 4464 visibilia
1294 4416 1516 4478 contemnentes,
1531 4411 1624 4484 ipsam
1646 4411 1741 4468 subito
1754 4422 1843 4462 mona·

212 4496 324 4552 vineam
335 4495 449 4551 Domini
459 4511 602 4566 nunquam
616 4496 735 4551 ulterius
749 4496 943 4569 depasturum,
959 4513 1011 4553 nec
1051 4496 1114 4551 dem
1121 4497 1247 4569 arripere
1261 4499 1431 4566 maluerunt,
1440 4515 1525 4572 quaur
1538 4517 1572 4556 ex
1588 4500 1635 4554 his
1649 4495 1844 4572 temporalibus

215 4585 291 4640 deea
304 4584 458 4656 quidquam
466 4584 637 4650 ablaturum,
653 4584 708 4640 nisi
717 4585 790 4658 quod
798 4587 824 4641 ei
831 4602 931 4642 manus
941 4603 1009 4643 meae
1049 4588 1155 4657 gradus
1169 4587 1289 4648 efficere,
1299 4588 1401 4659 quibus
1416 4589 1452 4644 ad
1462 4589 1539 4644 illam
1549 4589 1761 4644 conscenditur.
1777 4587 1843 4640 Sane

214 4679 370 4746 spontanea
384 4672 496 4744 largitio
510 4675 682 4730 contulisset.
693 4674 815 4742 Credidi,
825 4675 923 4744 fateor,
947 4693 1010 4748 pro·
1050 4676 1124 4746 quod
1140 4678 1236 4732 omnia
1249 4677 1408 4734 reserantur
1421 4678 1456 4733 ad
1471 4678 1633 4743 monadem,
1647 4683 1676 4734 et
1689 4678 1756 4750 quia
1768 4686 1845 4746 super

214 4761 394 4818 missionibus
404 4763 474 4834 ejus,
484 4779 539 4818 non
554 4763 623 4818 levis
637 4763 731 4819 meriti
745 4764 902 4820 minimaeve
913 4783 1009 4821 remu·
1050 4766 1190 4834 universa,
1200 4783 1262 4838 qua
1269 4767 1417 4839 peripsam
1427 4765 1581 4835 factasunt,
1593 4773 1695 4823 teneat
1713 4763 1845 4838 principa·

212 4851 369 4908 necationis
375 4851 516 4908 arbitrans
525 4853 593 4918 iore,
604 4852 628 4907 si
643 4869 693 4925 per
705 4869 751 4908 me
758 4860 854 4926 posset
861 4854 936 4909 illius
950 4861 1011 4910 tru-
1050 4861 1122 4923 tum,
1139 4855 1284 4929 Scriptura
1298 4856 1345 4911 illa
1354 4856 1425 4912 satis
1440 4856 1584 4912 evidenter
1592 4856 1731 4922 ostendit,
1741 4869 1801 4926 qua
1812 4849 1843 4904 de

212 4939 336 4997 calentia
343 4941 504 5014 temperari.
513 4943 551 4997 nt
557 4941 603 4996 ille
613 4942 812 5014 rapacissimus
819 4943 1010 5016 lupuscallide
1050 4945 1189 5017 sapientia
1199 4946 1325 5018 loquens,
1336 4946 1407 5002 Gom
1421 4962 1491 5014 unc,
1506 4947 1608 5019 inquit,
1626 4950 1675 5015 sit,
1699 4948 1793 5002 mania
1803 4957 1845 5012 pe

211 5029 381 5086 blandiendo
395 5036 425 5086 et
438 5031 507 5086 falsa
525 5030 692 5102 pollicendo,
709 5031 824 5088 omnino
839 5031 1010 5091 moliebatur
1051 5035 1239 5090 testEtunam
1248 5036 1529 5108 seaDeminopetere
1538 5036 1692 5092 Psalmista
1705 5038 1842 5090 testatur:

211 5117 360 5176 abbatiola
371 5123 486 5187 nesure,
500 5136 563 5192 quae
577 5136 628 5192 pro
642 5121 757 5177 modulo
779 5137 831 5177 sue
850 5123 919 5179 satis
932 5123 1008 5178 ordi·
1050 5130 1079 5180 et
1091 5138 1158 5180 arca
1172 5141 1233 5196 quse
1244 5139 1262 5180 a
1274 5125 1335 5180 Noe
1347 5129 1510 5181 constructa
1519 5130 1571 5193 est,
1582 5123 1632 5180 ubi
1650 5139 1789 5180 mensure
1800 5135 1846 5176 ca·

210 5216 279 5266 nata
290 5209 416 5280 satisque
425 5209 579 5280 composita
588 5208 747 5282 videbatur,
754 5211 868 5266 dentem
878 5211 1007 5285 infigere3
1048 5215 1117 5270 litus
1129 5215 1243 5281 dantur,
1252 5213 1283 5270 in
1294 5213 1473 5271 interioribus
1485 5219 1681 5270 trecentorum
1692 5211 1844 5270 cubitorum

210 5303 240 5353 et
252 5315 314 5370 qum
328 5298 490 5370 pestilentia
501 5313 554 5354 sua
567 5299 744 5370 protriverat,
769 5299 800 5356 in
818 5301 933 5359 malitie
951 5319 1009 5360 suae
1050 5303 1300 5376 longitudinem,et
1312 5303 1518 5378 quinquaginta
1526 5303 1710 5360 latitudinem
1718 5299 1844 5358 habuisse

209 5392 337 5442 ventrem
351 5403 464 5460 quoquo
482 5388 566 5443 modo
580 5387 921 5456 alienaconsciseere.Qui
933 5397 1008 5464 post-
1049 5393 1235 5451 describitur:
1251 5410 1314 5466 que
1324 5400 1420 5452 tamen
1429 5395 1465 5451 ad
1477 5393 1580 5450 altiora
1587 5407 1762 5466 consurgens
1773 5387 1843 5460 eogi-

209 5491 294 5546 quam
306 5493 336 5532 se
350 5474 421 5532 vidit
429 5477 537 5532 trustra
545 5476 598 5532 niti
608 5481 742 5552 artesque
755 5479 894 5554 suasffisibi
907 5496 1007 5553 parum
1047 5490 1096 5540 tur
1107 5483 1138 5548 ip
1152 5490 1314 5556 angustum,
1328 5485 1412 5540 itaut
1426 5482 1575 5542 summitas
1588 5482 1651 5554 ejus
1665 5481 1698 5540 ia
1707 5480 1790 5540 umus
1802 5491 1844 5534 eu·

207 5563 368 5635 procedere,
377 5565 408 5622 in
421 5571 549 5640 apertam
556 5564 696 5624 insaniam
710 5568 1007 5642 solitumquesurorem
1047 5572 1099 5630 biti
1115 5573 1239 5646 spetlum
1251 5573 1434 5638 terminetur,
