3882 6172
236 246 292 318 619
826 230 960 292 unnim
978 229 1082 286 LUOAE
1101 229 1283 290 DAOHERH.
1800 245 1845 300 520

236 372 340 438 naides
355 383 370 426 ι
385 368 426 426 ne
437 362 573 435 ωιιιιὶοιιο
584 365 634 418 tua
646 363 677 418 et
684 355 836 430 prudentia
847 355 1029 422 confidentes,
1040 357 1064 418 A
1075 359 1129 424 tas,
1143 355 1216 412 sicut
1238 361 1304 413 sunt
1321 359 1380 410 tres
1400 357 1504 430 angeli,
1518 359 1559 414 ila
1577 364 1671 418 tamen
1693 367 1723 418 ut
1745 379 1797 420 una
1813 367 1846 422 sit

235 457 356 534 apostoli
370 455 452 514 Pauli
465 450 655 510 obedientiam
671 445 845 518 injungimus
855 448 896 510 ut,
913 444 986 498 sicut
1000 443 1033 498 da
1074 445 1203 498 voluntas
1215 451 1244 498 et
1256 449 1396 516 potestes3
1412 452 1463 500 aut
1476 447 1587 502 Patrem
1608 455 1637 506 et
1656 450 1781 520 Spiritum
1794 471 1847 510 nan.

235 545 393 614 ministerio
419 541 494 614 qnod
518 538 604 596 fiebat
627 535 730 592 sanctis
763 532 811 604 qui
833 532 1034 602 Hierosolymis
1075 539 1150 586 oturn
1166 549 1227 586 esse
1241 533 1427 602 incarnatum,
1439 547 1467 590 et
1480 541 1537 592 tres
1550 537 1617 592 duos
1629 555 1690 594 vare
1703 540 1753 596 dici
1766 559 1845 611 posse,

236 635 411 702 babitabant,
432 628 553 702 gentiles
572 626 692 691 Paulus,
717 639 787 694 quos
806 621 864 676 Deo
883 625 1034 694 praestante
1075 619 1099 674 si
1113 636 1180 674 usus
1193 622 1364 676 admitteret.
1379 623 1410 677 ln
1425 640 1481 694 qua
1494 627 1632 682 sententia
1640 629 1738 682 asserit
1749 646 1847 686 senera-

235 727 422 790 converterat,
437 714 675 782 admonebantur
690 718 721 767 tu
730 727 842 784 quoque
853 708 991 782 episcopis
1006 714 1035 764 et
1075 707 1137 762 bilis
1155 710 1295 765 memoriae
1308 712 1546 784 archiepiscopum
1568 715 1747 772 Lanlrancum
1763 719 1845 786 fuisse,

235 813 407 890 proceribus,
423 807 586 876 ceterisque
599 800 742 857 catholicis
757 805 838 853 terrae
852 805 950 853 vestrae
963 798 1033 852 lide-
1074 802 1102 850 et
1117 813 1243 863 maesse,
1261 819 1274 849 ι
1290 808 1342 853 etc.
1354 801 1460 856 Deinde
1469 809 1630 872 partestum
1643 807 1846 875 prestantissimi

234 906 301 964 liter
312 904 430 960 devotus
448 895 562 953 insistas
576 897 715 963 quatenus
731 903 886 960 pauperum
899 887 1033 942 Romanae
1075 886 1202 955 magistri
1217 887 1333 942 snitum
1349 905 1414 943 suas
1428 890 1456 943 in
1468 891 1585 945 concilio
1599 892 1726 948 Remensi
1743 897 1846 950 tuendas

235 991 364 1055 Eodeaiae
389 1000 528 1042 memores
553 980 620 1046 sint,
646 993 800 1048 corumque
824 976 949 1048 inopiam
981 991 1034 1030 sua
1074 976 1216 1047 suscipere
1230 983 1312 1048 rogat
1326 978 1488 1048 episcopum
1512 979 1722 1034 Belvacensem:
1741 981 1847 1036 «Arrhi-

234 1073 549 1145 abundsutiasupplere
563 1084 619 1124 non
634 1067 790 1138 negligant.
805 1065 848 1120 Ad
864 1064 937 1136 quod
954 1079 1032 1118 exse·
1074 1064 1234 1136 episcopum
1260 1065 1373 1136 quidem
1397 1065 1585 1129 bantrancurn
1604 1068 1707 1136 (subdit
1726 1068 1779 1136 ille)
1800 1070 1846 1124 vita

234 1169 378 1244 quendum
396 1161 590 1220 charissimum
606 1156 696 1212 lilium
705 1161 834 1210 nostrum
849 1153 969 1210 G........
986 1151 1033 1206 ab·
1074 1153 1134 1221 ejus
1149 1154 1245 1210 multis
1257 1154 1395 1226 religiosis
1409 1160 1438 1210 et
1451 1155 1625 1226 sapientibus
1640 1157 1704 1211 viris
1713 1139 1783 1220 bota,
1791 1159 1847 1228 quia

233 1259 327 1319 batem
341 1257 371 1314 S.
386 1251 483 1308 Sabini
506 1248 612 1304 laboris
630 1244 673 1302 tui
695 1243 825 1300 comitem
847 1259 910 1296 esse
929 1239 1031 1296 consti-
1072 1241 1107 1296 de
1121 1259 1153 1296 eo
1164 1259 1307 1314 nunquam
1318 1243 1423 1314 ahquid
1438 1244 1494 1299 tale
1514 1245 1618 1312 sonuit,
1634 1244 1669 1300 ab
1689 1246 1846 1300 hoccnmine

232 1347 352 1412 suimus,
362 1347 395 1402 ut
410 1337 579 1398 maturatius
599 1348 795 1406 pressurarum
807 1335 969 1386 nostrarum
983 1346 1031 1386 an·
1073 1331 1140 1386 satis
1154 1339 1276 1397 excusat,
1294 1338 1322 1387 et
1336 1331 1463 1389 absentia
1482 1337 1511 1386 et
1531 1350 1607 1389 mors
1625 1335 1685 1405 ejus
1707 1350 1808 1388 omnem
1818 1335 1847 1390 de

231 1435 335 1509 ‘uobis
347 1431 462 1490 anemis
476 1426 632 1490 subvenire,
648 1428 725 1478 ete.»
737 1423 899 1490 Hucusque
912 1419 1032 1474 exchar-
1072 1435 1105 1473 eo
1119 1435 1219 1474 novam
1234 1422 1441 1476 accusationem
1451 1409 1570 1476 recusat.
1580 1421 1673 1476 Deme
1685 1429 1845 1482 autemetci

233 1524 337 1585 missio
360 1517 524 1578 monasterii
545 1512 642 1572 Sancti
661 1510 794 1584 Cypriani
807 1506 1031 1580 congregationis
1073 1508 1211 1564 Ceterum
1225 1509 1259 1566 B.
1276 1509 1424 1564 Lanlranci
1439 1509 1523 1564 verba
1534 1509 1583 1565 illa
1596 1510 1659 1581 plus
1672 1509 1737 1564 satis
1745 1510 1848 1564 Rcsceli·

231 1612 328 1674 samu
341 1609 444 1670 naun.
457 1607 597 1664 caurum
620 1600 655 1658 ad
674 1599 803 1656 eumdem
816 1596 984 1652 Rainaldum
997 1597 1030 1651 B.
1072 1612 1140 1652 num
1151 1597 1306 1664 confutant,
1317 1598 1464 1652 audaciam
1474 1598 1638 1664 retundunt,
1645 1598 1751 1654 diluunt
1761 1598 1848 1653 calum

229 1701 383 1762 Αηωιωιιε
397 1697 476 1754 misit
487 1692 654 1770 opusculum
666 1688 712 1744 cui
726 1688 825 1744 titulus
836 1664 1062 1753 Mandonium,ss
1073 1686 1159 1740 niam.
1177 1675 1294 1758 Ecquid,
1309 1687 1420 1751 amabo,
1434 1687 1459 1742 is
1483 1687 1538 1742 nisi
1554 1686 1697 1742 Christum
1718 1687 1746 1742 in
1765 1687 1848 1742 eadem

232 1790 281 1846 lib.
298 1804 319 1856 1,
335 1787 417 1859 epist.
431 1785 477 1839 il.
1071 1791 1192 1846 persona
1216 1774 1359 1830 hominem
1385 1793 1481 1830 verum
1514 1781 1543 1831 et
1569 1777 1658 1832 Deum
1678 1792 1768 1830 verum
1788 1791 1847 1846 esse,

267 1877 470 1946 warmarium
482 1873 553 1928 dica
573 1867 708 1924 Pluribus
722 1881 807 1936 supra
820 1863 849 1918 in
863 1861 945 1936 epist.
960 1862 986 1926 ι,
1004 1879 1029 1927 a,
1073 1864 1257 1934 atquesolum
1271 1863 1362 1936 ipsum
1372 1865 1525 1920 humanam
1537 1871 1670 1920 naturam
1684 1864 1848 1935 assumpsisse

228 1971 305 2034 stt,
318 1981 349 2033 u,
365 1965 402 2025 de
423 1959 610 2030 Berengari03
634 1957 716 2025 cinus
737 1954 820 2010 rerba
846 1953 876 2008 in
898 1951 1030 2006 extremis
1071 1953 1241 2023 profitetur?
1267 1954 1299 2008 ln
1329 1953 1390 2024 ipss
1412 1969 1522 2025 quoque
1541 1970 1662 2025 persona
1684 1969 1744 2008 oum
1757 1957 1849 2008 asserat

229 2054 317 2130 positi
331 2048 467 2111 describit
480 2047 509 2102 in
528 2047 602 2102 hunc
617 2044 734 2100 modum
750 2041 825 2098 Guil.
847 2038 1028 2096 Malmesbur‚
1071 2057 1135 2096 vere
1154 2041 1341 2107 divinitatem,
1360 2058 1393 2095 ac
1416 2042 1494 2096 Patri
1513 2047 1542 2098 et
1566 2042 1682 2114 Spiritui
1706 2046 1794 2096 sancto
1808 2056 1850 2112 per

227 2143 280 2205 tib.
295 2156 329 2200 su
340 2142 380 2198 De
391 2141 466 2210 gest.
477 2135 584 2205 Anglur
607 2153 630 2191 ,ι
647 2129 924 2202 berengariusplane
935 2144 1030 2200 quam·
1071 2130 1166 2184 omnia
1177 2147 1238 2184 csse
1251 2129 1397 2201 aequalem,
1414 2129 1576 2186 nullatenus
1592 2137 1648 2186 tres
1662 2131 1727 2186 deos
1741 2129 1790 2184 dici
1800 2144 1851 2200 pos·

230 2232 273 2287 vis
300 2227 470 2286 sententiam
494 2223 654 2286 correxerit,
672 2235 770 2274 omnes
792 2225 896 2282 tamen,
914 2233 984 2286 quos
997 2232 1030 2270 ox
1071 2235 1101 2276 se
1116 2219 1197 2274 docet
1212 2219 1368 2292 perspicue,
1387 2220 1470 2290 juxta
1481 2219 1641 2290 symbolum
1660 2221 1692 2276 l).
1714 2217 1849 2274 Athanasio

231 2319 299 2376 totis
313 2317 397 2373 terris
412 2315 622 2385 depravaverat,
638 2313 801 2364 convertere
817 2305 951 2376 nequivit.
967 2323 980 2358 n
994 2304 1030 2358 Et
1070 2308 1222 2379 ascriptum
1234 2325 1256 2360 :e
1270 2307 1367 2371 Qualis
1379 2309 1471 2370 Pater,
1487 2309 1552 2364 talis
1565 2309 1661 2374 Filius,
1674 2308 1736 2362 talis
1743 2305 1848 2378 Spiritus

228 2408 305 2472 inst·
320 2425 327 2462 a
341 2423 356 2460 r
370 2403 444 2470 Quia
460 2406 489 2457 et
506 2401 567 2472 ipse
587 2399 633 2454 die
657 2395 879 2468 Epiphanorium
893 2392 1027 2458 moriens,
1070 2403 1192 2452 sanctus.
1205 2419 1215 2446 ι
1228 2397 1373 2450 Postremo
1384 2413 1495 2468 quoque
1506 2397 1556 2452 illo
1570 2399 1654 2452 effato
1664 2416 1687 2450 :r
1700 2396 1847 2466 Unigenitus

226 2497 395 2570 genimque
409 2491 545 2564 nouam
560 2483 923 2556 recordatusquotmisems
938 2498 1029 2554 quon·
1069 2485 1161 2540 Pahis
1176 2485 1215 2538 ita
1238 2485 1268 2538 in
1284 2486 1422 2540 mundum
1452 2487 1536 2552 venit,
1557 2491 1590 2540 ut
1610 2493 1702 2540 tamen
1717 2502 1733 2538 a
1746 2489 1847 2556 paterno

224 2586 296 2644 dun
308 2583 472 2642 &mescone
483 2578 575 2649 primo
589 2574 681 2632 astatis
694 2573 786 2628 calore
800 2577 878 2626 secta
890 2586 943 2626 sua
957 2569 1029 2624 inse-
1069 2573 1133 2628 sinu
1157 2589 1302 2644 nunquam
1324 2572 1489 2634 discederet.
1508 2594 1518 2623 ι
1531 2573 1608 2628 haud
1623 2573 1736 2628 obscure
1749 2571 1847 2626 demon·

224 2679 308 2734 cerat
322 2692 330 2728 ι
344 2688 357 2724 c
372 2668 473 2734 lindie,
492 2665 594 2736 inquit,
610 2664 640 2718 in
654 2663 700 2718 die
713 2659 897 2734 apparitionis
910 2675 1028 2729 suarap·
1070 2667 1142 2716 strat
1165 2663 1322 2732 sejunctam
1350 2666 1401 2716 aut
1418 2661 1605 2734 separabilem
1633 2677 1765 2734 nusquam
1779 2674 1847 2732 posse

225 2761 340 2836 patebit
352 2758 424 2816 mihi
434 2755 571 2817 Dominus
586 2769 665 2808 meris
677 2752 758 2806 lesus
773 2749 902 2804 Christus
915 2755 1030 2820 propter
1069 2767 1131 2805 esse
1143 2751 1243 2805 divinia
1259 2757 1367 2804 nmurae
1381 2757 1516 2804 sternam
1526 2752 1729 2806 connexionem
1745 2767 1751 2816 ;
1765 2762 1844 2802 nonne

224 2849 434 2926 mutuatam,
465 2852 498 2905 ut
516 2859 609 2915 spero,
631 2841 668 2898 ad
681 2841 821 2912 gloriam,
847 2839 890 2894 sel
913 2843 1030 2910 propter
1068 2839 1172 2894 mentis
1189 2839 1271 2910 inops
1294 2839 1368 2894 toret
1385 2838 1433 2894 ille
1450 2840 1617 2907 censendus,
1637 2839 1695 2910 qui,
1717 2837 1784 2910 quod
1806 2850 1848 2890 un·

222 2941 308 3008 ahos,
323 2939 463 3006 mtimao,
475 2934 644 3006 adprenam.
667 2949 678 2983 ι
1036 2943 1156 3040 Gquarn
1175 2926 1273 2998 nequit
1287 2927 1422 2998 separari,
1436 2937 1600 3000 separatum
1619 2925 1784 2982 affirmaret?
1799 2925 1849 2978 rtu-

227 3059 232 3076 .
266 3031 367 3090 Vnam
384 3041 450 3084 aum
475 3025 663 3082 uenenorum
685 3020 859 3086 Luciferam.
882 3016 1028 3072 Potiusex
1070 3014 1849 3088 diurnusporroipsumloquentemincap.ladRomanos

227 3117 367 3176 memoria
389 3129 475 3187 quam
489 3109 630 3182 ipsissima
650 3107 741 3164 sancti
764 3106 929 3177 Hieronymi
944 3105 1028 3159 verba
1066 3121 1133 3177 pag.
1146 3102 1172 3169 9,
1186 3118 1216 3168 11,
1229 3103 1274 3171 tu,
1286 3104 1322 3158 ad
1337 3103 1638 3160 hocrcrbumdustitio
1654 3125 1662 3158 :
1679 3123 1692 3156 c
1707 3101 1766 3160 Alia
1776 3115 1848 3155 caum

222 3197 656 3269 metamaucensium
669 3197 811 3252 adornans
821 3197 849 3250 S.
866 3193 1025 3262 llil'arium;
1068 3211 1119 3248 cur
1133 3209 1190 3247 non
1213 3185 1369 3258 eruhescat,
1388 3192 1454 3263 quia
1480 3193 1510 3248 in
1525 3209 1559 3248 eo
1584 3193 1722 3248 revelatur
1743 3189 1849 3260 qualiter

226 3294 416 3367 naiquidern
429 3289 498 3362 (atsi
521 3287 658 3344 memoria
678 3301 723 3344 me
746 3285 835 3353 sallat)
857 3284 933 3338 inter
951 3282 1027 3336 illius
1064 3285 1157 3355 justos
1172 3282 1257 3336 saciat
1268 3284 1413 3338 credentes
1432 3300 1466 3337 ea
1487 3284 1542 3338 lide
1560 3281 1669 3338 Veteris
1683 3275 1846 3342 Testamenti,

223 3383 447 3451 mtonscpera
459 3377 536 3437 head
545 3391 690 3447 quaquam
698 3372 907 3430 licetinvcnire.
920 3371 965 3426 Sic
979 3387 1028 3426 au·
1068 3386 1123 3441 qua
1135 3386 1208 3424 unus
1219 3371 1294 3426 Deus
1303 3369 1479 3437 credebatur,
1489 3371 1654 3442 proliciente
1664 3368 1777 3424 lotidem
1787 3360 1846 3420 nori

226 3477 289 3530 m
302 3469 407 3541 tagitm
420 3466 495 3538 apud
504 3464 638 3524 eumdem
653 3463 867 3532 Hieronymum,
883 3465 961 3514 ionio
974 3460 1025 3526 ιιι,
1068 3459 1251 3523 Testamenti,
1263 3475 1319 3532 qua
1332 3460 1425 3522 Pater,
1438 3466 1466 3514 et
1477 3460 1498 3514 F
1500 3459 1575 3528 ilius,
1583 3465 1612 3514 et
1622 3458 1738 3532 Spiritus
1749 3457 1846 3509 sauctus

225 3561 312 3634 epist
331 3558 396 3625 tel,
410 3557 447 3614 ad
460 3555 622 3614 Marcellam
640 3571 646 3606 :
672 3570 686 3604 s
701 3552 823 3606 Tantum
837 3549 927 3604 virum
942 3547 1027 3616 (Hila-
1067 3563 1141 3602 unus
1154 3553 1181 3600 et
1197 3546 1288 3601 trinus
1300 3547 1522 3602 Deuscrediturl
1538 3549 1595 3603 »ln
1606 3560 1704 3620 capiri
1714 3543 1844 3612 adnant,

225 3650 314 3717 sinna)
325 3652 357 3704 et
366 3643 543 3716 temporibus
557 3641 616 3700 suis
637 3638 853 3696 disertissimum
876 3637 1026 3707 reprehen·
1067 3635 1270 3702 adttwhaec
1286 3637 1375 3690 :boos
1388 3641 1483 3690 outcm
1498 3651 1573 3690 unus
1588 3641 1635 3690 cst.
1648 3653 1661 3688 a
1675 3628 1845 3702 Quiainan,

223 3739 363 3796 menon
376 3734 476 3798 audeo.
494 3732 543 3804 qui
558 3727 780 3786 etconfassionis
794 3743 851 3782 suae
863 3725 973 3792 merito,
997 3731 1028 3780 at
1068 3723 1212 3778 Christum
1235 3724 1305 3778 dixit
1323 3724 1507 3780 Mediatorem
1526 3724 1578 3778 Dei
1593 3723 1718 3780 videlicet
1730 3727 1757 3775 et
1770 3716 1847 3774 horni-

226 3826 293 3884 riln
305 3821 456 3886 mumma,
475 3827 505 3876 et
522 3816 689 3888 eloquentie
702 3813 841 3880 claritate,
858 3811 1027 3880 ubicumque
1068 3829 1136 3867 num
1150 3817 1177 3866 et
1192 3813 1319 3868 Christus
1332 3819 1385 3879 est,
1408 3813 1575 3868 ridebantur
1590 3829 1651 3868 esse
1670 3812 1723 3868 duo
1732 3809 1785 3872 dii;
1807 3803 1847 3860 sed

225 3915 389 3972 &mnam
398 3911 555 3968 nomenati
573 3903 752 3976 predicatur.
768 3919 782 3956 a
798 3900 870 3956 item
885 3901 915 3954 in
926 3899 1027 3970 praela-
1066 3901 1153 3958 absit!
1180 3901 1257 3956 Unus
1281 3902 1356 3956 enim
1372 3903 1455 3964 Deus,
1471 3903 1565 3968 Pater,
1583 3907 1613 3956 et
1626 3902 1720 3968 Filius,
1736 3905 1763 3954 ct
1776 3893 1848 3967 Spiri-

223 4002 306 4062 nom
318 4001 368 4059 lib.
384 4012 433 4057 rua
440 3998 630 4055 mmmmm.
643 3992 674 4049 in
681 3990 784 4048 isaiam
793 4005 815 4042 :r
827 3989 912 4056 Quisi
922 3990 1028 4044 llumen
1066 3994 1114 4058 ¹tus
1126 3996 1249 4046 sanctus.
1267 3991 1362 4046 »Sunt
1374 3997 1402 4046 et
1417 3991 1474 4046 alia
1488 3991 1516 4044 id
1529 4007 1621 4062 genus
1640 3989 1755 4062 sparsim
1764 3981 1849 4042 totuin

225 4091 406 4163 amenus,
422 4093 451 4144 et
461 4085 615 4142 maclines
621 4078 841 4138 declamationes
856 4078 1026 4144 desiderant,
1068 4079 1277 4138 Commentario
1291 4079 1326 4134 ad
1337 4079 1474 4152 Epistulas
1485 4080 1521 4134 ι).
1537 4079 1620 4134 Pauli
1635 4080 1777 4134 innumera
1789 4085 1849 4146 pene

225 4181 327 4252 tagam
341 4176 476 4242 Tullium,
488 4171 705 4238 Quintilianum,
717 4173 824 4236 etant,
835 4167 906 4222 atad
917 4175 1027 4222 nostros
1069 4168 1139 4222 loca.
1155 4167 1315 4222 Detraxisso
1330 4168 1444 4224 demum
1457 4169 1553 4240 magni
1570 4167 1721 4224 Lanlrauci
1730 4157 1849 4234 singulari

225 4270 351 4336 naniam
363 4265 578 4329 maalmeon,
587 4260 772 4333 cyprianum,
784 4256 933 4323 Hilarium,
945 4274 959 4310 ι
970 4261 1024 4310 etc.
1033 4293 1060 4354 D
1069 4255 1202 4312 doctrinae
1223 4257 1382 4326 nonnullos,
1399 4257 1496 4330 paucis
1512 4257 1635 4330 ipsemet
1654 4257 1765 4312 innuere
1785 4247 1849 4304 vide-

263 4359 402 4416 dom'mu
426 4357 505 4412 laus
531 4351 656 4406 utrum
672 4351 704 4402 in
716 4347 811 4402 eudem
827 4360 955 4414 pesona,
971 4349 1026 4398 etc.
1070 4351 1126 4414 mr,
1142 4345 1205 4400 lad
1221 4345 1348 4401 Corinth.
1370 4359 1400 4412 ιι,
1420 4344 1463 4418 13,
1478 4345 1508 4400 in
1528 4346 1595 4412 fine,
1620 4345 1656 4400 ad
1680 4344 1738 4398 haec
1755 4335 1847 4394 rerba:

224 4449 298 4506 nec
311 4451 341 4504 si
355 4460 418 4516 qun
430 4434 868 4513 sequmtmloanissimeabsunr
882 4449 899 4486 a
911 4432 1028 4488 crimine
1070 4435 1132 4490 Non
1146 4438 1177 4489 in
1190 4435 1285 4500 doctis,
1307 4441 1359 4489 etc.
1385 4454 1395 4484 ι
1421 4434 1488 4498 Quae
1503 4451 1555 4508 per
1571 4433 1692 4505 singula,
1705 4428 1799 4502 inquit.
1813 4437 1850 4478 ⁸1·

224 4538 279 4594 illo
294 4537 433 4594 umacus
444 4527 614 4591 arimatia,
629 4524 705 4596 quod
720 4525 749 4580 S.
765 4524 930 4588 munseo,
952 4538 1029 4576 mor·
1070 4540 1213 4596 ponerem,
1236 4523 1290 4578 nisi
1313 4522 1510 4596 imperitorum
1528 4524 1678 4580 hominum
1691 4520 1785 4580 talium
1797 4515 1849 4568 dot·

224 4626 283 4702 ibili
295 4625 353 4680 sita
362 4623 467 4685 mado,
492 4619 637 4688 imponere
650 4613 744 4672 nescio
757 4629 814 4684 qua
827 4612 919 4668 fronte
937 4611 1030 4666 lucrat
1069 4613 1209 4666 trinarum
1221 4627 1349 4666 murmur
1361 4612 1519 4670 timeretur.
1537 4631 1550 4665 a

224 4729 318 4771 m
332 4710 447 4783 quidam
464 4702 828 4777 Gompandiensisclericus,
845 4701 961 4756 nomine
973 4701 1029 4756 ltu-
1105 4703 1279 4770 nequeenim
1293 4703 1371 4755 imino
1395 4705 1427 4754 ιη
1443 4706 1518 4756 terra
1541 4703 1648 4771 decem,
1672 4703 1703 4756 in
1725 4699 1781 4752 culo
1795 4698 1851 4746 tunt

227 4803 368 4860 melium
395 4803 426 4855 at
445 4795 568 4869 qaum,
592 4799 625 4852 ut
647 4790 766 4848 enidius
788 4789 932 4846 insibilare
954 4788 1030 4844 virus
1071 4807 1123 4844 erse
1133 4793 1247 4860 poterit.
1259 4789 1332 4844 Solis
1346 4788 1481 4844 nimirum
1494 4790 1624 4846 humanm
1635 4795 1740 4845 naturae
1751 4779 1850 4842 ninius

221 4903 422 4966 spargensque
443 4890 549 4959 posset,
567 4881 710 4955 xpestilerae
732 4895 790 4936 suas
806 4885 890 4936 secta
904 4877 1029 4934 conscios
1071 4895 1134 4934 cum
1148 4878 1273 4950 alioquin
1292 4879 1322 4932 in
1344 4879 1470 4934 confosso
1494 4880 1531 4936 sit
1552 4879 1627 4951 apud
1642 4892 1736 4934 omues
1750 4872 1795 4928 SS.
1810 4868 1852 4922 Pa·

229 4997 283 5040 acu
294 4978 445 5051 nanim
459 4973 590 5032 eamdem
605 4968 840 5030 muniamus.
851 4967 1028 5032 anselmum,
1070 4973 1128 5022 tres
1148 4973 1232 5038 atque
1252 4967 1381 5022 Ecclesia
1394 4968 1539 5022 catholicae
1553 4967 1690 5032 doctores,
1702 4963 1736 5018 de
1748 4959 1852 5013 veritate

158 5057 162 5064 ’
221 5069 424 5130 meamne·
450 5066 524 5124 aaron
542 5067 572 5116 at
586 5061 623 5118 de
645 5058 769 5118 Ecemsis
786 5057 924 5114 catholica
941 5072 1029 5126 quam
1069 5056 1194 5127 corporis
1202 5056 1307 5111 Christi
1321 5042 1853 5116 insacrsmentodissorentesidmodo

230 5156 528 5235 optimeqromeritoa,
547 5149 725 5214 mmmrabat,
743 5147 897 5213 amonebat,
919 5147 1028 5218 procla-
1069 5145 1287 5218 supernaturali,
1304 5162 1336 5200 ac
1350 5145 1484 5202 divinitus
1499 5145 1561 5202 lieri
1575 5161 1666 5218 posse,
1683 5136 1853 5216 quemadmo-

220 5251 346 5318 -auabat3
373 5242 613 5319 quemadmodum
632 5240 728 5310 legere
748 5243 792 5293 est
805 5236 879 5309 apud
894 5236 1027 5292 eumdem
1069 5236 1136 5292 dum
1154 5235 1314 5306 etipsemet
1322 5233 1647 5310 Laniraucusprohatin
1659 5230 1751 5290 libello
1764 5226 1800 5281 De
1812 5235 1853 5276 cu·

222 5340 406 5403 'andnam
420 5333 472 5389 lib.
487 5345 519 5398 11,
532 5329 616 5402 epist.
640 5329 674 5384 sl
702 5327 738 5384 ad
753 5326 914 5397 epismpum
927 5326 1027 5382 Belva-
1067 5324 1207 5382 charistia
1218 5330 1404 5380 sacrmnento.

219 5441 364 5488 mum:
378 5443 393 5479 ι
406 5421 579 5492 amioqaia
602 5417 766 5476 Romalinm
788 5416 905 5474 clericus
919 5415 1027 5472 dicitiu
1333 5429 1369 5470 an
1392 5427 1550 5474 annuum
1562 5429 1597 5474 ιι.

218 5517 290 5576 *hae
301 5505 1026 5587 mmmmmminummsepus·
1057 5548 1060 5555 .
1100 5503 1570 5564 monmorenciacensem
1586 5501 1665 5576 uq'us
1679 5493 1850 5558 mumdum·
