3986 6184
220 295 256 352 79
494 291 543 348 AD
561 285 676 347 vtrtit
695 287 728 345 B.
747 281 957 345 mussanti
977 277 1264 345 utntuuhianns
1282 277 1572 339 ARGHIEPISDOPI.
1798 273 1849 333 ’80

223 425 327 480 Tobata
347 419 523 490 fundationis
544 417 660 470 abbatia
681 413 730 472 SS.
760 415 907 469 Trinitatis
926 411 1091 474 Ouio-Alli
1115 411 1191 465 intra
1218 409 1339 480 burgum
1360 406 1487 474 cadomi,
1507 406 1591 463 unius
1613 402 1766 460 molendini
1792 401 1853 458 mei,

554 489 665 541 mensis.
1057 481 1206 549 decimam,
1220 487 1250 535 et
1259 481 1397 536 decimam
1421 479 1568 533 furnorum
1590 477 1626 530 ad
1644 493 1690 530 me
1708 473 1850 546 pertinen-

1056 553 1147 618 tium,
1174 552 1312 606 decimam
1337 567 1449 622 quoque
1472 549 1507 604 de
1533 549 1603 604 Diva
1625 547 1660 601 de
1686 544 1807 617 piscibus
1822 548 1851 598 et

257 653 271 687 o
285 634 386 690 Divina
397 630 490 703 gratia
499 645 532 684 ac
541 627 654 683 Domini
673 627 763 682 nostri
777 627 843 681 lesu
856 625 960 680 Christi
973 625 1016 680 di·
1057 623 1180 678 denariis
1193 643 1199 691 ;
1215 623 1345 678 similiter
1359 622 1496 676 decimam
1511 620 1546 675 de
1560 619 1669 684 Direla,
1685 622 1714 671 et
1730 617 1766 671 de
1782 614 1849 671 Bat-

210 715 233 762 's
254 711 356 761 ouante
367 701 525 764 clementia,
542 717 594 770 ego
606 699 772 763 willelmus,
789 697 941 768 anglorum
956 713 1013 760 rex,
1056 699 1123 748 vent
1139 695 1174 748 de
1197 695 1255 748 sale
1281 702 1310 747 et
1330 691 1464 747 denariis.
1478 691 1582 746 Eodem
1606 689 1689 743 modo
1712 687 1850 742 decimam

247 782 460 832 ortmannorum
474 777 502 827 et
516 770 771 827 cenomanensium
782 768 977 850 princeps,sed
988 774 1017 822 et
1056 766 1092 820 de
1104 765 1243 832 Walohei,
1260 769 1289 820 et
1309 764 1344 818 dc
1360 763 1454 818 Scooei
1473 763 1508 816 dc
1528 760 1661 826 denariis,
1685 759 1807 830 piscibus
1821 764 1850 812 et

218 847 362 903 Mathildis
381 843 480 914 regina
498 857 569 896 uxor
580 857 644 895 mea
658 840 790 895 Balduini
802 839 917 909 gloriosi
931 839 1016 893 Flan-
1056 836 1234 890 molendinis
1275 836 1347 890 Item
1374 835 1404 888 in
1432 832 1525 888 insula
1551 833 1586 886 de
1621 830 1720 886 Garzoi
1759 845 1850 884 unuin

219 917 376 973 driensium
390 915 468 970 ducis
486 913 554 974 filia,
570 911 607 966 ad
626 911 747 982 gloriam
767 909 958 968 beatitudinis.
980 909 1015 963 ad
1056 907 1259 966 molendinum.
1273 911 1302 960 et
1314 913 1419 960 terram
1434 904 1555 959 duorum
1571 903 1743 957 Danaorum
1757 901 1851 955 homi-

219 988 367 1060 praemium
381 985 470 1040 heatae
483 982 679 1038 retributionis
690 981 735 1062 pio
748 981 924 1051 sapientique
939 980 1014 1034 desi·
1056 994 1135 1044 num,
1151 984 1237 1048 atque
1251 976 1432 1032 medietatem
1453 975 1567 1029 decimae
1581 973 1616 1028 de
1631 972 1755 1044 quinque
1788 987 1851 1026 aro·

218 1060 296 1114 derio
322 1057 496 1121 anhelantes,
523 1055 553 1109 in
579 1053 721 1107 territorio
736 1052 812 1122 quod
834 1051 869 1105 ab
891 1051 1016 1121 antiquis
1056 1049 1144 1115 chiis;
1158 1054 1188 1102 et
1199 1053 1306 1102 sextam
1318 1045 1436 1117 garbam
1450 1045 1486 1100 de
1500 1060 1557 1099 una
1572 1043 1706 1115 parochia
1719 1049 1748 1097 et
1764 989 1847 1097 dimi-

218 1131 373 1186 Cadomum
382 1127 550 1199 appellatur,
567 1124 710 1178 ecclesiam
721 1123 750 1177 in
765 1123 900 1176 honorem
912 1127 1015 1176 sancta
1057 1119 1113 1174 dia.
1129 1119 1183 1174 Sed
1198 1125 1228 1173 et
1242 1123 1346 1172 terrani
1358 1123 1387 1173 et
1398 1117 1521 1171 decimas
1536 1131 1605 1187 quas
1617 1113 1772 1169 Rainoldus
1787 1130 1851 1184 cap

217 1199 450 1269 Trininitatispro
460 1196 551 1250 salute
558 1195 718 1250 animarum
727 1193 1016 1248 nostrarumcooedifi-
1055 1190 1183 1260 pellanus
1194 1196 1291 1244 noster
1303 1189 1334 1243 in
1346 1187 1444 1243 eadem
1456 1185 1549 1242 insula
1562 1186 1598 1240 de
1608 1201 1654 1240 me
1666 1184 1789 1249 tenebat,
1810 1185 1851 1256 ip-

219 1269 450 1339 oavimus‚ibique
464 1271 575 1322 sanctas
588 1265 772 1340 acreligiosas
784 1264 902 1318 feminas
912 1279 1014 1317 secun·
1055 1261 1113 1316 sius
1123 1261 1252 1315 Rainoldi
1266 1264 1390 1331 precatu,
1406 1263 1555 1330 postquam
1570 1256 1723 1311 monachus
1735 1256 1850 1311 effectus

218 1342 288 1397 dum
302 1339 509 1395 institutionem
522 1336 611 1391 sancti
633 1335 789 1401 Benedicti,
806 1334 858 1389 sub
874 1332 1015 1388 abbatissa
1055 1338 1107 1394 est,
1131 1331 1259 1386 Ecclesia
1279 1330 1418 1402 predicta
1440 1328 1637 1384 concessimus.
1651 1329 1684 1382 In
1705 1327 1768 1381 villa
1788 1343 1850 1408 qnae

217 1409 547 1474 Dominoservituras,in
561 1411 729 1478 perpetuum
739 1404 1015 1469 constituimusQui-
1054 1402 1158 1457 dicitur
1172 1402 1315 1457 hlaintrud
1328 1401 1473 1470 sexaginta
1484 1415 1579 1454 aceres
1589 1405 1682 1454 terrae.
1699 1399 1733 1453 Et
1745 1398 1851 1452 invilla

218 1483 272 1538 bus
279 1489 311 1537 ut
320 1483 350 1537 in
358 1486 502 1553 posterum
509 1495 578 1533 usus
585 1477 806 1532 necessariarum
814 1490 1015 1545 reruniusque·
1055 1473 1124 1527 Belli
1148 1479 1254 1528 terram
1272 1489 1357 1543 quam
1373 1473 1530 1526 Hernostus
1552 1470 1670 1524 clericus
1689 1468 1794 1523 ibidem
1809 1477 1850 1522 te-

219 1569 331 1635 quaque
359 1551 496 1614 sufficiat,
510 1549 593 1630 'regia
621 1547 822 1628 munificentia,
856 1551 1015 1617 opportuna
1055 1544 1127 1609 nuit,
1142 1542 1526 1615 terramqueRadulsiBillei,
1534 1557 1592 1666 ίξω
1608 1539 1851 1612 quareoeptaiuit

238 1625 376 1680 revisione
387 1635 592 1693 prospeximus.
610 1618 789 1672 Tradidimus
803 1618 899 1687 itaque
910 1622 1014 1670 sanctae
1053 1615 1111 1669 silla
1122 1614 1257 1670 Willelmi
1270 1615 1299 1669 in
1310 1613 1426 1668 eeclesia
1441 1613 1533 1667 Radul
1565 1609 1724 1679 camerarii,
1741 1619 1770 1664 et
1781 1610 1849 1666 Wil-

217 1643 270 1750 hei
283 1689 725 1762 ecclesiaepranominataevillam
736 1688 1013 1759 quaevoeaturcaluz
1053 1685 1130 1740 lelmi
1154 1686 1203 1740 tilii
1217 1684 1383 1740 Theodorici
1405 1685 1524 1755 ejusque
1541 1682 1636 1738 uxone
1655 1698 1799 1752 conoemu,
1812 1681 1849 1736 de

218 1781 283 1821 cum
308 1763 438 1818 omnibus
460 1759 667 1832 pertinentibus
687 1758 749 1824 sibi,
771 1764 886 1829 excepta
902 1757 1011 1812 decima
1054 1772 1172 1828 quorum
1184 1756 1347 1811 haereditate
1359 1761 1429 1809 erat.

218 1853 281 1908 quae
295 1842 339 1889 est
348 1833 583 1890 ecclosiaeSancta
591 1831 687 1885 Mariae
695 1806 1043 1900 Bajoceiisis.DedimusB
1091 1827 1165 1882 «Ad
1178 1829 1237 1883 hec
1245 1826 1405 1881 addidimus
1419 1825 1597 1896 praetitulatae
1614 1825 1736 1880 ecclesia
1748 1824 1848 1894 viginti
1931 1814 1935 1824 ’

217 1907 303 1963 etiam
327 1904 478 1961 Distrehati
491 1919 554 1956 cum
569 1901 676 1956 cunctis
689 1899 859 1972 appenditiis
872 1899 940 1964 suis,
961 1900 1014 1954 hoo
1054 1898 1234 1968 aocripannos
1244 1898 1341 1962 vineae,
1358 1896 1393 1951 de
1403 1895 1505 1967 quibus
1514 1901 1573 1950 tres
1586 1901 1654 1950 sunt
1667 1895 1742 1967 apud
1756 1895 1844 1950 Liria-

218 1982 332 2047 excepto
354 1975 429 2046 quod
453 1971 594 2027 Robertus
617 1971 722 2026 ibidem
746 1977 824 2026 tenet
848 1971 883 2024 de
910 1971 1014 2024 comite
1054 1984 1119 2023 cum
1128 1984 1192 2024 cnm
1206 1985 1253 2024 sex
1264 1969 1335 2022 acris
1349 1967 1532 2037 terrae.Apud
1542 1966 1642 2020 Albam
1656 1967 1729 2021 siaiu
1740 1971 1849 2037 septem

216 2045 402 2104 Meritonensi
422 2043 565 2098 Willelmo
579 2042 627 2112 qui
644 2042 747 2096 dicitur
760 2041 899 2106 Charitas
915 2046 945 2095 et
966 2041 1012 2095 Ri-
1072 2056 1123 2094 uos
1136 2056 1187 2110 ego
1202 2040 1301 2111 regina
1313 2039 1370 2093 emi
1383 2055 1400 2091 a
1414 2038 1556 2094 Willalmo
1570 2037 1605 2091 de
1619 2037 1702 2092 Aillio
1715 2053 1848 2092 cenosam

217 2118 321 2174 chordo
348 2120 450 2188 nepote
473 2115 544 2185 ejus,
566 2113 616 2167 sed
645 2111 674 2166 in
708 2111 859 2167 Gilleberto
883 2112 1011 2182 Crispino
1053 2057 1225 2181 hogeriiutii
1241 2112 1312 2182 ejus,
1329 2114 1357 2164 et
1371 2108 1512 2175 Richardi,
1530 2108 1642 2163 comitis
1662 2107 1847 2170 Ebroicenais.

217 2187 416 2252 annuentibus,
435 2201 486 2256 pro
500 2183 620 2256 pecunia
642 2200 727 2253 quam
743 2200 795 2238 nos
809 2183 850 2237 eis
870 2183 1009 2237 dedimus.
1052 2187 1081 2236 et
1102 2181 1260 2236 anschitilli
1286 2181 1320 2235 da
1344 2179 1470 2234 Altuillio
1498 2194 1630 2234 concessu
1665 2179 1700 2234 de
1728 2194 1849 2250 quorum

215 2261 358 2314 Praeterea
370 2257 465 2311 villam
475 2273 537 2337 quae
547 2254 651 2309 dicitur
659 2254 756 2310 Caltur
765 2270 828 2310 cum
841 2253 899 2308 suis
909 2270 1012 2324 appan·
1051 2251 1215 2308 haereditate
1238 2256 1313 2318 erat;
1343 2250 1418 2322 apud
1449 2250 1598 2320 Argentias
1625 2256 1742 2321 septeni,
1771 2250 1847 2321 apud

217 2330 308 2398 diciis,
331 2344 416 2400 quam
436 2343 511 2397 regis
529 2342 662 2380 concessu
677 2341 729 2396 ego
748 2325 890 2380 Mathildis
912 2325 1011 2394 regina
1051 2323 1176 2378 Vernuin
1202 2329 1272 2390 tres;
1297 2323 1332 2377 de
1352 2321 1414 2376 istis
1433 2320 1525 2376 tribus
1547 2321 1710 2392 agripennis
1731 2320 1851 2375 (indolet

216 2402 273 2457 emi
293 2398 532 2455 allichardotilio
551 2396 672 2462 llanulsi,
690 2396 962 2451 annuenteAitordo
976 2396 1011 2450 de
1051 2394 1128 2449 dedit
1141 2395 1213 2450 duos
1236 2401 1265 2448 et
1278 2393 1436 2458 dimidium,
1460 2409 1524 2447 cuni
1547 2408 1605 2447 una
1626 2391 1720 2452 domo.
1743 2408 1794 2462 pro
1814 2407 1848 2446 eo

215 2473 339 2538 Nouant,
354 2471 389 2524 de
403 2469 483 2538 cujus
494 2467 575 2523 feodo
590 2474 658 2521 erat.
675 2467 850 2522 Praebuimus
869 2467 954 2520 etiam
968 2483 1012 2520 as·
1051 2466 1125 2535 quod
1153 2466 1290 2520 monacha
1305 2464 1378 2518 iacta
1392 2470 1436 2518 est
1448 2462 1478 2517 iii
1499 2463 1617 2518 ecclesia
1638 2461 1793 2534 praelibatii,
1819 2469 1848 2518 et

216 2558 330 2598 sensum
345 2538 490 2596 donationi
505 2554 561 2610 qua
576 2536 712 2592 Radultus
725 2539 801 2592 ‘laxo
814 2537 1011 2608 Villambnrgae
1051 2552 1131 2590 soror
1152 2537 1213 2608 ejus
1236 2537 1357 2590 alterum
1377 2534 1536 2589 dimidium.
1561 2534 1733 2589 Donaiimus
1760 2533 1848 2588 etiam

215 2614 331 2670 donavit
348 2611 455 2667 cunctis
470 2609 642 2681 appendiciis
661 2609 730 2664 suis.
750 2609 878 2678 Cumque
897 2614 1009 2662 centum
1050 2607 1231 2662 medietatem
1246 2607 1316 2661 villa
1329 2621 1392 2676 quia
1405 2605 1569 2660 nominatur
1583 2604 1747 2675 Carpikeoh,
1761 2621 1849 2676 quain

216 2689 247 2741 et
260 2685 356 2740 decem
378 2682 451 2736 acris
470 2680 594 2760 terrain
612 2680 678 2733 villa
690 2678 821 2734 Amblida
835 2683 864 2734 et
883 2695 939 2732 uno
952 2696 1011 2733 mo·
1087 2679 1215 2801 oregina
1230 2677 1336 2732 domini
1355 2677 1411 2730 mei
1435 2676 1511 2748 regis
1532 2692 1665 2730 concessu
1689 2675 1849 2746 comparavi

214 2753 372 2810 lendinoin
385 2752 482 2807 eadem
495 2748 794 2822 Amhlidaprosorore
810 2751 1011 2804 suainonoeha
1051 2765 1067 2802 a
1101 2749 1142 2803 Eu
1163 2765 1216 2803 one
1232 2748 1290 2803 utto
1309 2747 1453 2803 Thurstini
1472 2747 1563 2801 Haldu
1586 2786 1593 2808 ,
1614 2753 1643 2801 et
1668 2762 1686 2799 a
1709 2746 1848 2818 Ragnulio

215 2827 290 2882 iacta
303 2826 333 2879 in
344 2823 468 2904 thalasio
476 2820 638 2892 supradicta
660 2820 903 2891 EgoKdlatliildis
913 2820 1011 2891 regina
1051 2820 1221 2874 vicecomite.
1237 2819 1380 2874 Adelaidis
1396 2819 1431 2873 K.
1444 2825 1537 2872 autem
1552 2764 1611 2872 ulia
1623 2817 1769 2872 Thurstini
1783 2817 1850 2872 Hal-

214 2896 323 2953 redemi
334 2892 532 2963 Villambargai
546 2892 581 2946 de
591 2891 833 2946 calumniantilia
843 2891 1013 2956 Conanni,et
1051 2890 1108 2962 dup
1131 2891 1166 2945 ad
1190 2892 1318 2945 eamdam
1343 2891 1451 2944 Sancte
1471 2888 1617 2943 Trinitatis
1645 2888 1802 2955 ecclesiam,
1817 2889 1848 2944 iu

214 2974 320 3024 teriam
331 2962 732 3019 etmolendinumindmblida
746 2961 853 3016 redemi
863 2963 898 3016 de
907 2963 1012 3016 calum-
1053 2977 1108 3032 qua
1121 2962 1260 3017 monacha
1271 2961 1396 3015 lactaest
1406 2963 1503 3014 nostro
1512 2975 1653 3025 concessu,
1673 2965 1702 3014 et
1801 2959 1849 3014 ul-

214 3039 264 3094 nia
277 3034 700 3104 aWalerannoiilioRagnulii,
717 3033 883 3104 dequorum
895 3033 1012 3088 haeredi-
1051 3032 1107 3103 pho
1120 3031 1289 3098 vicecomite,
1298 3037 1327 3086 et
1340 3031 1454 3085 Eudone
1468 3030 1593 3102 ejusdem
1606 3028 1748 3085 adeladis
1805 3035 1849 3084 tre

213 3115 275 3166 tate
285 3105 431 3163 tuerathb
443 3105 541 3160 eodem
549 3104 635 3158 etiam
645 3104 828 3158 Walleranno
838 3119 1011 3159 exconcessu
1053 3103 1251 3170 annuentibus,
1268 3103 1385 3158 alteram
1407 3102 1588 3156 medietatem
1603 3101 1675 3155 villae
1692 3101 1848 3173 Carpikech

214 3181 300 3252 regis,
326 3177 382 3234 emi
396 3193 448 3247 ogo
467 3175 610 3231 Mathildis
629 3175 729 3245 regina
748 3175 953 3246 quinquaginta
968 3155 1117 3229 achum
1141 3174 1293 3229 medietate
1311 3171 1432 3228 ecclesia
1453 3177 1482 3227 et
1498 3173 1613 3227 decima
1634 3171 1762 3243 ejusdem
1775 3171 1848 3227 villae

214 3269 277 3306 cros
291 3255 374 3305 terrei
396 3247 427 3302 in
438 3245 581 3301 territorio
596 3246 722 3311 Oadomi,
739 3252 768 3300 et
786 3263 802 3299 a
824 3247 946 3316 positum
967 3251 1012 3300 est
1051 3244 1173 3300 donavit.
1190 3245 1244 3300 Sed
1258 3250 1286 3300 et
1300 3245 1370 3299 duas
1385 3248 1480 3326 partes
1497 3243 1568 3298 vitta
1581 3259 1642 3315 quae
1660 3243 1766 3298 Puteus
1778 3259 1850 3298 nun-

213 3322 267 3377 hoo
281 3320 317 3374 ad
332 3317 487 3398 ecclesiam
499 3316 699 3386 supradictam,
719 3263 838 3370 Radufio
857 3316 1010 3371 camerario
1052 3323 1179 3387 cupatur.
1209 3317 1244 3370 Et
1271 3316 1346 3370 inter
1365 3314 1543 3379 Filcherolas,
1578 3320 1607 3368 et
1636 3313 1848 3368 Heratervillarn

216 3391 385 3447 concedente
396 3387 431 3442 de
443 3403 524 3456 cujus
537 3386 617 3440 feodo
633 3391 703 3440 erat.
719 3386 809 3457 Super
823 3387 881 3441 hae
895 3387 1011 3441 donavi·
1051 3387 1147 3441 novies
1161 3386 1260 3456 viginti
1271 3403 1366 3441 aceres
1380 3391 1471 3453 terra,
1488 3401 1595 3440 necnon
1606 3389 1634 3440 et
1645 3384 1723 3439 illam
1742 3391 1849 3440 terram

215 3478 280 3517 mus
304 3465 332 3514 et
355 3457 491 3514 Eechonel
503 3457 598 3510 villam
613 3456 751 3528 praedictae
767 3457 911 3512 ecclesiam
927 3474 1012 3529 quam
1053 3472 1138 3526 quam
1162 3457 1332 3512 Oismelinus
1355 3456 1520 3512 Theoderici
1533 3457 1619 3522 silius,
1646 3461 1675 3510 et
1692 3454 1849 3511 lietbertus

214 3527 1013 3670 tatastatttttlltttttsttttu.tt}titt
1053 3527 1849 3654 il¹lliill·i1⁰¹¹⁶bi¹¹t·‘¹⁸c⁰lhillidii*⁸⁰·ss

801 3617 807 3664 ς
1204 3616 1302 3664 ia,e
1348 3615 1378 3652 in
1430 3615 1492 3653 uve
1532 3615 1558 3652 vi
1579 3615 1606 3653 a.
1652 3615 1671 3652 n
1719 3614 1848 3653 oisnerus

216 3673 339 3728 Roberto
353 3687 405 3741 ego
419 3668 516 3740 regina
526 3668 581 3723 ami
590 3674 695 3723 terram
707 3668 786 3723 illam
801 3668 1014 3740 quamhobebat
1054 3670 1201 3724 dimidium
1211 3670 1413 3736 molendinum,
1425 3676 1453 3724 et
1469 3675 1575 3724 terram
1590 3669 1674 3723 unius
1687 3685 1808 3724 carruca
1817 3670 1848 3725 in

216 3745 247 3800 in
261 3741 447 3802 lletrutiiilla,
461 3746 490 3794 et
503 3739 614 3794 Domini
628 3739 768 3811 meiregis
783 3757 915 3795 concessu
930 3758 1014 3812 appo·
1054 3742 1152 3796 eodem
1168 3741 1237 3796 loco.
1267 3743 1299 3796 In
1320 3741 1597 3795 Ruseavillaterram
1613 3741 1697 3795 unius
1713 3757 1846 3796 carrucae.

216 3815 272 3870 sita
289 3811 475 3869 esteoclesiai.
494 3811 564 3892 Item
577 3815 720 3866 annuente
739 3811 853 3866 domino
870 3828 932 3866 meo
947 3828 1013 3882 rege
1054 3813 1086 3867 ln
1101 3811 1277 3882 lngulsivilla,
1295 3818 1400 3867 terram
1415 3811 1494 3866 illam
1508 3827 1592 3882 quam
1618 3811 1653 3865 de
1676 3811 1738 3883 ipsa
1755 3813 1849 3866 tenuit

217 3885 275 3942 emi
293 3901 311 3938 a
335 3883 475 3939 Richardo
500 3882 559 3935 filio
583 3881 735 3936 Herlewini
757 3881 819 3936 illas
839 3887 929 3936 terras
944 3899 1013 3954 quas
1053 3883 1246 3937 Anschitillus.
1271 3884 1303 3938 ln
1323 3883 1474 3938 (laliavilla
1491 3888 1597 3937 terrain
1611 3883 1695 3937 unius
1714 3899 1848 3939 carruca.

217 3955 334 4012 tenebat
348 3952 495 4019 etTaiiilli,
508 3953 675 4007 etinmonta
683 3953 779 4018 Boani,
793 3953 1013 4025 antenorequod
1054 3953 1137 4008 Dedit
1160 3954 1245 4008 etiam
1265 3954 1324 4009 hoec
1344 3953 1442 4008 eadem
1461 3953 1604 4008 adelaidis
1626 3953 1846 4020 Fraxinivillam,

217 4027 279 4098 ipse
294 4025 439 4106 Ricardus,
455 4022 621 4105 deecclesia
642 4039 689 4077 eas
704 4027 815 4078 teneret
834 4025 863 4078 in
882 4024 937 4080 vita
951 4040 1012 4088 sua,
1056 4031 1084 4079 et
1098 4024 1265 4080 Maianillem
1286 4025 1398 4091 UreeDi,
1425 4041 1495 4097 quas
1519 4041 1571 4095 ego
1594 4024 1737 4079 Mathildis
1748 4025 1849 4096 regina

219 4105 248 4154 et
277 4102 323 4152 ost
336 4095 442 4177 obitum
457 4096 519 4165 ejus
531 4110 561 4147 in
575 4109 627 4149 sua
638 4094 814 4165 possessione
828 4095 942 4166 propria
953 4111 1016 4167 pos·
1056 4095 1208 4150 excambivi
1231 4096 1353 4150 ecclesiae
1372 4097 1481 4151 Sancta
1500 4095 1594 4150 Mariae
1617 4095 1772 4166 Bajocensi,
1795 4113 1849 4168 per

218 4169 241 4224 si
265 4173 325 4224 eret
338 4167 463 4222 eeclesia.
476 4167 548 4220 Item
562 4169 667 4219 terram
677 4181 762 4235 quam
775 4166 868 4220 tenuit
881 4165 1015 4220 Rodullus
1058 4166 1184 4221 Odonein
1212 4167 1341 4224 Ecclesiae
1367 4167 1493 4236 ejusdem
1514 4166 1680 4232 antistitem,
1713 4183 1847 4222 concessu

218 4240 295 4295 silius
306 4238 388 4294 Alani
397 4237 427 4291 iu
438 4236 543 4319 Willon
557 4237 715 4318 comparavi
727 4235 762 4290 ab
776 4237 874 4291 eodem
884 4237 1012 4292 Radulto.
1056 4236 1162 4292 domini
1176 4237 1231 4292 mei
1246 4238 1330 4308 regis,
1344 4253 1395 4320 pro
1405 4237 1527 4292 ecclesiis
1541 4254 1606 4292 cuni
1619 4237 1735 4292 decimis
1749 4238 1847 4294 Sancti

218 4312 254 4368 Et
272 4328 290 4366 a
317 4308 437 4390 Ricarde
452 4308 509 4361 silio
524 4306 689 4361 llainfrandi
713 4307 850 4382 rusticum
874 4324 962 4362 unum
983 4307 1014 4363 in
1056 4307 1200 4378 Stephani,
1212 4313 1240 4362 et
1260 4310 1354 4364 Sancti
1370 4308 1483 4364 Martini
1503 4308 1629 4375 cadomi,
1645 4309 1717 4363 sicut
1730 4309 1848 4363 anschi-

218 4382 286 4435 iilla
300 4396 361 4451 quoe
373 4379 477 4433 dicitur
497 4378 619 4450 Charon.
643 4383 672 4432 et
685 4378 756 4434 duas
773 4379 876 4449 garbas
899 4379 1013 4434 decima
1053 4379 1132 4434 tillus
1142 4380 1216 4434 silius
1226 4379 1276 4434 Uri
1288 4395 1336 4434 aas
1349 4385 1489 4444 tenuerat,
1512 4385 1542 4434 et
1556 4397 1607 4450 pro
1621 4380 1737 4435 ecclesia
1751 4380 1848 4436 Sancti

240 4467 305 4505 uam
317 4449 476 4530 habebatin
486 4449 584 4504 eadem
595 4448 915 4506 villa.SimiliteretoRa
936 4451 1012 4505 nulio
1054 4450 1167 4521 Georgii
1179 4451 1214 4505 de
1227 4457 1318 4505 castro
1333 4451 1457 4508 cadomi.
1479 4450 1631 4521 Stigandus
1645 4467 1756 4533 quoque
1768 4451 1849 4506 dedit

219 4469 255 4576 de
269 4520 410 4576 Barbariis
423 4519 494 4573 duas
507 4519 609 4588 garbas
624 4519 737 4601 decima
751 4468 972 4602 quamuhabmzat
983 4514 1184 4576 inDecclesins
1195 4522 1310 4577 Falesia
1319 4538 1383 4576 curn
1397 4521 1562 4582 decimis.et
1571 4522 1850 4578 ecclesiamWibreei

219 4592 341 4655 Charon,
357 4590 457 4644 ethaeo
471 4605 504 4643 ex
518 4605 651 4670 concessu
663 4606 737 4660 regis
749 4593 871 4646 ecclesia
885 4593 1013 4664 apposita
1052 4609 1116 4646 oum
1130 4593 1249 4658 decima,
1265 4598 1293 4647 et
1303 4609 1393 4648 unum
1406 4592 1598 4648 molendinum
1612 4593 1643 4648 in
1664 4593 1763 4648 eodem
1784 4593 1848 4647 loco

219 4668 296 4744 sunt.
320 4662 427 4744 irater
440 4660 499 4714 haic
512 4675 530 4712 a
544 4660 648 4740 ,hlilone
662 4661 823 4716 Mariscalco
845 4668 874 4716 et
886 4664 1012 4718 Alethse·
1053 4664 1289 4734 supranominata
1304 4664 1436 4730 ecolesiae,
1451 4663 1575 4735 profilia
1593 4681 1654 4728 sua,
1672 4663 1776 4720 ibidem
1788 4680 1850 4719 mo-

219 4734 279 4789 lina
301 4747 363 4856 ahos
385 4747 480 4810 uxore,
496 4745 551 4784 emi
564 4731 772 4812 egouhlathildis
786 4733 884 4813 regina
905 4739 1012 4789 terram
1052 4735 1143 4789 nacha
1162 4735 1246 4801 laeta,
1266 4735 1407 4790 Willelmo
1431 4735 1465 4789 de
1491 4735 1616 4805 Brajosa,
1636 4735 1672 4791 do
1685 4736 1766 4806 cujus
1780 4735 1849 4816 jure

221 4819 307 4886 quam
337 4801 459 4884 ababant
470 4817 500 4854 in
511 4801 650 4883 llaloelhs,
663 4806 692 4882 at
705 4802 779 4873 quod
795 4819 824 4857 in
844 4804 969 4868 ecclesia,
985 4811 1013 4860 et
1053 4811 1122 4871 erat,
1138 4810 1295 4872 annuente3
1321 4806 1367 4861 cui
1391 4811 1424 4861 ut
1435 4806 1608 4868 concederet,
1628 4822 1680 4877 ego
1702 4806 1848 4862 Mathildis

220 4891 250 4930 in
265 4872 428 4954 molendino
440 4887 496 4953 uno
511 4871 637 4942 ejusdem
651 4872 722 4955 villae
735 4871 885 4955 habebant,
898 4881 1011 4946 excepto
1052 4877 1151 4947 regina
1164 4894 1197 4931 ex
1212 4893 1345 4932 concessu
1354 4877 1429 4947 regis
1444 4876 1509 4932 dedi
1522 4877 1557 4932 de
1569 4877 1688 4948 pecunia
1701 4893 1775 4932 mea.
1791 4878 1848 4933 Sed

220 4946 294 5018 quod
310 4945 431 5000 Deatrici
442 4944 505 5024 tiliae
519 4959 576 4997 suae
591 4943 627 4996 ad
650 4959 812 5014 conjugium
826 4961 909 5001 suum
918 4946 1013 5017 largiti
1054 4954 1083 5002 et
1093 4948 1246 5003 Alveredus
1253 4948 1288 5004 de
1299 4948 1392 5003 Moion
1407 4948 1546 5002 concessit
1558 4949 1650 5004 eidem
1660 4947 1781 5002 ecclesia
1790 4953 1849 5003 ter-

218 5022 295 5083 sunt,
312 5015 387 5097 quod
405 5015 518 5070 domino
540 5029 604 5068 meo
626 5029 692 5084 rege
707 5016 876 5098 concedente
890 5017 1013 5074 ecelesia
1052 5035 1115 5100 ram
1129 5019 1208 5073 illam
1219 5036 1303 5090 quani
1317 5034 1397 5074 soror
1408 5020 1470 5090 ejus
1492 5019 1546 5074 Ala
1557 5018 1694 5075 habuerat
1707 5019 1737 5074 in
1748 5021 1849 5091 couju-

217 5085 1012 5240 stertens..aitarenstussia
1052 5107 1099 5215 a
1112 5089 1849 5233 satiastisassisinatensis

216 5233 428 5310 praenominata
449 5227 614 5308 donaiimus
636 5227 762 5308 Durgum
781 5227 816 5284 de
830 5230 933 5285 Hulmo
948 5247 1012 5285 cum
1053 5237 1166 5286 sanctus
1180 5232 1368 5303 Leodegarius
1387 5232 1422 5286 de
1437 5232 1850 5303 Pratellistenet,eujustorrae

215 5300 354 5358 reditibus
372 5315 440 5382 suis,
455 5297 570 5379 adelisa
587 5303 675 5352 amita
694 5316 756 5353 mea
779 5299 937 5372 benigniter
962 5318 1012 5357 an·
1051 5302 1198 5358 servitium
1213 5320 1264 5373 ego
1291 5304 1391 5374 regina
1412 5302 1449 5358 ad
1468 5317 1538 5374 opus
1550 5303 1672 5359 ecclesiia
1686 5304 1794 5358 redemi
1813 5304 1850 5360 de

216 5378 329 5438 ouante,
348 5386 429 5441 cujus
448 5369 597 5423 haereditas
614 5373 693 5438 erat;
709 5371 757 5424 sed
773 5377 802 5425 et
816 5372 960 5428 comitissa
972 5374 1007 5428 A.
1051 5372 1177 5429 Hnberto
1190 5374 1226 5429 de
1246 5375 1307 5442 itia,
1327 5375 1408 5446 cujus
1429 5374 1542 5429 feodum
1566 5380 1636 5429 erat.
1658 5374 1849 5445 Fredegendis

215 5445 251 5526 de
277 5440 440 5522 Albamarla
465 5439 643 5522 concedente,
668 5456 701 5494 eo
722 5441 850 5497 videlicet
877 5451 958 5514 paeto
979 5450 1011 5498 ut
1051 5449 1146 5499 autem
1160 5446 1290 5517 Ragnultl
1309 5445 1476 5500 vicecomitis
1497 5445 1585 5500 amita
1599 5445 1678 5500 dedit
1695 5445 1788 5502 eidem
1801 5463 1849 5502 ec-

214 5531 277 5596 ipsa
289 5517 399 5568 teneret
415 5527 447 5592 iii
461 5517 518 5592 vita
532 5526 593 5592 sua,
609 5515 674 5581 post
685 5510 792 5567 obitum
805 5529 870 5568 iero
880 5531 963 5569 suum
975 5515 1011 5570 ad
1051 5515 1141 5570 clesiae
1156 5516 1379 5583 Osbemivillam,
1396 5522 1539 5572 annuente
1553 5517 1652 5572 eodem
1664 5517 1796 5584 Ranulio,
1812 5519 1849 5574 de

215 5589 321 5639 victum
333 5581 591 5664 sanctimonialium
602 5587 699 5664 saneta
712 5583 869 5654 possideret
882 5585 1007 5640 eeclesia.
1050 5587 1130 5656 eujus
1143 5588 1224 5642 feodo
1240 5593 1314 5656 erat,
1332 5588 1376 5642 cui
1391 5587 1529 5658 Ragnulto
1553 5605 1604 5659 pro
1628 5603 1763 5644 concessu
1783 5605 1835 5646 suo

214 5655 249 5712 In
271 5659 413 5710 territorio
441 5657 535 5708 autem
554 5652 671 5734 ¹Cadonii
694 5653 821 5710 dedimus
843 5661 933 5711 terras
946 5657 1009 5712 illas
1050 5657 1144 5713 dedie
1164 5657 1440 5730 oreginaldalhildis
1454 5659 1490 5714 de
1504 5659 1624 5729 pecunia
1637 5675 1710 5715 mea.
1837 5630 1848 5659 ’

213 5741 286 5862 §aas
305 5725 340 5779 de
361 5739 407 5776 me
431 5739 497 5794 rege
515 5723 657 5779 Willelmo
681 5723 816 5781 tenebant
843 5727 1009 5784 Godetridus
1086 5675 1265 5786 ‹Deditidem
1273 5729 1733 5802 Ragnultuseoclesiaesupradicta
1741 5731 1850 5788 molen-

230 5793 485 5870 assumtionem
499 5793 868 5870 conesmbutus,Witte1mus
883 5797 1006 5880 Patrich.
1048 5799 1147 5862 ᾱίιιιιω
1158 5815 1248 5860 unum
1270 5801 1346 5862 intra
1363 5800 1486 5875 bugum
1508 5801 1626 5884 Gadomi
1635 5802 1741 5878 situm,
1764 5807 1803 5879 etd
1816 5803 1849 5864 in
