3882 6172
235 285 287 344 sss
820 279 952 337 nonrnr
971 282 1074 338 econ
1095 243 1280 338 ιιιιιιιιιιι.
1788 290 1829 344 ιιι

267 410 430 468 cadomensi
448 413 589 477 protessus
616 401 751 468 cenobio,
778 406 830 457 etc.
856 403 914 458 Usu
936 405 1188 475 siqui-Aricorum
1216 407 1378 462 meretrices
1403 412 1548 474 ornantur,
1577 409 1706 466 lsrxuriosa
1726 415 1830 470 consitis

231 500 296 555 dam
310 497 448 552 didicerat
468 507 605 564 magnum
624 489 811 546 Lausranoum
830 490 969 562 sapientia
983 510 1028 547 su·
1068 499 1271 566 praeparentur,
1287 500 1408 550 caneset
1421 511 1496 562 aves,
1512 512 1545 550 ac
1557 496 1730 553 talialudicra
1741 517 1832 573 compa·

230 585 355 653 blimem,
370 584 434 640 vitoe
449 595 566 654 quaque
575 578 734 652 splendore,
749 578 931 634 scientiarum
944 580 1028 636 lacul-
1067 583 1187 638 rentur?
1201 582 1260 638 lloc
1280 583 1383 640 milites
1396 585 1528 651 clamant,
1549 584 1625 656 plebs
1638 586 1830 658 submurmurat,

230 671 299 741 tate,
314 677 344 729 et
356 687 452 729 mrum
467 668 645 726 secularium
659 665 763 740 peritia
772 667 928 738 illustrem
944 683 1028 739 quem
1068 671 1147 725 mimi
1162 676 1286 736 cantant,
1302 678 1331 727 et
1344 672 1458 736 saltant,
1475 677 1504 728 et
1514 688 1564 727 ros
1576 674 1716 745 negligitis,
1729 691 1772 732 ros
1784 695 1835 748 par·

229 759 332 818 ideirco
343 761 379 816 ad
391 760 478 818 totius
488 757 586 831 patriae
596 755 710 827 negotia
719 755 941 811 admbtistranda
952 773 1027 813 sum·
1068 759 1139 824 citis,
1158 777 1206 814 vos
1224 759 1430 815 dissimulatis?
1453 760 1504 816 Ubi
1525 761 1634 832 gladius
1652 763 1711 818 Levi
1731 769 1757 818 et
1773 766 1833 821 relos

230 866 309 908 mum
322 848 514 906 consiliarium
527 849 719 918 assumpserat
727 845 955 901 Normannorum
971 845 1028 902 dux
1069 847 1229 904 Simeonis?
1249 867 1263 902 o
1287 854 1339 904 etc.
1353 849 1396 904 Ad
1421 865 1470 905 cor
1492 849 1604 906 tandem
1627 850 1736 906 redeant
1750 853 1837 918 illi,et

230 939 410 1003 (luillclmus,
421 940 536 993 auctore
545 933 648 990 Milone
662 932 799 1005 Crispino.
817 934 852 989 Et
861 950 929 989 sane
938 933 1026 990 addi·
1068 936 1097 992 S.
1114 937 1283 1008 Pmsporum
1297 937 1457 992 auscultent
1469 937 1520 995 lib.
1534 951 1555 994 ιι
1569 938 1605 992 de
1617 937 1680 993 llita
1692 941 1837 1012 mntempla·

227 1022 1025 1100 gnitateseoclesiastioas,nisireligione,pietate,scientia‚
1067 1025 1124 1080 lira
1139 1025 1230 1080 obiter
1244 1032 1325 1096 geste
1347 1032 1507 1082 sanctorum
1528 1026 1714 1098 episcopomm
1736 1028 1836 1094 Paulini,

227 1115 380 1188 prudentia
391 1113 464 1170 viros
475 1112 610 1184 insignes,
630 1117 659 1168 et
674 1111 730 1167 dux
744 1111 982 1179 Nummorum,
999 1119 1028 1169 et
1068 1115 1097 1166 ct
1116 1112 1215 1166 Hilarii
1229 1113 1335 1168 Arelat.
1357 1112 1561 1169 describentem
1584 1133 1594 1169 ι
1617 1115 1724 1170 «Tales
1736 1132 1765 1169 ac
1778 1118 1837 1172 tanti

227 1203 383 1274 Anglorum
394 1218 442 1258 ιιι
452 1216 632 1273 nequaquam
638 1198 782 1268 evehebat,
791 1205 823 1254 ut
830 1201 1027 1256 asseriterobi·
1066 1199 1129 1268 viri,
1144 1201 1192 1272 qui
1207 1202 1331 1260 volentes
1345 1218 1406 1258 esse
1418 1202 1523 1258 Christi
1539 1202 1667 1274 discipuli
1681 1204 1838 1259 renuntiare-

226 1287 920 1360 diaconusLexoriorumuuillel.1³ictavens.‚p.¹95
928 1288 1024 1348 satos.
1066 1294 1135 1344 runt
1154 1289 1284 1345 omnibus
1311 1307 1373 1364 qua
1393 1290 1543 1358 habebant,
1565 1307 1622 1348 non
1635 1298 1667 1347 ut
1678 1308 1839 1363 possessores,

227 1376 1027 1452 Ageusdealactionebanlranciinarchiepiscopumtlan·
1066 1376 1839 1452 sedutprocumtores,facultateslioclesiaepossidebant.

225 1468 417 1524 medensem:
432 1486 444 1521 ι
458 1467 567 1523 lusede
581 1465 796 1537 metropolitana
807 1465 1026 1536 (Cantauriansi)
1066 1465 1101 1520 Et
1113 1465 1217 1522 idcirco
1231 1467 1351 1523 scientes
1364 1468 1435 1522 nibil
1444 1469 1519 1524 aliud
1535 1485 1596 1524 esse
1605 1485 1650 1524 res
1663 1469 1791 1536 Ecclesia,
1799 1469 1842 1523 nisi

225 1555 416 1612 meditabatur
431 1555 616 1624 wuillelmus)
636 1560 765 1610 sanctum
787 1555 854 1623 vita,
869 1554 946 1610 sema
959 1556 1026 1610 cha·
1065 1559 1129 1609 vota
1155 1554 1291 1623 bdelium,
1317 1557 1409 1628 pretia
1429 1562 1618 1629 pcccatorum.
1642 1563 1671 1612 et
1695 1556 1843 1628 patrimonia

224 1659 301 1712 mm,
312 1644 474 1718 eloquentia
491 1643 580 1699 divini
596 1642 674 1698 verli
695 1648 848 1715 potentem,
864 1645 913 1714 qui
927 1644 1025 1699 sutfra-
1064 1658 1229 1714 pauperum,
1255 1660 1310 1700 non
1339 1661 1386 1700 aas
1408 1645 1588 1701 vindicarunt
1607 1645 1637 1700 in
1656 1662 1720 1701 suos
1741 1662 1802 1700 usus
1818 1651 1845 1700 ut

225 1733 324 1804 ganeis
334 1733 634 1805 episcopiscongruam
649 1731 770 1786 formam
780 1730 1202 1803 prebemetovililiproprias,
1217 1732 1267 1787 sed
1286 1739 1319 1788 ut
1343 1734 1554 1790 commendatas
1576 1735 1743 1807 pauperibus
1757 1734 1843 1790 diviso·

224 1821 369 1886 llominioo
377 1819 1024 1894 praeessesciret,cunctisquepmdessecoperet
1065 1825 1142 1876 runt.
1160 1839 1173 1874 s
1189 1821 1230 1876 lle
1245 1822 1290 1877 bis
1305 1822 1369 1894 plus
1384 1822 1463 1878 satis.

224 1907 1022 1983 modorigbanu.ldemdsordinauonibusncclesiamm
1098 1910 1152 1966 liae
1175 1912 1333 1979 topiorum
1356 1913 1456 1980 sactus.
1477 1911 1556 1968 Victo
1578 1891 1714 1968 nimirum
1736 1927 1846 1982 casuque

223 1997 433 2072 praecogitabat,
449 2003 526 2054 seta.
543 1997 693 2054 llatthaeus
705 1996 796 2052 Paris.
811 1997 847 2052 ad
860 2014 907 2053 aa.
919 1997 1022 2053 Christi
1064 1996 1196 2063 Humido,
1210 1998 1341 2054 universe
1354 1998 1407 2054 sibi
1421 1999 1570 2071 subjugata
1586 1999 1691 2066 insula,
1708 2015 1754 2054 rex
1767 2005 1806 2054 est
1818 1997 1846 2052 ab

224 2084 1023 2159 ittarorroceueaaxstmsmiiuimcoenobiisstapha·
1062 2085 1193 2140 omnibus
1214 2086 1414 2158 proclamatus,
1436 2103 1469 2142 ec
1491 2088 1606 2143 tandem
1630 2094 1801 2143 consecratus
1817 2085 1846 2140 ab

223 2173 711 2246 maneturingemsbmanfrenci
721 2189 782 2246 cap.
790 2172 815 2241 3,
827 2175 892 2246 p.5;
904 2175 1021 2232 Guillel·
1053 2173 1271 2246 archiepiscopo
1289 2174 1457 2231 Ebomcensi
1476 2175 1610 2244 Aldredo,
1626 2177 1695 2248 quia
1708 2175 1848 2232 simoniaca

222 2279 288 2322 mus
296 2263 442 2320 blalmesb.
457 2263 478 2320 l.
496 2277 536 2330 nr,
556 2261 634 2318 (ieet.
649 2263 832 2333 Angelorum,
848 2279 877 2335 p.
894 2260 975 2334 6162,
990 2281 1019 2322 n.
1062 2263 1123 2314 tum
1136 2259 1298 2331 Stigandus,
1315 2263 1395 2332 cujus
1411 2263 1441 2317 id
1457 2263 1584 2318 muneris
1597 2268 1670 2326 erat,
1685 2263 1777 2318 sedem
1791 2262 1851 2316 Oan-

224 2350 275 2421 lo;
288 2351 513 2420 ommistione,
521 2351 571 2410 lib.
580 2351 692 2407 miliat.
702 2367 766 2423 pag.
776 2349 841 2419 4593
853 2350 1021 2409 Guillelmus
1061 2347 1234 2404 tuamensem
1248 2348 1411 2420 occupabat,
1423 2349 1521 2421 illique
1529 2351 1565 2405 ab
1579 2351 1734 2408 Alexandri
1747 2367 1807 2422 pap.
1818 2349 1849 2414 ll,

221 2439 435 2508 (iemeticeusis,
446 2440 521 2498 Hist.
530 2440 790 2496 Nortbmannorum
798 2438 848 2496 lib.
858 2455 905 2507 ur,
915 2457 976 2512 cap.
984 2440 1017 2498 21
1060 2438 1160 2509 legatis
1169 2455 1272 2494 corona
1284 2445 1327 2494 est
1337 2440 1478 2512 imposita.
1490 2442 1534 2496 lte
1546 2441 1697 2496 Guillelm.
1710 2432 1851 2495 Pictorem.

220 2534 251 2586 et
273 2528 328 2598 265
352 2530 443 2584 selum
464 2529 518 2585 boc
538 2528 598 2584 loco
617 2528 731 2584 Guillel.
746 2527 906 2587 Pistorens.
924 2535 1019 2596 885
1060 2544 1124 2600 pag.
1145 2527 1220 2597 196;
1246 2529 1399 2584 monachus
1419 2530 1584 2598 ltalmesb.,
1604 2531 1642 2585 de
1667 2531 1747 2586 Gest.
1772 2527 1848 2598 Angl.

220 2621 323 2676 utam
337 2618 479 2675 oculatum
498 2617 622 2674 inGest
648 2617 761 2674 Guillel.
783 2635 851 2691 pag.
869 2617 932 2687 tlt,
947 2618 1020 2673 arri·
1060 2615 1853 2689 pag.56etb‘l;ilenricHuntindo,adanilibbffloger.

220 2704 270 2764 dat
281 2705 407 2779 prolerre
423 2723 429 2760 :
447 2705 645 2762 «cadomensi
667 2705 789 2762 basilica
812 2705 896 2762 modo
916 2706 1020 2778 specie·
1060 2705 1214 2771 Heroden..
1226 2711 1297 2777 pert
1311 2707 1403 2778 priore
1417 2706 1447 2761 in
1457 2706 1571 2762 Guillel.
1589 2707 1724 2774 seniore;
1744 2704 1854 2761 Gemeti·

219 2793 463 2867 quaadmirabilis
484 2795 544 2851 suis
565 2793 716 2866 impendiis
729 2794 765 2850 ad
786 2795 901 2851 titulum
915 2795 943 2851 S.
960 2795 1020 2851 Sta·
1059 2794 1150 2849 censis
1173 2793 1224 2853 lib.
1249 2810 1286 2849 vu
1314 2795 1399 2862 ssiat,
1424 2811 1448 2849 c.
1471 2793 1506 2850 31
1517 2801 1546 2850 et
1558 2811 1641 2868 seq.;
1665 2795 1791 2851 Orderio.
1804 2793 1855 2848 lit.

218 2882 305 2956 pisani
316 2883 532 2958 protomartyris
551 2899 569 2938 a
588 2883 773 2939 fundamento
787 2889 1019 2950 castrametatum
1059 2881 1107 2937 lib.
1124 2897 1166 2950 111,
1192 2881 1336 2954 pugilli.
1358 2885 1449 2949 Quam
1470 2882 1505 2938 ob
1524 2899 1654 2952 causam,
1676 2891 1706 2938 et
1726 2899 1780 2954 quo
1800 2884 1857 2951 iuro

218 2971 903 3046 dirmsadonariaadrexitmateriaartitlcioque
916 2973 1019 3045 pretio-
1058 2971 1166 3042 Anglia
1190 2987 1308 3042 regnum
1330 2971 1383 3026 sibi
1405 2988 1568 3044 comparare
1593 2989 1750 3045 aggressus
1770 2971 1859 3036 luerit,

217 3059 340 3130 simma,
350 3077 412 3134 qum
421 3060 457 3116 ad
469 3061 563 3117 seculi
572 3060 725 3118 terminum
736 3061 844 3117 honora
852 3058 1048 3133 permanareC
1059 3059 1231 3131 patefaciunt
1245 3067 1374 3115 auctores
1386 3060 1513 3132 predicti
1524 3080 1531 3126 ς
1550 3061 1678 3117 maxime
1692 3077 1757 3116 vero
1770 3065 1861 3114 coaeta·

216 3148 339 3208 adeant.
354 3149 473 3221 Singula
486 3148 722 3222 descriptionibus
736 3156 787 3206 aut
800 3149 961 3206 nominibus
972 3151 1020 3205 de·
1060 3164 1130 3203 neus
1143 3153 1241 3203 auctor
1256 3149 1337 3219 liugo
1349 3149 1565 3204 Flaviniaeansis
1580 3150 1684 3218 abbas,
1701 3151 1733 3204 in
1747 3147 1863 3204 ilistoria

216 3236 330 3308 signam
343 3237 499 3311 spatiosum
512 3237 623 3306 lorea»
640 3243 693 3294 eto.
711 3239 746 3294 lit
758 3237 840 3304 inira,
856 3254 913 3310 qua
924 3245 1020 3294 mente
1060 3251 1112 3291 sua
1125 3253 1177 3291 ms.
1196 3255 1202 3290 ε
1221 3238 1343 3303 «Anno,
1357 3237 1458 3309 inquit,
1475 3235 1556 3302 1665,
1574 3239 1731 3295 Eduardus
1749 3254 1797 3293 res
1814 3239 1864 3290 Au·

216 3326 247 3383 id
260 3327 419 3400 impleverit
432 3329 489 3384 dux
509 3327 687 3395 Guillelmus,
709 3327 832 3383 ostendit
845 3328 889 3382 bis
903 3328 994 3384 verbis
1010 3348 1016 3383 :
1061 3325 1172 3394 giorum
1180 3325 1264 3394 obiit,
1277 3327 1335 3397 qui,
1344 3326 1411 3399 quia
1417 3326 1478 3381 sine
1484 3327 1546 3382 liliis
1552 3327 1864 3398 init,consanguineum

217 3415 1017 3487 cPotentesquidemnonnullisanctisiniquelargiuntur,
1060 3429 1141 3469 suum
1166 3413 1326 3470 villelmum
1350 3415 1579 3471 Nomuannorum
1604 3417 1746 3472 comitem
1767 3421 1866 3487 postse

216 3503 384 3576 plerumque
397 3505 427 3559 in
441 3503 541 3560 iisdem
556 3504 754 3561 donationibus
767 3505 880 3560 leudem
895 3521 975 3560 suam
991 3506 1018 3560 in
1060 3517 1155 3572 regem
1170 3502 1303 3558 instituit.
1319 3503 1372 3559 Sed
1388 3503 1527 3559 Heroldus
1540 3511 1647 3560 contra
1661 3509 1865 3561 sacramentum

216 3591 334 3658 mundo,
344 3591 613 3648 delictasuacoram
624 3593 682 3648 Deo
692 3592 883 3664 adaugentes:
897 3593 1020 3664 spoliant
1059 3590 1134 3663 quod
1154 3591 1284 3650 Villelmo
1298 3592 1413 3656 iecerat,
1434 3609 1552 3664 regnum
1577 3594 1699 3650 invasit,
1721 3596 1787 3666 Ipso
1801 3607 1868 3647 anno

217 3679 358 3748 accitum,
370 3685 400 3735 at
412 3679 518 3752 rapinis
530 3679 600 3752 ipsis
611 3679 681 3736 alias
695 3679 796 3735 ditant.
811 3699 823 3732 a
839 3679 1019 3736 Animadver-
1059 3679 1206 3736 villelmus
1218 3697 1267 3736 rex
1283 3697 1361 3736 mare
1375 3681 1498 3749 transiit,
1515 3687 1544 3736 et
1564 3684 1726 3739 commisso
1741 3681 1834 3756 prmlio
1844 3693 1868 3732 ιιι

217 3772 281 3826 taut
297 3769 357 3825 hec
370 3768 498 3825 nonnulli
511 3769 660 3842 principes,
676 3768 794 3841 praelati,
809 3768 926 3825 abbates
940 3786 1018 3826 com·
1058 3768 1100 3823 ld.
1123 3768 1251 3824 Octobris
1268 3770 1328 3825 ruit
1351 3771 1499 3837 llemldus,
1515 3777 1543 3826 et
1565 3771 1738 3839 villelmus,
1755 3771 1802 3827 die
1820 3771 1871 3826 Na·

217 3857 388 3916 mandatarii
398 3858 457 3913 imo
467 3863 496 3914 et
506 3857 727 3926 mucionatores,
740 3857 799 3930 qui,
809 3857 903 3913 divina
912 3859 1017 3930 pietate
1057 3857 1124 3912 talis
1138 3857 1259 3924 Domini,
1272 3859 1347 3930 apud
1361 3859 1533 3916 Londoniam
1546 3859 1577 3915 in
1590 3877 1699 3933 regem
1709 3861 1834 3917 elevatus
1845 3863 1871 3912 et

216 3945 316 4016 afflati,
328 3945 490 4003 bominibus
499 3951 532 4003 ut
544 3953 711 4020 appareant,
721 3963 807 4003 noras
821 3945 1017 4018 religiosarum
1058 3951 1208 4001 coronatus
1222 3953 1274 4004 eat.
1288 3967 1300 3999 ι
1312 3947 1388 4002 Alias
1402 3947 1600 4020 superaddidit
1612 3967 1723 4007 causas
1737 3949 1872 4006 liebertus

215 4034 321 4092 adium
344 4040 501 4092 structuras
522 4035 735 4108 aggrediuntur,
758 4039 877 4106 erogant
900 4035 1019 4091 eleemo·
1059 4035 1212 4091 monachus
1227 4036 1262 4090 de
1272 4037 1376 4105 Monte,
1387 4036 1416 4092 in
1433 4037 1572 4094 Cbmnico
1588 4056 1650 4096 ms.
1662 4057 1714 4096 an.
1731 4041 1784 4096 Ob.
1798 4034 1871 4100 1663,

214 4139 312 4197 cynas,
327 4124 442 4181 interim
455 4139 531 4192 vero,
548 4124 604 4180 diei
616 4124 762 4196 noctisque
772 4123 874 4179 divinis
888 4124 1018 4180 laudibus
1061 4121 1088 4180 l⁰
1098 4142 1110 4177 s
1119 4123 1513 4199 QuiaAlvredumcognatum
1523 4141 1613 4184 suum
1622 4127 1792 4202 (Guillelmi
1801 4124 1875 4184 ducis

215 4213 401 4286 posthabitis,
427 4213 597 4270 collabentes
624 4212 756 4269 ecclesias
787 4217 817 4268 et
847 4213 1019 4269 monasteria
1058 4211 1197 4284 videlicet)
1219 4213 1361 4270 Godvinus
1384 4219 1413 4271 et
1436 4215 1486 4270 lilii
1501 4216 1544 4271 sui
1560 4217 1838 4274 dehonestaverunt
1850 4219 1876 4269 et

218 4301 351 4372 (quorum
362 4301 532 4374 perpingues
546 4301 673 4358 redditus
687 4301 838 4374 quotannis
849 4301 1017 4374 percipiunt)
1058 4307 1248 4373 peremerunt3
1258 4301 1877 4380 tiquiaRcbertumepiscopum,et0donem

214 4387 314 4446 diruta
334 4394 364 4444 et
386 4389 445 4446 solo
459 4389 607 4461 adaquata
620 4389 722 4445 misere
736 4389 945 4460 derelinquunt.
963 4373 1308 4462 SedDoonsenguineum,
1318 4397 1347 4447 et
1360 4407 1457 4448 omnes
1464 4393 1599 4463 Francos,
1617 4393 1876 4458 Godvinusetfllii,

217 4474 292 4534 naut
308 4476 398 4533 multo
411 4477 447 4532 iis
459 4479 571 4550 pejores
585 4477 768 4550 perditissimi
780 4478 821 4534 illi
837 4477 1019 4550 patrimonio·
1058 4483 1119 4533 arte
1130 4495 1182 4535 sua
1193 4479 1229 4534 ab
1237 4480 1340 4552 Anglia
1352 4481 1556 4549 exsulaverant,
1567 4501 1581 4537 ι
1593 4491 1654 4540 etc.
1664 4487 1757 4542 Certe
1767 4483 1880 4558 quidem

217 4577 284 4622 rum
311 4564 416 4621 Christi
442 4564 613 4633 decoctores,
644 4565 692 4638 qui
715 4566 811 4622 omnia
832 4566 1016 4638 prandiorum
1057 4566 1211 4624 Victoriam
1227 4585 1284 4625 non
1299 4569 1442 4626 Guillelmi
1456 4571 1562 4627 viribus
1575 4580 1635 4630 aut
1646 4575 1818 4639 industriae,
1834 4572 1881 4628 sed

215 4652 377 4725 gurgitibus
390 4651 553 4722 absumunt,
568 4654 751 4726 obligun'unt,
767 4655 842 4712 ludis
856 4655 1015 4724 absorbent,
1057 4657 1111 4710 soli
1130 4656 1188 4712 Deo
1211 4658 1402 4714 ascribendam
1417 4660 1550 4732 predicat
1568 4661 1758 4736 Eadmerus‚
1774 4663 1881 4718 Hister.

216 4741 364 4815 libantque
373 4742 590 4800 Veneri.llerito
598 4743 736 4816 ejusmodi
746 4743 938 4800 insectabatur
949 4745 1017 4801 olim
1058 4761 1194 4800 novorum
1209 4746 1256 4800 lib.
1273 4761 1292 4814 1,
1309 4764 1374 4820 pag.
1389 4753 1415 4815 5,
1431 4749 1499 4805 edit.
1514 4749 1610 4807 Lond.
1628 4751 1722 4812 tcto.

216 4829 361 4904 piissimus
372 4831 528 4903 Anglorum
543 4848 592 4888 rex
606 4832 733 4902 Edgarus
747 4832 956 4904 elegantissima
969 4833 1017 4890 illa
1092 4834 1307 4901 Hermensredus
1323 4836 1489 4892 Sedunemis
1502 4839 1664 4908 epscopus.
1682 4841 1754 4896 Sive
1766 4841 1886 4896 Armen-

217 4918 345 4975 oratione
359 4935 444 4992 quam
468 4919 569 4976 habuit
588 4920 624 4975 ad
638 4921 739 4978 Patres
757 4921 857 4993 synodi
878 4922 952 4977 eirca
968 4937 1015 4977 au,
1056 4918 1162 4988 fredus,
1177 4921 1294 4978 diversis
1316 4930 1360 4979 est
1373 4923 1560 4996 legationibus
1573 4927 1751 4986 Alexandri
1767 4946 1848 5002 papas
1861 4926 1887 4982 ll

216 5007 322 5066 abusu
336 5006 410 5066 970:
435 5008 519 5076 «Sic,
537 5008 585 5074 sic,
611 5009 767 5082 inquiebat,
788 5009 957 5082 patrimonia
974 5026 1017 5066 re·
1055 5011 1137 5082 jussu
1174 5011 1285 5082 egregie
1316 5012 1438 5068 iunctus.
1474 5014 1647 5072 Florentius
1684 5015 1888 5091 Vigorniensis

213 5113 295 5170 gum,
310 5097 495 5170 eleemosyna
511 5114 675 5171 pauperum,
686 5099 756 5166 (imo
770 5098 845 5171 quod
857 5099 948 5171 magis
962 5103 1015 5166 esti
1057 5115 1167 5156 coaevus
1187 5101 1307 5174 scriptor
1324 5102 1360 5156 ad
1374 5118 1420 5157 an.
1439 5099 1507 5160 1062
1523 5121 1529 5158 ι
1547 5124 1560 5156 s
1577 5106 1750 5180 Contingit
1765 5123 1891 5180 namque

137 5267 142 5272 Ι
211 5186 292 5243 illius
301 5187 418 5259 pretiosi
427 5187 574 5259 sanguinis
583 5187 705 5260 pretium
716 5188 950 5260 prodigaturlAd
964 5188 1017 5243 boc
1058 5203 1091 5242 eo
1118 5194 1255 5260 tempore,
1280 5195 1362 5245 utet
1384 5191 1491 5263 legatos
1516 5193 1696 5264 apostolicae
1727 5197 1809 5252 sedis
1829 5199 1890 5267 ejus

214 5275 303 5347 igitur
314 5277 506 5332 exhauserunt
518 5276 667 5332 thesauros
680 5293 746 5332 suos
760 5283 855 5348 patres
865 5277 965 5344 nostri,
980 5278 1015 5333 ad
1058 5275 1190 5347 (diatoni)
1212 5277 1341 5334 electioni
1365 5279 1501 5336 interesse
1520 5282 1768 5343 ermenfredum
1785 5287 1896 5344 scilicet

214 5364 366 5421 bocdscus
384 5365 478 5438 regius
500 5365 641 5421 distractis
664 5363 819 5420 redditibus
841 5365 948 5430 multis,
970 5366 1017 5422 de·
1058 5364 1249 5421 sedunensem
1271 5367 1443 5440 episcopum,
1466 5376 1496 5425 at
1517 5369 1609 5426 aliurn
1634 5375 1692 5444 qui
1714 5391 1735 5430 a
1757 5377 1796 5432 l).
1819 5389 1893 5447 papa

209 5451 341 5509 tumuit?
362 5451 400 5508 ad
419 5452 472 5508 boc
492 5452 616 5508 ecclesiis
635 5451 740 5508 Christi
754 5467 846 5524 agros,
862 5459 892 5508 et
905 5469 1015 5525 posses·
1054 5453 1213 5510 Alexandro
1236 5473 1286 5528 pro
1315 5457 1456 5530 responsis
1484 5458 1701 5520 ecclesiasticis
1725 5465 1768 5521 ad
1795 5479 1895 5537 regem

215 5539 309 5596 aiones
331 5540 434 5612 regalis
449 5540 643 5624 munificentia
660 5541 771 5609 detulit,
787 5547 819 5597 ut
841 5541 947 5598 deliciis
962 5543 1015 5599 cle·
1055 5542 1212 5630 Anglornm
1221 5544 1895 5626 Eduardummissiregioproeceptowigornia
