<?xml version="1.0" encoding="UTF-8"?>
<!DOCTYPE html PUBLIC "-//W3C//DTD XHTML 1.0 Transitional//EN"
    "http://www.w3.org/TR/xhtml1/DTD/xhtml1-transitional.dtd">
<html xmlns="http://www.w3.org/1999/xhtml" xml:lang="en" lang="en">
 <head>
  <title>
</title>
<meta http-equiv="Content-Type" content="text/html;charset=utf-8" />
  <meta name='ocr-system' content='tesseract 3.04.00' />
  <meta name='ocr-capabilities' content='ocr_page ocr_carea ocr_par ocr_line ocrx_word'/>
</head>
<body>
  <div class='ocr_page' id='page_1' title='image "./patrologiaecurs92unkngoog_0426.png"; bbox 0 0 3900 6168; ppageno 0'>
   <div class='ocr_carea' id='block_1_1' title="bbox 67 265 1700 353">
    <p class='ocr_par' dir='ltr' id='par_1_1' title="bbox 67 265 1700 353">
     <span class='ocr_line' id='line_1_1' title="bbox 67 265 1700 353; baseline 0.014 -23"><span class='ocrx_word' id='word_1_1' title='bbox 67 269 114 330; x_wconf 79' lang='lat' dir='ltr'>etl</span> <span class='ocrx_word' id='word_1_2' title='bbox 619 267 727 326; x_wconf 82' lang='lat' dir='ltr'><strong>LIBER</strong></span> <span class='ocrx_word' id='word_1_3' title='bbox 745 267 794 324; x_wconf 77' lang='lat' dir='ltr'>AD</span> <span class='ocrx_word' id='word_1_4' title='bbox 812 265 970 328; x_wconf 77' lang='lat' dir='ltr'>sulcum.</span> <span class='ocrx_word' id='word_1_5' title='bbox 992 265 1064 330; x_wconf 82' lang='lat' dir='ltr'>tra.</span> <span class='ocrx_word' id='word_1_6' title='bbox 1089 270 1149 328; x_wconf 88' lang='lat' dir='ltr'>Vll.</span> <span class='ocrx_word' id='word_1_7' title='bbox 1646 287 1700 353; x_wconf 61' lang='lat'>842</span> 
     </span>
    </p>
   </div>
   <div class='ocr_carea' id='block_1_2' title="bbox 66 347 1700 482">
    <p class='ocr_par' dir='ltr' id='par_1_2' title="bbox 66 347 1700 482">
     <span class='ocr_line' id='line_1_2' title="bbox 66 347 1700 482; baseline 0.018 -34"><span class='ocrx_word' id='word_1_8' title='bbox 66 347 188 469; x_wconf 68' lang='lat' dir='ltr'>suscepit</span> <span class='ocrx_word' id='word_1_9' title='bbox 199 395 369 452; x_wconf 89' lang='lat' dir='ltr'>sententiam</span> <span class='ocrx_word' id='word_1_10' title='bbox 379 414 386 464; x_wconf 80' lang='lat'>3</span> <span class='ocrx_word' id='word_1_11' title='bbox 397 396 446 452; x_wconf 89' lang='lat' dir='ltr'>sed</span> <span class='ocrx_word' id='word_1_12' title='bbox 454 395 717 468; x_wconf 80' lang='lat' dir='ltr'>precibnsgloriosxe</span> <span class='ocrx_word' id='word_1_13' title='bbox 725 395 862 458; x_wconf 87' lang='lat' dir='ltr'>Matildis.</span> <span class='ocrx_word' id='word_1_14' title='bbox 871 395 898 456; x_wconf 77' lang='grc' dir='ltr'>Α</span> <span class='ocrx_word' id='word_1_15' title='bbox 906 396 1184 470; x_wconf 89' lang='lat' dir='ltr'>capiunt,ipsumque</span> <span class='ocrx_word' id='word_1_16' title='bbox 1193 400 1342 459; x_wconf 89' lang='lat' dir='ltr'>scelestum</span> <span class='ocrx_word' id='word_1_17' title='bbox 1349 403 1565 482; x_wconf 76' lang='lat' dir='ltr'>interfecissent,</span> <span class='ocrx_word' id='word_1_18' title='bbox 1573 414 1627 473; x_wconf 90' lang='lat' dir='ltr'>nisi</span> <span class='ocrx_word' id='word_1_19' title='bbox 1635 435 1700 477; x_wconf 91' lang='lat' dir='ltr'>enm</span> 
     </span>
    </p>
   </div>
   <div class='ocr_carea' id='block_1_3' title="bbox 67 483 1689 580">
    <p class='ocr_par' dir='ltr' id='par_1_3' title="bbox 67 483 1689 580">
     <span class='ocr_line' id='line_1_3' title="bbox 67 483 1689 580; baseline 0.015 -39"><span class='ocrx_word' id='word_1_20' title='bbox 67 503 126 558; x_wconf 78' lang='lat' dir='ltr'>que</span> <span class='ocrx_word' id='word_1_21' title='bbox 137 485 175 541; x_wconf 92' lang='lat' dir='ltr'>ibi</span> <span class='ocrx_word' id='word_1_22' title='bbox 186 486 286 541; x_wconf 87' lang='lat' dir='ltr'>aderat</span> <span class='ocrx_word' id='word_1_23' title='bbox 295 485 351 540; x_wconf 91' lang='lat' dir='ltr'>illis</span> <span class='ocrx_word' id='word_1_24' title='bbox 359 485 494 541; x_wconf 89' lang='lat' dir='ltr'>diebuset</span> <span class='ocrx_word' id='word_1_25' title='bbox 504 484 656 541; x_wconf 89' lang='lat' dir='ltr'>multorum</span> <span class='ocrx_word' id='word_1_26' title='bbox 670 486 863 542; x_wconf 85' lang='lat' dir='ltr'>Romanorum</span> <span class='ocrx_word' id='word_1_27' title='bbox 904 483 1083 542; x_wconf 89' lang='lat' dir='ltr'>beatissimus</span> <span class='ocrx_word' id='word_1_28' title='bbox 1092 487 1321 558; x_wconf 86' lang='lat' dir='ltr'>Gregorius,boni</span> <span class='ocrx_word' id='word_1_29' title='bbox 1334 493 1689 580; x_wconf 86' lang='lat' dir='ltr'>Magistvidiscipulus,pre</span> 
     </span>
    </p>
   </div>
   <div class='ocr_carea' id='block_1_4' title="bbox 21 571 1709 5537">
    <p class='ocr_par' dir='ltr' id='par_1_4' title="bbox 21 571 1709 5537">
     <span class='ocr_line' id='line_1_4' title="bbox 67 571 1700 654; baseline 0.015 -24"><span class='ocrx_word' id='word_1_30' title='bbox 67 575 165 630; x_wconf 86' lang='lat' dir='ltr'>civium</span> <span class='ocrx_word' id='word_1_31' title='bbox 189 574 232 630; x_wconf 89' lang='lat' dir='ltr'>vix</span> <span class='ocrx_word' id='word_1_32' title='bbox 258 574 388 644; x_wconf 83' lang='lat' dir='ltr'>emeruit,</span> <span class='ocrx_word' id='word_1_33' title='bbox 412 579 445 630; x_wconf 87' lang='lat' dir='ltr'>ut</span> <span class='ocrx_word' id='word_1_34' title='bbox 470 574 549 630; x_wconf 88' lang='lat' dir='ltr'>vivus</span> <span class='ocrx_word' id='word_1_35' title='bbox 573 574 772 642; x_wconf 89' lang='lat' dir='ltr'>dimitteretur,</span> <span class='ocrx_word' id='word_1_36' title='bbox 789 574 862 630; x_wconf 89' lang='lat' dir='ltr'>datis</span> <span class='ocrx_word' id='word_1_37' title='bbox 903 571 1410 648; x_wconf 80' lang='lat' dir='ltr'>cibaretsupplicationibusamorte</span> <span class='ocrx_word' id='word_1_38' title='bbox 1424 585 1580 646; x_wconf 78' lang='lat' dir='ltr'>liberasset.</span> <span class='ocrx_word' id='word_1_39' title='bbox 1594 594 1700 654; x_wconf 89' lang='lat' dir='ltr'>Dehinc</span> 
     </span>
     <span class='ocr_line' id='line_1_5' title="bbox 68 661 1699 746; baseline 0.015 -29"><span class='ocrx_word' id='word_1_40' title='bbox 68 661 209 718; x_wconf 88' lang='lat' dir='ltr'>obsidibus</span> <span class='ocrx_word' id='word_1_41' title='bbox 233 662 263 718; x_wconf 92' lang='lat' dir='ltr'>in</span> <span class='ocrx_word' id='word_1_42' title='bbox 286 679 373 718; x_wconf 89' lang='lat' dir='ltr'>manu</span> <span class='ocrx_word' id='word_1_43' title='bbox 394 678 474 734; x_wconf 74' lang='lat' dir='ltr'>papa</span> <span class='ocrx_word' id='word_1_44' title='bbox 497 667 527 719; x_wconf 87' lang='lat' dir='ltr'>et</span> <span class='ocrx_word' id='word_1_45' title='bbox 546 663 629 728; x_wconf 85' lang='lat' dir='ltr'>turri,</span> <span class='ocrx_word' id='word_1_46' title='bbox 648 680 699 735; x_wconf 90' lang='lat' dir='ltr'>per</span> <span class='ocrx_word' id='word_1_47' title='bbox 722 679 806 735; x_wconf 86' lang='lat' dir='ltr'>quarn</span> <span class='ocrx_word' id='word_1_48' title='bbox 826 662 863 718; x_wconf 92' lang='lat' dir='ltr'>ad</span> <span class='ocrx_word' id='word_1_49' title='bbox 903 678 968 717; x_wconf 92' lang='lat' dir='ltr'>cum</span> <span class='ocrx_word' id='word_1_50' title='bbox 978 663 1126 720; x_wconf 88' lang='lat' dir='ltr'>Lateranis</span> <span class='ocrx_word' id='word_1_51' title='bbox 1136 681 1210 738; x_wconf 88' lang='lat' dir='ltr'>papa</span> <span class='ocrx_word' id='word_1_52' title='bbox 1220 678 1382 740; x_wconf 89' lang='lat' dir='ltr'>remeasset,</span> <span class='ocrx_word' id='word_1_53' title='bbox 1391 679 1520 746; x_wconf 86' lang='lat' dir='ltr'>sequenti</span> <span class='ocrx_word' id='word_1_54' title='bbox 1528 679 1699 742; x_wconf 87' lang='lat' dir='ltr'>dieRomani</span> 
     </span>
     <span class='ocr_line' id='line_1_6' title="bbox 68 751 1700 844; baseline 0.015 -38"><span class='ocrx_word' id='word_1_55' title='bbox 68 751 162 807; x_wconf 78' lang='lat' dir='ltr'>calum</span> <span class='ocrx_word' id='word_1_56' title='bbox 173 752 327 808; x_wconf 87' lang='lat' dir='ltr'>ascendere</span> <span class='ocrx_word' id='word_1_57' title='bbox 336 751 489 822; x_wconf 75' lang='lat' dir='ltr'>nitebatur,</span> <span class='ocrx_word' id='word_1_58' title='bbox 498 768 559 823; x_wconf 76' lang='lat' dir='ltr'>qua</span> <span class='ocrx_word' id='word_1_59' title='bbox 579 751 706 808; x_wconf 81' lang='lat' dir='ltr'>funditus</span> <span class='ocrx_word' id='word_1_60' title='bbox 718 751 861 808; x_wconf 87' lang='lat' dir='ltr'>destructa</span> <span class='ocrx_word' id='word_1_61' title='bbox 903 755 1046 807; x_wconf 80' lang='lat' dir='ltr'>auctorem</span> <span class='ocrx_word' id='word_1_62' title='bbox 1057 753 1129 808; x_wconf 88' lang='lat' dir='ltr'>tenti</span> <span class='ocrx_word' id='word_1_63' title='bbox 1144 754 1244 826; x_wconf 87' lang='lat' dir='ltr'>tlagitii</span> <span class='ocrx_word' id='word_1_64' title='bbox 1259 773 1322 812; x_wconf 89' lang='lat' dir='ltr'>cum</span> <span class='ocrx_word' id='word_1_65' title='bbox 1344 762 1473 819; x_wconf 90' lang='lat' dir='ltr'>omnibus</span> <span class='ocrx_word' id='word_1_66' title='bbox 1485 767 1544 822; x_wconf 92' lang='lat' dir='ltr'>suis</span> <span class='ocrx_word' id='word_1_67' title='bbox 1556 773 1700 844; x_wconf 89' lang='lat' dir='ltr'>complici-</span> 
     </span>
     <span class='ocr_line' id='line_1_7' title="bbox 70 837 1700 922; baseline 0.038 -64"><span class='ocrx_word' id='word_1_68' title='bbox 70 847 118 900; x_wconf 43' lang='grc' dir='ltr'>ω.</span> <span class='ocrx_word' id='word_1_69' title='bbox 902 837 1102 898; x_wconf 86' lang='lat' dir='ltr'>busacivitate</span> <span class='ocrx_word' id='word_1_70' title='bbox 1111 843 1264 915; x_wconf 89' lang='lat' dir='ltr'>expellunt,</span> <span class='ocrx_word' id='word_1_71' title='bbox 1287 851 1434 922; x_wconf 86' lang='lat' dir='ltr'>turresque</span> <span class='ocrx_word' id='word_1_72' title='bbox 1444 869 1543 912; x_wconf 87' lang='lat' dir='ltr'>eornm</span> <span class='ocrx_word' id='word_1_73' title='bbox 1557 859 1700 920; x_wconf 88' lang='lat' dir='ltr'>solotenus</span> 
     </span>
     <span class='ocr_line' id='line_1_8' title="bbox 101 927 1061 988; baseline 0.008 -3"><span class='ocrx_word' id='word_1_74' title='bbox 101 931 213 986; x_wconf 82' lang='lat' dir='ltr'>Interea</span> <span class='ocrx_word' id='word_1_75' title='bbox 236 929 389 986; x_wconf 87' lang='lat' dir='ltr'>Guibertus</span> <span class='ocrx_word' id='word_1_76' title='bbox 414 931 553 988; x_wconf 74' lang='lat' dir='ltr'>Ravenna</span> <span class='ocrx_word' id='word_1_77' title='bbox 585 936 685 986; x_wconf 87' lang='lat' dir='ltr'>contra</span> <span class='ocrx_word' id='word_1_78' title='bbox 716 929 862 985; x_wconf 86' lang='lat' dir='ltr'>dominnm</span> <span class='ocrx_word' id='word_1_79' title='bbox 902 927 1061 984; x_wconf 73' lang='lat' dir='ltr'>destruunt·</span> 
     </span>
     <span class='ocr_line' id='line_1_9' title="bbox 72 1016 1698 1111; baseline 0.018 -41"><span class='ocrx_word' id='word_1_80' title='bbox 72 1035 148 1072; x_wconf 90' lang='lat' dir='ltr'>snum</span> <span class='ocrx_word' id='word_1_81' title='bbox 159 1033 264 1090; x_wconf 90' lang='lat' dir='ltr'>papam</span> <span class='ocrx_word' id='word_1_82' title='bbox 279 1018 398 1074; x_wconf 89' lang='lat' dir='ltr'>callidus</span> <span class='ocrx_word' id='word_1_83' title='bbox 417 1019 591 1083; x_wconf 79' lang='lat' dir='ltr'>armabatur,</span> <span class='ocrx_word' id='word_1_84' title='bbox 605 1034 672 1074; x_wconf 91' lang='lat' dir='ltr'>nam</span> <span class='ocrx_word' id='word_1_85' title='bbox 686 1034 745 1073; x_wconf 81' lang='lat' dir='ltr'>surr</span> <span class='ocrx_word' id='word_1_86' title='bbox 760 1016 862 1072; x_wconf 85' lang='lat' dir='ltr'>litteris</span> <span class='ocrx_word' id='word_1_87' title='bbox 940 1019 1011 1074; x_wconf 82' lang='lat' dir='ltr'>Cum</span> <span class='ocrx_word' id='word_1_88' title='bbox 1029 1019 1089 1076; x_wconf 80' lang='lat' dir='ltr'>hac</span> <span class='ocrx_word' id='word_1_89' title='bbox 1103 1019 1143 1076; x_wconf 88' lang='lat' dir='ltr'>its</span> <span class='ocrx_word' id='word_1_90' title='bbox 1155 1030 1331 1094; x_wconf 78' lang='lat' dir='ltr'>gererentur,</span> <span class='ocrx_word' id='word_1_91' title='bbox 1344 1027 1467 1087; x_wconf 81' lang='lat' dir='ltr'>Saxones</span> <span class='ocrx_word' id='word_1_92' title='bbox 1482 1034 1698 1111; x_wconf 87' lang='lat' dir='ltr'>rebellaverunt,</span> 
     </span>
     <span class='ocr_line' id='line_1_10' title="bbox 73 1105 1700 1192; baseline 0.016 -31"><span class='ocrx_word' id='word_1_93' title='bbox 73 1107 235 1162; x_wconf 87' lang='lat' dir='ltr'>conveniens</span> <span class='ocrx_word' id='word_1_94' title='bbox 263 1107 419 1163; x_wconf 87' lang='lat' dir='ltr'>cervicosos</span> <span class='ocrx_word' id='word_1_95' title='bbox 445 1106 645 1179; x_wconf 80' lang='lat' dir='ltr'>longobardos</span> <span class='ocrx_word' id='word_1_96' title='bbox 669 1105 814 1179; x_wconf 89' lang='lat' dir='ltr'>episcopos</span> <span class='ocrx_word' id='word_1_97' title='bbox 836 1110 866 1161; x_wconf 88' lang='lat' dir='ltr'>et</span> <span class='ocrx_word' id='word_1_98' title='bbox 905 1107 985 1176; x_wconf 75' lang='lat' dir='ltr'>cuius</span> <span class='ocrx_word' id='word_1_99' title='bbox 1000 1107 1159 1165; x_wconf 81' lang='lat' dir='ltr'>rebellionis</span> <span class='ocrx_word' id='word_1_100' title='bbox 1175 1127 1289 1169; x_wconf 88' lang='lat' dir='ltr'>cansam</span> <span class='ocrx_word' id='word_1_101' title='bbox 1301 1124 1416 1188; x_wconf 85' lang='lat' dir='ltr'>propter</span> <span class='ocrx_word' id='word_1_102' title='bbox 1429 1123 1619 1192; x_wconf 86' lang='lat' dir='ltr'>prolixitatem</span> <span class='ocrx_word' id='word_1_103' title='bbox 1633 1132 1700 1187; x_wconf 90' lang='lat' dir='ltr'>scri-</span> 
     </span>
     <span class='ocr_line' id='line_1_11' title="bbox 73 1193 1701 1290; baseline 0.018 -44"><span class='ocrx_word' id='word_1_104' title='bbox 73 1195 206 1267; x_wconf 78' lang='lat' dir='ltr'>praecipne</span> <span class='ocrx_word' id='word_1_105' title='bbox 220 1196 369 1252; x_wconf 80' lang='lat' dir='ltr'>&#39;l&#39;etaldnm</span> <span class='ocrx_word' id='word_1_106' title='bbox 376 1196 614 1253; x_wconf 82' lang='lat' dir='ltr'>Mediolanensem</span> <span class='ocrx_word' id='word_1_107' title='bbox 624 1195 863 1267; x_wconf 86' lang='lat' dir='ltr'>archiepiscopum</span> <span class='ocrx_word' id='word_1_108' title='bbox 905 1193 972 1250; x_wconf 88' lang='lat' dir='ltr'>bere</span> <span class='ocrx_word' id='word_1_109' title='bbox 982 1196 1177 1265; x_wconf 84' lang='lat' dir='ltr'>devitavimus,</span> <span class='ocrx_word' id='word_1_110' title='bbox 1189 1217 1276 1258; x_wconf 91' lang='lat' dir='ltr'>unum</span> <span class='ocrx_word' id='word_1_111' title='bbox 1287 1205 1701 1290; x_wconf 80' lang='lat' dir='ltr'>scientes,quiaproptergrave</span> 
     </span>
     <span class='ocr_line' id='line_1_12' title="bbox 73 1282 1702 1380; baseline 0.017 -42"><span class='ocrx_word' id='word_1_112' title='bbox 73 1283 233 1340; x_wconf 87' lang='lat' dir='ltr'>mirabiliter</span> <span class='ocrx_word' id='word_1_113' title='bbox 245 1289 345 1340; x_wconf 88' lang='lat' dir='ltr'>contra</span> <span class='ocrx_word' id='word_1_114' title='bbox 367 1301 467 1357; x_wconf 90' lang='lat' dir='ltr'>papam</span> <span class='ocrx_word' id='word_1_115' title='bbox 483 1285 645 1357; x_wconf 77' lang='lat' dir='ltr'>instigabat.</span> <span class='ocrx_word' id='word_1_116' title='bbox 662 1284 716 1340; x_wconf 85' lang='lat' dir='ltr'>Sed</span> <span class='ocrx_word' id='word_1_117' title='bbox 732 1282 865 1356; x_wconf 88' lang='lat' dir='ltr'>quoniam</span> <span class='ocrx_word' id='word_1_118' title='bbox 906 1290 935 1339; x_wconf 91' lang='lat' dir='ltr'>et</span> <span class='ocrx_word' id='word_1_119' title='bbox 942 1283 1087 1342; x_wconf 89' lang='lat' dir='ltr'>insolitum</span> <span class='ocrx_word' id='word_1_120' title='bbox 1102 1304 1173 1344; x_wconf 93' lang='lat' dir='ltr'>onus</span> <span class='ocrx_word' id='word_1_121' title='bbox 1183 1291 1334 1362; x_wconf 88' lang='lat' dir='ltr'>servitutis,</span> <span class='ocrx_word' id='word_1_122' title='bbox 1346 1297 1420 1366; x_wconf 90' lang='lat' dir='ltr'>quod</span> <span class='ocrx_word' id='word_1_123' title='bbox 1434 1299 1475 1354; x_wconf 91' lang='lat' dir='ltr'>eis</span> <span class='ocrx_word' id='word_1_124' title='bbox 1485 1301 1599 1371; x_wconf 89' lang='lat' dir='ltr'>quidam</span> <span class='ocrx_word' id='word_1_125' title='bbox 1612 1307 1702 1380; x_wconf 88' lang='lat' dir='ltr'>impo-</span> 
     </span>
     <span class='ocr_line' id='line_1_13' title="bbox 73 1372 1700 1468; baseline 0.017 -41"><span class='ocrx_word' id='word_1_126' title='bbox 73 1373 147 1428; x_wconf 87' lang='lat' dir='ltr'>istins</span> <span class='ocrx_word' id='word_1_127' title='bbox 159 1373 271 1429; x_wconf 80' lang='lat' dir='ltr'>&#39;letaldi</span> <span class='ocrx_word' id='word_1_128' title='bbox 284 1373 391 1429; x_wconf 89' lang='lat' dir='ltr'>mentio</span> <span class='ocrx_word' id='word_1_129' title='bbox 405 1374 480 1430; x_wconf 85' lang='lat' dir='ltr'>tacta</span> <span class='ocrx_word' id='word_1_130' title='bbox 500 1379 553 1444; x_wconf 89' lang='lat' dir='ltr'>est,</span> <span class='ocrx_word' id='word_1_131' title='bbox 571 1373 693 1446; x_wconf 89' lang='lat' dir='ltr'>qualiter</span> <span class='ocrx_word' id='word_1_132' title='bbox 707 1372 743 1428; x_wconf 93' lang='lat' dir='ltr'>ad</span> <span class='ocrx_word' id='word_1_133' title='bbox 757 1372 862 1430; x_wconf 89' lang='lat' dir='ltr'>Medio-</span> <span class='ocrx_word' id='word_1_134' title='bbox 906 1388 973 1428; x_wconf 89' lang='lat' dir='ltr'>nere</span> <span class='ocrx_word' id='word_1_135' title='bbox 983 1375 1196 1446; x_wconf 89' lang='lat' dir='ltr'>satagebant,ad</span> <span class='ocrx_word' id='word_1_136' title='bbox 1206 1383 1264 1435; x_wconf 89' lang='lat' dir='ltr'>tam</span> <span class='ocrx_word' id='word_1_137' title='bbox 1273 1398 1373 1453; x_wconf 88' lang='lat' dir='ltr'>graves</span> <span class='ocrx_word' id='word_1_138' title='bbox 1383 1384 1519 1445; x_wconf 87' lang='lat' dir='ltr'>devenere</span> <span class='ocrx_word' id='word_1_139' title='bbox 1528 1391 1700 1468; x_wconf 88' lang='lat' dir='ltr'>inimicitias;</span> 
     </span>
     <span class='ocr_line' id='line_1_14' title="bbox 74 1461 1702 1543; baseline 0.018 -28"><span class='ocrx_word' id='word_1_140' title='bbox 74 1462 212 1518; x_wconf 88' lang='lat' dir='ltr'>lanensem</span> <span class='ocrx_word' id='word_1_141' title='bbox 225 1462 336 1519; x_wconf 84' lang='lat' dir='ltr'>venerit</span> <span class='ocrx_word' id='word_1_142' title='bbox 349 1463 552 1536; x_wconf 88' lang='lat' dir='ltr'>episcopatum,</span> <span class='ocrx_word' id='word_1_143' title='bbox 572 1463 704 1532; x_wconf 88' lang='lat' dir='ltr'>breviter,</span> <span class='ocrx_word' id='word_1_144' title='bbox 716 1463 740 1518; x_wconf 90' lang='lat' dir='ltr'>si</span> <span class='ocrx_word' id='word_1_145' title='bbox 756 1467 863 1536; x_wconf 90' lang='lat' dir='ltr'>potero,</span> <span class='ocrx_word' id='word_1_146' title='bbox 906 1461 955 1518; x_wconf 87' lang='lat' dir='ltr'>sed</span> <span class='ocrx_word' id='word_1_147' title='bbox 971 1463 1030 1533; x_wconf 82' lang='lat' dir='ltr'>jam</span> <span class='ocrx_word' id='word_1_148' title='bbox 1042 1464 1084 1518; x_wconf 87' lang='lat' dir='ltr'>rei</span> <span class='ocrx_word' id='word_1_149' title='bbox 1099 1465 1227 1523; x_wconf 89' lang='lat' dir='ltr'>ordinem</span> <span class='ocrx_word' id='word_1_150' title='bbox 1248 1485 1401 1542; x_wconf 83' lang='lat' dir='ltr'>sequamur</span> <span class='ocrx_word' id='word_1_151' title='bbox 1416 1493 1422 1529; x_wconf 95' lang='lat'><strong>:</strong></span> <span class='ocrx_word' id='word_1_152' title='bbox 1440 1477 1597 1539; x_wconf 79' lang='lat' dir='ltr'>Senonibus</span> <span class='ocrx_word' id='word_1_153' title='bbox 1610 1485 1702 1543; x_wconf 89' lang='lat' dir='ltr'>rebel-</span> 
     </span>
     <span class='ocr_line' id='line_1_15' title="bbox 76 1551 1703 1633; baseline 0.038 -62"><span class='ocrx_word' id='word_1_154' title='bbox 76 1551 216 1608; x_wconf 41' lang='lat' dir='ltr'><strong>infimbo·</strong></span> <span class='ocrx_word' id='word_1_155' title='bbox 904 1551 1029 1608; x_wconf 85' lang='lat' dir='ltr'>lantibus</span> <span class='ocrx_word' id='word_1_156' title='bbox 1043 1553 1159 1611; x_wconf 88' lang='lat' dir='ltr'>intravit</span> <span class='ocrx_word' id='word_1_157' title='bbox 1172 1573 1221 1612; x_wconf 89' lang='lat' dir='ltr'>rex</span> <span class='ocrx_word' id='word_1_158' title='bbox 1235 1559 1384 1617; x_wconf 90' lang='lat' dir='ltr'>Saxoniam</span> <span class='ocrx_word' id='word_1_159' title='bbox 1405 1564 1436 1619; x_wconf 93' lang='lat' dir='ltr'>in</span> <span class='ocrx_word' id='word_1_160' title='bbox 1461 1583 1547 1626; x_wconf 90' lang='lat' dir='ltr'>manu</span> <span class='ocrx_word' id='word_1_161' title='bbox 1568 1573 1660 1631; x_wconf 86' lang='lat' dir='ltr'>valida</span> <span class='ocrx_word' id='word_1_162' title='bbox 1673 1585 1703 1633; x_wconf 90' lang='lat' dir='ltr'>et</span> 
     </span>
     <span class='ocr_line' id='line_1_16' title="bbox 107 1639 1702 1720; baseline 0.023 -37"><span class='ocrx_word' id='word_1_163' title='bbox 107 1640 231 1697; x_wconf 67' lang='lat' dir='ltr'>Glorioso</span> <span class='ocrx_word' id='word_1_164' title='bbox 240 1639 406 1698; x_wconf 80' lang='lat' dir='ltr'>Erlinbaldo</span> <span class='ocrx_word' id='word_1_165' title='bbox 416 1658 467 1714; x_wconf 87' lang='lat' dir='ltr'>pro</span> <span class='ocrx_word' id='word_1_166' title='bbox 476 1641 589 1698; x_wconf 91' lang='lat' dir='ltr'>nomine</span> <span class='ocrx_word' id='word_1_167' title='bbox 597 1643 662 1698; x_wconf 85' lang='lat' dir='ltr'>lesu</span> <span class='ocrx_word' id='word_1_168' title='bbox 672 1640 863 1714; x_wconf 78' lang='lat' dir='ltr'>martyrizato,</span> <span class='ocrx_word' id='word_1_169' title='bbox 905 1639 1087 1698; x_wconf 86' lang='lat' dir='ltr'>multitudine</span> <span class='ocrx_word' id='word_1_170' title='bbox 1106 1644 1194 1713; x_wconf 80' lang='lat' dir='ltr'>gravi,</span> <span class='ocrx_word' id='word_1_171' title='bbox 1210 1645 1316 1702; x_wconf 88' lang='lat' dir='ltr'>babens</span> <span class='ocrx_word' id='word_1_172' title='bbox 1335 1667 1429 1707; x_wconf 83' lang='lat' dir='ltr'>secum</span> <span class='ocrx_word' id='word_1_173' title='bbox 1445 1655 1578 1714; x_wconf 90' lang='lat' dir='ltr'>eximium</span> <span class='ocrx_word' id='word_1_174' title='bbox 1601 1661 1702 1720; x_wconf 92' lang='lat' dir='ltr'>ducem</span> 
     </span>
     <span class='ocr_line' id='line_1_17' title="bbox 77 1707 1700 1813; baseline 0.019 -35"><span class='ocrx_word' id='word_1_175' title='bbox 77 1747 133 1784; x_wconf 79' lang='lat' dir='ltr'>cnm</span> <span class='ocrx_word' id='word_1_176' title='bbox 142 1747 218 1786; x_wconf 87' lang='lat' dir='ltr'>mors</span> <span class='ocrx_word' id='word_1_177' title='bbox 227 1731 290 1802; x_wconf 83' lang='lat' dir='ltr'>ejus</span> <span class='ocrx_word' id='word_1_178' title='bbox 300 1730 360 1804; x_wconf 87' lang='lat' dir='ltr'>regi</span> <span class='ocrx_word' id='word_1_179' title='bbox 371 1731 472 1786; x_wconf 82' lang='lat' dir='ltr'>fuisset</span> <span class='ocrx_word' id='word_1_180' title='bbox 482 1731 622 1796; x_wconf 87' lang='lat' dir='ltr'>nuntiate,</span> <span class='ocrx_word' id='word_1_181' title='bbox 634 1707 897 1802; x_wconf 83' lang='lat' dir='ltr'>memorpromis·B</span> <span class='ocrx_word' id='word_1_182' title='bbox 906 1729 1068 1798; x_wconf 88' lang='lat' dir='ltr'>Rodnlfum,</span> <span class='ocrx_word' id='word_1_183' title='bbox 1077 1733 1379 1794; x_wconf 86' lang='lat' dir='ltr'>etducemGueltcnem</span> <span class='ocrx_word' id='word_1_184' title='bbox 1387 1745 1415 1796; x_wconf 90' lang='lat' dir='ltr'>et</span> <span class='ocrx_word' id='word_1_185' title='bbox 1425 1745 1588 1813; x_wconf 77' lang='lat' dir='ltr'>preclarum</span> <span class='ocrx_word' id='word_1_186' title='bbox 1601 1749 1700 1809; x_wconf 90' lang='lat' dir='ltr'>ducem</span> 
     </span>
     <span class='ocr_line' id='line_1_18' title="bbox 78 1817 1700 1906; baseline 0.02 -39"><span class='ocrx_word' id='word_1_187' title='bbox 78 1819 155 1874; x_wconf 68' lang='lat' dir='ltr'>sionis</span> <span class='ocrx_word' id='word_1_188' title='bbox 164 1836 328 1892; x_wconf 76' lang='lat' dir='ltr'>snae‚quam</span> <span class='ocrx_word' id='word_1_189' title='bbox 339 1823 423 1876; x_wconf 90' lang='lat' dir='ltr'>antea</span> <span class='ocrx_word' id='word_1_190' title='bbox 434 1818 866 1892; x_wconf 87' lang='lat' dir='ltr'>Mediolanensibuspromiserat</span> <span class='ocrx_word' id='word_1_191' title='bbox 906 1817 1700 1906; x_wconf 80' lang='lat' dir='ltr'>GctefridumnobilissimseMathildisconjugemetducem</span> 
     </span>
     <span class='ocr_line' id='line_1_19' title="bbox 79 1897 1703 1985; baseline 0.015 -23"><span class='ocrx_word' id='word_1_192' title='bbox 79 1908 232 1980; x_wconf 83' lang='lat' dir='ltr'>capitaneis,</span> <span class='ocrx_word' id='word_1_193' title='bbox 240 1925 305 1964; x_wconf 92' lang='lat' dir='ltr'>mox</span> <span class='ocrx_word' id='word_1_194' title='bbox 315 1897 487 1964; x_wconf 80' lang='lat' dir='ltr'>ad&#39;ltalicam</span> <span class='ocrx_word' id='word_1_195' title='bbox 498 1915 607 1982; x_wconf 89' lang='lat' dir='ltr'>partem</span> <span class='ocrx_word' id='word_1_196' title='bbox 618 1908 768 1964; x_wconf 87' lang='lat' dir='ltr'>destinavit</span> <span class='ocrx_word' id='word_1_197' title='bbox 780 1907 865 1962; x_wconf 87' lang='lat' dir='ltr'>comi·</span> <span class='ocrx_word' id='word_1_198' title='bbox 905 1909 1109 1966; x_wconf 86' lang='lat' dir='ltr'>Theodericum</span> <span class='ocrx_word' id='word_1_199' title='bbox 1120 1916 1149 1966; x_wconf 89' lang='lat' dir='ltr'>et</span> <span class='ocrx_word' id='word_1_200' title='bbox 1158 1911 1392 1973; x_wconf 85' lang='lat' dir='ltr'>innumerabilem</span> <span class='ocrx_word' id='word_1_201' title='bbox 1404 1923 1599 1984; x_wconf 87' lang='lat' dir='ltr'>marchionum</span> <span class='ocrx_word' id='word_1_202' title='bbox 1613 1933 1642 1983; x_wconf 87' lang='lat' dir='ltr'>et</span> <span class='ocrx_word' id='word_1_203' title='bbox 1654 1945 1703 1985; x_wconf 88' lang='lat' dir='ltr'>co·</span> 
     </span>
     <span class='ocr_line' id='line_1_20' title="bbox 80 1997 1704 2091; baseline 0.014 -39"><span class='ocrx_word' id='word_1_204' title='bbox 80 2001 129 2052; x_wconf 87' lang='lat' dir='ltr'>tem</span> <span class='ocrx_word' id='word_1_205' title='bbox 136 1997 307 2054; x_wconf 81' lang='lat' dir='ltr'>Evexardum</span> <span class='ocrx_word' id='word_1_206' title='bbox 319 2014 402 2054; x_wconf 90' lang='lat' dir='ltr'>sunm</span> <span class='ocrx_word' id='word_1_207' title='bbox 408 1997 609 2064; x_wconf 85' lang='lat' dir='ltr'>consiliarium,</span> <span class='ocrx_word' id='word_1_208' title='bbox 621 2013 705 2070; x_wconf 88' lang='lat' dir='ltr'>quem</span> <span class='ocrx_word' id='word_1_209' title='bbox 717 2002 783 2052; x_wconf 89' lang='lat' dir='ltr'>ante</span> <span class='ocrx_word' id='word_1_210' title='bbox 793 2011 867 2068; x_wconf 88' lang='lat' dir='ltr'>pape</span> <span class='ocrx_word' id='word_1_211' title='bbox 907 1999 1009 2054; x_wconf 86' lang='lat' dir='ltr'>mitum</span> <span class='ocrx_word' id='word_1_212' title='bbox 1021 1998 1242 2066; x_wconf 88' lang='lat' dir='ltr'>multitudinem,</span> <span class='ocrx_word' id='word_1_213' title='bbox 1255 2005 1302 2075; x_wconf 90' lang='lat' dir='ltr'>qui</span> <span class='ocrx_word' id='word_1_214' title='bbox 1312 2005 1464 2080; x_wconf 87' lang='lat' dir='ltr'>derepente</span> <span class='ocrx_word' id='word_1_215' title='bbox 1475 2009 1599 2071; x_wconf 85' lang='lat' dir='ltr'>Saxones</span> <span class='ocrx_word' id='word_1_216' title='bbox 1611 2017 1704 2091; x_wconf 87' lang='lat' dir='ltr'>impa-</span> 
     </span>
     <span class='ocr_line' id='line_1_21' title="bbox 80 2086 1709 2164; baseline 0.014 -23"><span class='ocrx_word' id='word_1_217' title='bbox 80 2087 227 2144; x_wconf 79' lang='lat' dir='ltr'>blexander</span> <span class='ocrx_word' id='word_1_218' title='bbox 238 2086 538 2154; x_wconf 85' lang='lat' dir='ltr'>excommunicaverat,</span> <span class='ocrx_word' id='word_1_219' title='bbox 555 2087 604 2160; x_wconf 93' lang='lat' dir='ltr'>qui</span> <span class='ocrx_word' id='word_1_220' title='bbox 627 2087 743 2142; x_wconf 90' lang='lat' dir='ltr'>veniens</span> <span class='ocrx_word' id='word_1_221' title='bbox 756 2087 868 2157; x_wconf 83' lang='lat' dir='ltr'>Longo-</span> <span class='ocrx_word' id='word_1_222' title='bbox 908 2092 985 2143; x_wconf 89' lang='lat' dir='ltr'>ratos</span> <span class='ocrx_word' id='word_1_223' title='bbox 999 2088 1144 2156; x_wconf 87' lang='lat' dir='ltr'>invadunt,</span> <span class='ocrx_word' id='word_1_224' title='bbox 1166 2095 1196 2147; x_wconf 87' lang='lat' dir='ltr'>et</span> <span class='ocrx_word' id='word_1_225' title='bbox 1218 2094 1345 2164; x_wconf 90' lang='lat' dir='ltr'>quamvis</span> <span class='ocrx_word' id='word_1_226' title='bbox 1359 2099 1584 2159; x_wconf 88' lang='lat' dir='ltr'>cruentissimam</span> <span class='ocrx_word' id='word_1_227' title='bbox 1607 2110 1709 2164; x_wconf 82' lang='lat' dir='ltr'>tamen-</span> 
     </span>
     <span class='ocr_line' id='line_1_22' title="bbox 81 2173 1705 2269; baseline 0.022 -51"><span class='ocrx_word' id='word_1_228' title='bbox 81 2173 207 2244; x_wconf 61' lang='lat' dir='ltr'>bardigm‚</span> <span class='ocrx_word' id='word_1_229' title='bbox 223 2193 291 2232; x_wconf 79' lang='lat' dir='ltr'>mox</span> <span class='ocrx_word' id='word_1_230' title='bbox 304 2175 334 2231; x_wconf 93' lang='lat' dir='ltr'>in</span> <span class='ocrx_word' id='word_1_231' title='bbox 348 2175 483 2232; x_wconf 83' lang='lat' dir='ltr'>Ronoalia</span> <span class='ocrx_word' id='word_1_232' title='bbox 494 2178 602 2232; x_wconf 90' lang='lat' dir='ltr'>curiam</span> <span class='ocrx_word' id='word_1_233' title='bbox 615 2174 804 2248; x_wconf 85' lang='lat' dir='ltr'>congregavit,</span> <span class='ocrx_word' id='word_1_234' title='bbox 817 2173 869 2228; x_wconf 92' lang='lat' dir='ltr'>ibi·</span> <span class='ocrx_word' id='word_1_235' title='bbox 909 2176 1033 2233; x_wconf 89' lang='lat' dir='ltr'>habuere</span> <span class='ocrx_word' id='word_1_236' title='bbox 1041 2177 1198 2234; x_wconf 86' lang='lat' dir='ltr'>victoriam.</span> <span class='ocrx_word' id='word_1_237' title='bbox 1207 2181 1280 2237; x_wconf 88' lang='lat' dir='ltr'>Nam</span> <span class='ocrx_word' id='word_1_238' title='bbox 1289 2181 1318 2238; x_wconf 91' lang='lat' dir='ltr'>in</span> <span class='ocrx_word' id='word_1_239' title='bbox 1329 2183 1377 2239; x_wconf 92' lang='lat' dir='ltr'>illa</span> <span class='ocrx_word' id='word_1_240' title='bbox 1386 2201 1480 2258; x_wconf 86' lang='lat' dir='ltr'>pugna</span> <span class='ocrx_word' id='word_1_241' title='bbox 1494 2205 1527 2245; x_wconf 88' lang='lat' dir='ltr'>ex</span> <span class='ocrx_word' id='word_1_242' title='bbox 1540 2199 1620 2263; x_wconf 86' lang='lat' dir='ltr'>parte</span> <span class='ocrx_word' id='word_1_243' title='bbox 1630 2199 1705 2269; x_wconf 88' lang='lat' dir='ltr'>regis</span> 
     </span>
     <span class='ocr_line' id='line_1_23' title="bbox 82 2255 1705 2358; baseline 0.014 -39"><span class='ocrx_word' id='word_1_244' title='bbox 82 2281 128 2336; x_wconf 88' lang='lat' dir='ltr'>qne</span> <span class='ocrx_word' id='word_1_245' title='bbox 140 2264 397 2320; x_wconf 77' lang='lat' dir='ltr'>Mediolanensibus</span> <span class='ocrx_word' id='word_1_246' title='bbox 412 2255 464 2338; x_wconf 84' lang='lat' dir='ltr'>p‘ro</span> <span class='ocrx_word' id='word_1_247' title='bbox 477 2269 568 2321; x_wconf 88' lang='lat' dir='ltr'>morte</span> <span class='ocrx_word' id='word_1_248' title='bbox 583 2263 737 2320; x_wconf 86' lang='lat' dir='ltr'>Erlinbaldi</span> <span class='ocrx_word' id='word_1_249' title='bbox 760 2262 869 2334; x_wconf 89' lang='lat' dir='ltr'>gratias</span> <span class='ocrx_word' id='word_1_250' title='bbox 909 2282 942 2320; x_wconf 91' lang='lat' dir='ltr'>xv</span> <span class='ocrx_word' id='word_1_251' title='bbox 957 2265 1046 2321; x_wconf 90' lang='lat' dir='ltr'>millia</span> <span class='ocrx_word' id='word_1_252' title='bbox 1063 2267 1192 2324; x_wconf 89' lang='lat' dir='ltr'>homines</span> <span class='ocrx_word' id='word_1_253' title='bbox 1212 2270 1347 2328; x_wconf 89' lang='lat' dir='ltr'>cecidisse</span> <span class='ocrx_word' id='word_1_254' title='bbox 1368 2276 1537 2348; x_wconf 86' lang='lat' dir='ltr'>reseruntur,</span> <span class='ocrx_word' id='word_1_255' title='bbox 1553 2283 1705 2358; x_wconf 89' lang='lat' dir='ltr'>taliterque</span> 
     </span>
     <span class='ocr_line' id='line_1_24' title="bbox 83 2351 1705 2447; baseline 0.016 -42"><span class='ocrx_word' id='word_1_256' title='bbox 83 2369 168 2424; x_wconf 89' lang='lat' dir='ltr'>agens,</span> <span class='ocrx_word' id='word_1_257' title='bbox 183 2371 233 2410; x_wconf 86' lang='lat' dir='ltr'>eos</span> <span class='ocrx_word' id='word_1_258' title='bbox 250 2357 331 2410; x_wconf 86' lang='lat' dir='ltr'>trans</span> <span class='ocrx_word' id='word_1_259' title='bbox 352 2358 463 2410; x_wconf 86' lang='lat' dir='ltr'>montes</span> <span class='ocrx_word' id='word_1_260' title='bbox 482 2353 618 2420; x_wconf 87' lang='lat' dir='ltr'>invitavit,</span> <span class='ocrx_word' id='word_1_261' title='bbox 634 2351 802 2425; x_wconf 84' lang='lat' dir='ltr'>promittens</span> <span class='ocrx_word' id='word_1_262' title='bbox 816 2351 867 2417; x_wconf 89' lang='lat' dir='ltr'>eis,</span> <span class='ocrx_word' id='word_1_263' title='bbox 908 2354 998 2410; x_wconf 87' lang='lat' dir='ltr'>victor</span> <span class='ocrx_word' id='word_1_264' title='bbox 1010 2355 1113 2412; x_wconf 82' lang='lat' dir='ltr'>infecto</span> <span class='ocrx_word' id='word_1_265' title='bbox 1127 2358 1239 2429; x_wconf 89' lang='lat' dir='ltr'>negotio</span> <span class='ocrx_word' id='word_1_266' title='bbox 1253 2359 1400 2418; x_wconf 83' lang='lat' dir='ltr'>Franciam</span> <span class='ocrx_word' id='word_1_267' title='bbox 1414 2367 1569 2440; x_wconf 88' lang='lat' dir='ltr'>remeavit;</span> <span class='ocrx_word' id='word_1_268' title='bbox 1585 2389 1705 2447; x_wconf 86' lang='lat' dir='ltr'>moxque</span> 
     </span>
     <span class='ocr_line' id='line_1_25' title="bbox 82 2441 1707 2532; baseline 0.015 -36"><span class='ocrx_word' id='word_1_269' title='bbox 82 2442 215 2498; x_wconf 91' lang='lat' dir='ltr'>dominnm</span> <span class='ocrx_word' id='word_1_270' title='bbox 228 2459 325 2513; x_wconf 86' lang='lat' dir='ltr'>suum,</span> <span class='ocrx_word' id='word_1_271' title='bbox 342 2443 513 2516; x_wconf 88' lang='lat' dir='ltr'>episcopum,</span> <span class='ocrx_word' id='word_1_272' title='bbox 521 2441 714 2515; x_wconf 89' lang='lat' dir='ltr'>quemvellent</span> <span class='ocrx_word' id='word_1_273' title='bbox 723 2441 867 2496; x_wconf 88' lang='lat' dir='ltr'>daturum.</span> <span class='ocrx_word' id='word_1_274' title='bbox 909 2459 1063 2500; x_wconf 79' lang='lat' dir='ltr'>convocans</span> <span class='ocrx_word' id='word_1_275' title='bbox 1076 2445 1285 2503; x_wconf 88' lang='lat' dir='ltr'>multitudinem</span> <span class='ocrx_word' id='word_1_276' title='bbox 1296 2451 1501 2525; x_wconf 86' lang='lat' dir='ltr'>episcoporum,</span> <span class='ocrx_word' id='word_1_277' title='bbox 1514 2475 1570 2515; x_wconf 93' lang='lat' dir='ltr'>non</span> <span class='ocrx_word' id='word_1_278' title='bbox 1581 2464 1707 2532; x_wconf 73' lang='lat' dir='ltr'>quaesivit</span> 
     </span>
     <span class='ocr_line' id='line_1_26' title="bbox 82 2528 1706 2625; baseline 0.015 -40"><span class='ocrx_word' id='word_1_279' title='bbox 82 2531 179 2588; x_wconf 85' lang='lat' dir='ltr'>Dehinc</span> <span class='ocrx_word' id='word_1_280' title='bbox 201 2549 301 2588; x_wconf 90' lang='lat' dir='ltr'>omnes</span> <span class='ocrx_word' id='word_1_281' title='bbox 324 2531 473 2588; x_wconf 87' lang='lat' dir='ltr'>Paterinos</span> <span class='ocrx_word' id='word_1_282' title='bbox 494 2531 621 2604; x_wconf 90' lang='lat' dir='ltr'>publicos</span> <span class='ocrx_word' id='word_1_283' title='bbox 641 2531 716 2602; x_wconf 87' lang='lat' dir='ltr'>regis</span> <span class='ocrx_word' id='word_1_284' title='bbox 738 2528 869 2585; x_wconf 84' lang='lat' dir='ltr'>clamavit</span> <span class='ocrx_word' id='word_1_285' title='bbox 910 2533 1000 2588; x_wconf 88' lang='lat' dir='ltr'>Deum</span> <span class='ocrx_word' id='word_1_286' title='bbox 1016 2538 1158 2589; x_wconf 88' lang='lat' dir='ltr'>auctorem</span> <span class='ocrx_word' id='word_1_287' title='bbox 1185 2535 1250 2596; x_wconf 90' lang='lat' dir='ltr'>sibi.</span> <span class='ocrx_word' id='word_1_288' title='bbox 1274 2553 1327 2594; x_wconf 91' lang='lat' dir='ltr'>nec</span> <span class='ocrx_word' id='word_1_289' title='bbox 1353 2541 1378 2595; x_wconf 92' lang='lat' dir='ltr'>ei</span> <span class='ocrx_word' id='word_1_290' title='bbox 1403 2545 1510 2612; x_wconf 88' lang='lat' dir='ltr'>gratias</span> <span class='ocrx_word' id='word_1_291' title='bbox 1533 2551 1630 2606; x_wconf 90' lang='lat' dir='ltr'>retulit</span> <span class='ocrx_word' id='word_1_292' title='bbox 1655 2569 1706 2625; x_wconf 91' lang='lat' dir='ltr'>pro</span> 
     </span>
     <span class='ocr_line' id='line_1_27' title="bbox 83 2618 1707 2706; baseline 0.015 -33"><span class='ocrx_word' id='word_1_293' title='bbox 83 2618 200 2676; x_wconf 87' lang='lat' dir='ltr'>inimicos</span> <span class='ocrx_word' id='word_1_294' title='bbox 219 2637 342 2693; x_wconf 87' lang='lat' dir='ltr'>moxque</span> <span class='ocrx_word' id='word_1_295' title='bbox 361 2620 541 2676; x_wconf 87' lang='lat' dir='ltr'>Placentinos</span> <span class='ocrx_word' id='word_1_296' title='bbox 554 2619 593 2676; x_wconf 92' lang='lat' dir='ltr'>ibi</span> <span class='ocrx_word' id='word_1_297' title='bbox 605 2621 634 2676; x_wconf 88' lang='lat' dir='ltr'>in</span> <span class='ocrx_word' id='word_1_298' title='bbox 647 2619 738 2676; x_wconf 90' lang='lat' dir='ltr'>vicino</span> <span class='ocrx_word' id='word_1_299' title='bbox 751 2619 868 2690; x_wconf 88' lang='lat' dir='ltr'>positos,</span> <span class='ocrx_word' id='word_1_300' title='bbox 910 2621 1012 2676; x_wconf 91' lang='lat' dir='ltr'>collata</span> <span class='ocrx_word' id='word_1_301' title='bbox 1025 2621 1149 2698; x_wconf 84' lang='lat' dir='ltr'>victoria,</span> <span class='ocrx_word' id='word_1_302' title='bbox 1161 2623 1210 2678; x_wconf 90' lang='lat' dir='ltr'>sed</span> <span class='ocrx_word' id='word_1_303' title='bbox 1221 2626 1373 2682; x_wconf 88' lang='lat' dir='ltr'>exaltatum</span> <span class='ocrx_word' id='word_1_304' title='bbox 1389 2638 1432 2686; x_wconf 89' lang='lat' dir='ltr'>est</span> <span class='ocrx_word' id='word_1_305' title='bbox 1450 2649 1499 2689; x_wconf 90' lang='lat' dir='ltr'>cor</span> <span class='ocrx_word' id='word_1_306' title='bbox 1512 2637 1581 2706; x_wconf 89' lang='lat' dir='ltr'>ejus,</span> <span class='ocrx_word' id='word_1_307' title='bbox 1598 2645 1627 2694; x_wconf 90' lang='lat' dir='ltr'>et</span> <span class='ocrx_word' id='word_1_308' title='bbox 1641 2643 1707 2697; x_wconf 88' lang='lat' dir='ltr'>elati</span> 
     </span>
     <span class='ocr_line' id='line_1_28' title="bbox 85 2707 1706 2793; baseline 0.017 -36"><span class='ocrx_word' id='word_1_309' title='bbox 85 2726 140 2764; x_wconf 78' lang='lat' dir='ltr'>enm</span> <span class='ocrx_word' id='word_1_310' title='bbox 153 2715 269 2782; x_wconf 79' lang='lat' dir='ltr'>propter</span> <span class='ocrx_word' id='word_1_311' title='bbox 279 2709 540 2782; x_wconf 86' lang='lat' dir='ltr'>pusillanimitatem</span> <span class='ocrx_word' id='word_1_312' title='bbox 556 2709 644 2764; x_wconf 91' lang='lat' dir='ltr'>animi</span> <span class='ocrx_word' id='word_1_313' title='bbox 659 2707 797 2764; x_wconf 91' lang='lat' dir='ltr'>inveniret</span> <span class='ocrx_word' id='word_1_314' title='bbox 814 2707 870 2763; x_wconf 91' lang='lat' dir='ltr'>im·</span> <span class='ocrx_word' id='word_1_315' title='bbox 911 2715 978 2764; x_wconf 90' lang='lat' dir='ltr'>sunt</span> <span class='ocrx_word' id='word_1_316' title='bbox 991 2710 1065 2764; x_wconf 91' lang='lat' dir='ltr'>oculi</span> <span class='ocrx_word' id='word_1_317' title='bbox 1079 2712 1150 2781; x_wconf 85' lang='lat' dir='ltr'>ejus,</span> <span class='ocrx_word' id='word_1_318' title='bbox 1162 2728 1323 2785; x_wconf 90' lang='lat' dir='ltr'>ponensque</span> <span class='ocrx_word' id='word_1_319' title='bbox 1338 2716 1367 2771; x_wconf 90' lang='lat' dir='ltr'>in</span> <span class='ocrx_word' id='word_1_320' title='bbox 1379 2719 1478 2775; x_wconf 86' lang='lat' dir='ltr'>coelum</span> <span class='ocrx_word' id='word_1_321' title='bbox 1493 2739 1524 2777; x_wconf 92' lang='lat' dir='ltr'>os</span> <span class='ocrx_word' id='word_1_322' title='bbox 1540 2741 1633 2793; x_wconf 89' lang='lat' dir='ltr'>suum,</span> <span class='ocrx_word' id='word_1_323' title='bbox 1645 2729 1706 2783; x_wconf 82' lang='lat' dir='ltr'>lin-</span> 
     </span>
     <span class='ocr_line' id='line_1_29' title="bbox 82 2798 1707 2882; baseline 0.02 -41"><span class='ocrx_word' id='word_1_324' title='bbox 82 2803 193 2870; x_wconf 58' lang='lat' dir='ltr'>mm,</span> <span class='ocrx_word' id='word_1_325' title='bbox 208 2800 360 2872; x_wconf 79' lang='lat' dir='ltr'>plerosque</span> <span class='ocrx_word' id='word_1_326' title='bbox 374 2798 409 2854; x_wconf 88' lang='lat' dir='ltr'>ab</span> <span class='ocrx_word' id='word_1_327' title='bbox 424 2800 493 2854; x_wconf 92' lang='lat' dir='ltr'>urbe</span> <span class='ocrx_word' id='word_1_328' title='bbox 515 2798 630 2870; x_wconf 76' lang='lat' dir='ltr'>fugavit,</span> <span class='ocrx_word' id='word_1_329' title='bbox 655 2798 790 2871; x_wconf 90' lang='lat' dir='ltr'>quosdam</span> <span class='ocrx_word' id='word_1_330' title='bbox 805 2813 871 2853; x_wconf 89' lang='lat' dir='ltr'>vero</span> <span class='ocrx_word' id='word_1_331' title='bbox 910 2799 1047 2871; x_wconf 83' lang='lat' dir='ltr'>genisque</span> <span class='ocrx_word' id='word_1_332' title='bbox 1061 2800 1181 2866; x_wconf 87' lang='lat' dir='ltr'>candidi,</span> <span class='ocrx_word' id='word_1_333' title='bbox 1205 2802 1240 2856; x_wconf 92' lang='lat' dir='ltr'>de</span> <span class='ocrx_word' id='word_1_334' title='bbox 1257 2821 1312 2874; x_wconf 91' lang='lat' dir='ltr'>quo</span> <span class='ocrx_word' id='word_1_335' title='bbox 1329 2808 1459 2878; x_wconf 85' lang='lat' dir='ltr'>superius</span> <span class='ocrx_word' id='word_1_336' title='bbox 1479 2812 1635 2882; x_wconf 86' lang='lat' dir='ltr'>retulimus,</span> <span class='ocrx_word' id='word_1_337' title='bbox 1659 2833 1707 2874; x_wconf 88' lang='lat' dir='ltr'>ac·</span> 
     </span>
     <span class='ocr_line' id='line_1_30' title="bbox 83 2887 1707 2975; baseline 0.013 -34"><span class='ocrx_word' id='word_1_338' title='bbox 83 2888 108 2942; x_wconf 93' lang='lat' dir='ltr'>in</span> <span class='ocrx_word' id='word_1_339' title='bbox 119 2888 287 2944; x_wconf 87' lang='lat' dir='ltr'>deditionem</span> <span class='ocrx_word' id='word_1_340' title='bbox 308 2888 392 2961; x_wconf 89' lang='lat' dir='ltr'>cepit,</span> <span class='ocrx_word' id='word_1_341' title='bbox 415 2887 464 2960; x_wconf 90' lang='lat' dir='ltr'>qui</span> <span class='ocrx_word' id='word_1_342' title='bbox 484 2888 600 2944; x_wconf 88' lang='lat' dir='ltr'>consilio</span> <span class='ocrx_word' id='word_1_343' title='bbox 614 2887 784 2942; x_wconf 77' lang='lat' dir='ltr'>beatissima</span> <span class='ocrx_word' id='word_1_344' title='bbox 798 2887 870 2942; x_wconf 88' lang='lat' dir='ltr'>Bea-</span> <span class='ocrx_word' id='word_1_345' title='bbox 912 2888 1058 2960; x_wconf 87' lang='lat' dir='ltr'>quiescens</span> <span class='ocrx_word' id='word_1_346' title='bbox 1077 2889 1202 2955; x_wconf 89' lang='lat' dir='ltr'>consilio,</span> <span class='ocrx_word' id='word_1_347' title='bbox 1227 2890 1373 2949; x_wconf 90' lang='lat' dir='ltr'>dominum</span> <span class='ocrx_word' id='word_1_348' title='bbox 1396 2913 1507 2968; x_wconf 88' lang='lat' dir='ltr'>papam,</span> <span class='ocrx_word' id='word_1_349' title='bbox 1523 2902 1571 2972; x_wconf 89' lang='lat' dir='ltr'>qui</span> <span class='ocrx_word' id='word_1_350' title='bbox 1585 2919 1636 2975; x_wconf 91' lang='lat' dir='ltr'>per</span> <span class='ocrx_word' id='word_1_351' title='bbox 1648 2911 1707 2963; x_wconf 90' lang='lat' dir='ltr'>tres</span> 
     </span>
     <span class='ocr_line' id='line_1_31' title="bbox 83 2977 1705 3062; baseline 0.034 -66"><span class='ocrx_word' id='word_1_352' title='bbox 83 2977 149 3032; x_wconf 55' lang='lat' dir='ltr'>meis</span> <span class='ocrx_word' id='word_1_353' title='bbox 164 2977 276 3034; x_wconf 56' lang='lat' dir='ltr'><strong>liberati</strong></span> <span class='ocrx_word' id='word_1_354' title='bbox 289 2983 367 3033; x_wconf 46' lang='lat' dir='ltr'><strong>sunt·</strong></span> <span class='ocrx_word' id='word_1_355' title='bbox 912 2993 1000 3032; x_wconf 86' lang='lat' dir='ltr'>annos</span> <span class='ocrx_word' id='word_1_356' title='bbox 1010 2978 1197 3034; x_wconf 87' lang='lat' dir='ltr'>universalem</span> <span class='ocrx_word' id='word_1_357' title='bbox 1208 2979 1357 3037; x_wconf 88' lang='lat' dir='ltr'>Ecclesiam</span> <span class='ocrx_word' id='word_1_358' title='bbox 1373 2984 1402 3039; x_wconf 92' lang='lat' dir='ltr'>in</span> <span class='ocrx_word' id='word_1_359' title='bbox 1412 3003 1479 3056; x_wconf 88' lang='lat' dir='ltr'>pace</span> <span class='ocrx_word' id='word_1_360' title='bbox 1490 2989 1705 3062; x_wconf 80' lang='lat' dir='ltr'>gubernaverat,</span> 
     </span>
     <span class='ocr_line' id='line_1_32' title="bbox 112 3061 1708 3155; baseline 0.012 -34"><span class='ocrx_word' id='word_1_361' title='bbox 112 3067 311 3122; x_wconf 77' lang='lat' dir='ltr'>Cremonenses</span> <span class='ocrx_word' id='word_1_362' title='bbox 324 3083 400 3134; x_wconf 89' lang='lat' dir='ltr'>vero,</span> <span class='ocrx_word' id='word_1_363' title='bbox 413 3081 483 3138; x_wconf 87' lang='lat' dir='ltr'>ques</span> <span class='ocrx_word' id='word_1_364' title='bbox 492 3065 558 3122; x_wconf 83' lang='lat' dir='ltr'>srdei</span> <span class='ocrx_word' id='word_1_365' title='bbox 568 3067 666 3140; x_wconf 90' lang='lat' dir='ltr'>plenos</span> <span class='ocrx_word' id='word_1_366' title='bbox 677 3070 706 3121; x_wconf 86' lang='lat' dir='ltr'>et</span> <span class='ocrx_word' id='word_1_367' title='bbox 719 3061 898 3122; x_wconf 85' lang='lat' dir='ltr'>virtutibusC</span> <span class='ocrx_word' id='word_1_368' title='bbox 909 3066 1063 3122; x_wconf 90' lang='lat' dir='ltr'>secundum</span> <span class='ocrx_word' id='word_1_369' title='bbox 1072 3067 1228 3140; x_wconf 89' lang='lat' dir='ltr'>exemplum</span> <span class='ocrx_word' id='word_1_370' title='bbox 1241 3070 1364 3140; x_wconf 78' lang='lat' dir='ltr'>pestiferi</span> <span class='ocrx_word' id='word_1_371' title='bbox 1371 3073 1505 3136; x_wconf 88' lang='lat' dir='ltr'>Letharii.</span> <span class='ocrx_word' id='word_1_372' title='bbox 1515 3079 1550 3134; x_wconf 95' lang='lat' dir='ltr'>de</span> <span class='ocrx_word' id='word_1_373' title='bbox 1559 3096 1614 3150; x_wconf 93' lang='lat' dir='ltr'>quo</span> <span class='ocrx_word' id='word_1_374' title='bbox 1622 3099 1708 3155; x_wconf 87' lang='lat' dir='ltr'>supra</span> 
     </span>
     <span class='ocr_line' id='line_1_33' title="bbox 83 3153 1708 3242; baseline 0.013 -34"><span class='ocrx_word' id='word_1_375' title='bbox 83 3157 195 3211; x_wconf 88' lang='lat' dir='ltr'>monitos</span> <span class='ocrx_word' id='word_1_376' title='bbox 209 3155 326 3221; x_wconf 87' lang='lat' dir='ltr'>audivit,</span> <span class='ocrx_word' id='word_1_377' title='bbox 344 3171 401 3210; x_wconf 91' lang='lat' dir='ltr'>non</span> <span class='ocrx_word' id='word_1_378' title='bbox 416 3173 466 3226; x_wconf 91' lang='lat' dir='ltr'>pro</span> <span class='ocrx_word' id='word_1_379' title='bbox 483 3155 534 3211; x_wconf 89' lang='lat' dir='ltr'>Dei</span> <span class='ocrx_word' id='word_1_380' title='bbox 548 3155 716 3219; x_wconf 81' lang='lat' dir='ltr'>timore,sed</span> <span class='ocrx_word' id='word_1_381' title='bbox 727 3153 793 3226; x_wconf 87' lang='lat' dir='ltr'>qnia</span> <span class='ocrx_word' id='word_1_382' title='bbox 811 3169 866 3208; x_wconf 91' lang='lat' dir='ltr'>non</span> <span class='ocrx_word' id='word_1_383' title='bbox 910 3155 1068 3224; x_wconf 89' lang='lat' dir='ltr'>retulimus,</span> <span class='ocrx_word' id='word_1_384' title='bbox 1085 3156 1185 3211; x_wconf 87' lang='lat' dir='ltr'>litteris</span> <span class='ocrx_word' id='word_1_385' title='bbox 1199 3155 1347 3228; x_wconf 86' lang='lat' dir='ltr'>abdicavit,</span> <span class='ocrx_word' id='word_1_386' title='bbox 1357 3179 1478 3236; x_wconf 91' lang='lat' dir='ltr'>suosque</span> <span class='ocrx_word' id='word_1_387' title='bbox 1487 3167 1631 3242; x_wconf 89' lang='lat' dir='ltr'>episcopos</span> <span class='ocrx_word' id='word_1_388' title='bbox 1643 3170 1708 3227; x_wconf 90' lang='lat' dir='ltr'>sub-</span> 
     </span>
     <span class='ocr_line' id='line_1_34' title="bbox 82 3241 1706 3328; baseline 0.012 -31"><span class='ocrx_word' id='word_1_389' title='bbox 82 3243 486 3314; x_wconf 70' lang='lat' dir='ltr'>potuitimmunesdcreliquit.</span> <span class='ocrx_word' id='word_1_390' title='bbox 494 3243 567 3309; x_wconf 87' lang='lat' dir='ltr'>Quid</span> <span class='ocrx_word' id='word_1_391' title='bbox 578 3241 869 3315; x_wconf 79' lang='lat' dir='ltr'>pluraiEliguntsibi</span> <span class='ocrx_word' id='word_1_392' title='bbox 910 3243 1031 3300; x_wconf 87' lang='lat' dir='ltr'>scribere</span> <span class='ocrx_word' id='word_1_393' title='bbox 1052 3244 1159 3316; x_wconf 77' lang='lat' dir='ltr'>coegit:</span> <span class='ocrx_word' id='word_1_394' title='bbox 1179 3247 1250 3317; x_wconf 84' lang='lat' dir='ltr'>proh</span> <span class='ocrx_word' id='word_1_395' title='bbox 1275 3248 1356 3304; x_wconf 91' lang='lat' dir='ltr'>dolor</span> <span class='ocrx_word' id='word_1_396' title='bbox 1376 3267 1433 3307; x_wconf 92' lang='lat' dir='ltr'>non</span> <span class='ocrx_word' id='word_1_397' title='bbox 1459 3256 1616 3328; x_wconf 86' lang='lat' dir='ltr'>recogitans</span> <span class='ocrx_word' id='word_1_398' title='bbox 1636 3259 1706 3317; x_wconf 88' lang='lat' dir='ltr'>illud</span> 
     </span>
     <span class='ocr_line' id='line_1_35' title="bbox 84 3331 1707 3420; baseline 0.012 -34"><span class='ocrx_word' id='word_1_399' title='bbox 84 3331 295 3388; x_wconf 77' lang='lat' dir='ltr'>Mediolanenses</span> <span class='ocrx_word' id='word_1_400' title='bbox 305 3331 444 3404; x_wconf 90' lang='lat' dir='ltr'>capitanei</span> <span class='ocrx_word' id='word_1_401' title='bbox 454 3331 658 3388; x_wconf 86' lang='lat' dir='ltr'>Eecclesiarum</span> <span class='ocrx_word' id='word_1_402' title='bbox 667 3332 827 3387; x_wconf 88' lang='lat' dir='ltr'>venditores</span> <span class='ocrx_word' id='word_1_403' title='bbox 836 3347 868 3386; x_wconf 89' lang='lat' dir='ltr'>ex</span> <span class='ocrx_word' id='word_1_404' title='bbox 909 3333 1069 3389; x_wconf 88' lang='lat' dir='ltr'>venerabile</span> <span class='ocrx_word' id='word_1_405' title='bbox 1083 3334 1160 3389; x_wconf 86' lang='lat' dir='ltr'>tertii</span> <span class='ocrx_word' id='word_1_406' title='bbox 1175 3335 1277 3390; x_wconf 87' lang='lat' dir='ltr'>Leonis</span> <span class='ocrx_word' id='word_1_407' title='bbox 1287 3337 1452 3409; x_wconf 87' lang='lat' dir='ltr'>capitulum,</span> <span class='ocrx_word' id='word_1_408' title='bbox 1468 3342 1497 3398; x_wconf 93' lang='lat' dir='ltr'>in</span> <span class='ocrx_word' id='word_1_409' title='bbox 1512 3361 1567 3417; x_wconf 90' lang='lat' dir='ltr'>qno</span> <span class='ocrx_word' id='word_1_410' title='bbox 1582 3346 1622 3402; x_wconf 89' lang='lat' dir='ltr'>sic</span> <span class='ocrx_word' id='word_1_411' title='bbox 1635 3349 1707 3420; x_wconf 91' lang='lat' dir='ltr'>legi·</span> 
     </span>
     <span class='ocr_line' id='line_1_36' title="bbox 83 3419 1707 3507; baseline 0.016 -40"><span class='ocrx_word' id='word_1_412' title='bbox 83 3427 209 3494; x_wconf 63' lang='lat' dir='ltr'>precepto</span> <span class='ocrx_word' id='word_1_413' title='bbox 231 3422 309 3493; x_wconf 84' lang='lat' dir='ltr'>regis</span> <span class='ocrx_word' id='word_1_414' title='bbox 330 3421 535 3477; x_wconf 88' lang='lat' dir='ltr'>communicato</span> <span class='ocrx_word' id='word_1_415' title='bbox 554 3419 674 3493; x_wconf 88' lang='lat' dir='ltr'>pessimo</span> <span class='ocrx_word' id='word_1_416' title='bbox 692 3421 806 3476; x_wconf 88' lang='lat' dir='ltr'>consilio</span> <span class='ocrx_word' id='word_1_417' title='bbox 819 3421 870 3476; x_wconf 88' lang='lat' dir='ltr'>Te·</span> <span class='ocrx_word' id='word_1_418' title='bbox 910 3426 957 3477; x_wconf 88' lang='lat' dir='ltr'>tur</span> <span class='ocrx_word' id='word_1_419' title='bbox 974 3423 1026 3478; x_wconf 90' lang='lat' dir='ltr'>:Si</span> <span class='ocrx_word' id='word_1_420' title='bbox 1047 3423 1110 3494; x_wconf 88' lang='lat' dir='ltr'>quis</span> <span class='ocrx_word' id='word_1_421' title='bbox 1132 3439 1163 3478; x_wconf 90' lang='lat' dir='ltr'>se</span> <span class='ocrx_word' id='word_1_422' title='bbox 1181 3439 1196 3478; x_wconf 85' lang='lat' dir='ltr'>a</span> <span class='ocrx_word' id='word_1_423' title='bbox 1217 3425 1349 3482; x_wconf 76' lang='lat' dir='ltr'>Romana</span> <span class='ocrx_word' id='word_1_424' title='bbox 1365 3429 1495 3486; x_wconf 78' lang='lat' dir='ltr'>Ecclesia</span> <span class='ocrx_word' id='word_1_425' title='bbox 1517 3437 1707 3507; x_wconf 87' lang='lat' dir='ltr'>segregaverit</span> 
     </span>
     <span class='ocr_line' id='line_1_37' title="bbox 84 3509 1707 3598; baseline 0.012 -35"><span class='ocrx_word' id='word_1_426' title='bbox 84 3509 178 3565; x_wconf 79' lang='lat' dir='ltr'>tsldnm</span> <span class='ocrx_word' id='word_1_427' title='bbox 193 3509 412 3566; x_wconf 90' lang='lat' dir='ltr'>Mediolanensis</span> <span class='ocrx_word' id='word_1_428' title='bbox 427 3509 556 3564; x_wconf 80' lang='lat' dir='ltr'>Ecclesia</span> <span class='ocrx_word' id='word_1_429' title='bbox 581 3509 723 3576; x_wconf 87' lang='lat' dir='ltr'>clericum,</span> <span class='ocrx_word' id='word_1_430' title='bbox 740 3509 869 3581; x_wconf 88' lang='lat' dir='ltr'>quiante</span> <span class='ocrx_word' id='word_1_431' title='bbox 910 3511 1053 3579; x_wconf 87' lang='lat' dir='ltr'>societate,</span> <span class='ocrx_word' id='word_1_432' title='bbox 1064 3528 1116 3566; x_wconf 90' lang='lat' dir='ltr'>nec</span> <span class='ocrx_word' id='word_1_433' title='bbox 1123 3512 1240 3583; x_wconf 86' lang='lat' dir='ltr'>januam</span> <span class='ocrx_word' id='word_1_434' title='bbox 1256 3515 1318 3570; x_wconf 84' lang='lat' dir='ltr'>coeli</span> <span class='ocrx_word' id='word_1_435' title='bbox 1331 3516 1451 3588; x_wconf 88' lang='lat' dir='ltr'>ingredi,</span> <span class='ocrx_word' id='word_1_436' title='bbox 1463 3536 1515 3576; x_wconf 91' lang='lat' dir='ltr'>nec</span> <span class='ocrx_word' id='word_1_437' title='bbox 1525 3522 1623 3579; x_wconf 89' lang='lat' dir='ltr'>vinclis</span> <span class='ocrx_word' id='word_1_438' title='bbox 1643 3543 1707 3598; x_wconf 90' lang='lat' dir='ltr'>pec·</span> 
     </span>
     <span class='ocr_line' id='line_1_38' title="bbox 84 3596 1707 3672; baseline 0.012 -20"><span class='ocrx_word' id='word_1_439' title='bbox 84 3597 214 3655; x_wconf 81' lang='lat' dir='ltr'>Goteiridn</span> <span class='ocrx_word' id='word_1_440' title='bbox 225 3599 391 3654; x_wconf 88' lang='lat' dir='ltr'>fidelitatem</span> <span class='ocrx_word' id='word_1_441' title='bbox 398 3598 645 3670; x_wconf 86' lang='lat' dir='ltr'>juraverat,virnm</span> <span class='ocrx_word' id='word_1_442' title='bbox 658 3597 744 3654; x_wconf 88' lang='lat' dir='ltr'>nobili</span> <span class='ocrx_word' id='word_1_443' title='bbox 756 3596 867 3669; x_wconf 90' lang='lat' dir='ltr'>quidem</span> <span class='ocrx_word' id='word_1_444' title='bbox 910 3605 1037 3654; x_wconf 89' lang='lat' dir='ltr'>catorum</span> <span class='ocrx_word' id='word_1_445' title='bbox 1061 3600 1165 3672; x_wconf 89' lang='lat' dir='ltr'>poterit</span> <span class='ocrx_word' id='word_1_446' title='bbox 1175 3602 1253 3657; x_wconf 90' lang='lat' dir='ltr'>solvi.</span> <span class='ocrx_word' id='word_1_447' title='bbox 1265 3603 1377 3660; x_wconf 89' lang='lat' dir='ltr'>Interea</span> <span class='ocrx_word' id='word_1_448' title='bbox 1391 3607 1490 3664; x_wconf 77' lang='lat' dir='ltr'>littere</span> <span class='ocrx_word' id='word_1_449' title='bbox 1504 3612 1641 3668; x_wconf 86' lang='lat' dir='ltr'>unitatem</span> <span class='ocrx_word' id='word_1_450' title='bbox 1658 3615 1707 3670; x_wconf 84' lang='lat' dir='ltr'>Ec-</span> 
     </span>
     <span class='ocr_line' id='line_1_39' title="bbox 85 3685 1704 3773; baseline 0.015 -37"><span class='ocrx_word' id='word_1_451' title='bbox 85 3703 176 3757; x_wconf 79' lang='lat' dir='ltr'>genere</span> <span class='ocrx_word' id='word_1_452' title='bbox 189 3694 284 3744; x_wconf 84' lang='lat' dir='ltr'>ortum</span> <span class='ocrx_word' id='word_1_453' title='bbox 299 3692 328 3743; x_wconf 91' lang='lat' dir='ltr'>et</span> <span class='ocrx_word' id='word_1_454' title='bbox 339 3687 408 3743; x_wconf 89' lang='lat' dir='ltr'>satis</span> <span class='ocrx_word' id='word_1_455' title='bbox 422 3703 538 3760; x_wconf 88' lang='lat' dir='ltr'>corpore</span> <span class='ocrx_word' id='word_1_456' title='bbox 557 3686 700 3760; x_wconf 89' lang='lat' dir='ltr'>pinguem,</span> <span class='ocrx_word' id='word_1_457' title='bbox 717 3687 766 3742; x_wconf 91' lang='lat' dir='ltr'>sed</span> <span class='ocrx_word' id='word_1_458' title='bbox 781 3685 870 3741; x_wconf 87' lang='lat' dir='ltr'>virtu·</span> <span class='ocrx_word' id='word_1_459' title='bbox 910 3688 1002 3743; x_wconf 82' lang='lat' dir='ltr'>closiae</span> <span class='ocrx_word' id='word_1_460' title='bbox 1016 3688 1175 3744; x_wconf 88' lang='lat' dir='ltr'>scindentes</span> <span class='ocrx_word' id='word_1_461' title='bbox 1191 3707 1242 3762; x_wconf 89' lang='lat' dir='ltr'>per</span> <span class='ocrx_word' id='word_1_462' title='bbox 1252 3692 1360 3764; x_wconf 88' lang='lat' dir='ltr'>legatos</span> <span class='ocrx_word' id='word_1_463' title='bbox 1368 3695 1485 3752; x_wconf 86' lang='lat' dir='ltr'>Romam</span> <span class='ocrx_word' id='word_1_464' title='bbox 1496 3699 1704 3773; x_wconf 87' lang='lat' dir='ltr'>deferebantur,</span> 
     </span>
     <span class='ocr_line' id='line_1_40' title="bbox 85 3775 1705 3854; baseline 0.017 -31"><span class='ocrx_word' id='word_1_465' title='bbox 85 3775 282 3834; x_wconf 77' lang='lat' dir='ltr'>tibustenuem.</span> <span class='ocrx_word' id='word_1_466' title='bbox 296 3778 379 3833; x_wconf 89' lang='lat' dir='ltr'>Hunc</span> <span class='ocrx_word' id='word_1_467' title='bbox 393 3778 479 3833; x_wconf 90' lang='lat' dir='ltr'>talem</span> <span class='ocrx_word' id='word_1_468' title='bbox 488 3792 583 3832; x_wconf 88' lang='lat' dir='ltr'>secum</span> <span class='ocrx_word' id='word_1_469' title='bbox 597 3777 633 3832; x_wconf 87' lang='lat' dir='ltr'>ad</span> <span class='ocrx_word' id='word_1_470' title='bbox 648 3793 742 3848; x_wconf 85' lang='lat' dir='ltr'>regern</span> <span class='ocrx_word' id='word_1_471' title='bbox 751 3775 867 3842; x_wconf 90' lang='lat' dir='ltr'>ducunt,</span> <span class='ocrx_word' id='word_1_472' title='bbox 911 3793 975 3831; x_wconf 87' lang='lat' dir='ltr'>nam</span> <span class='ocrx_word' id='word_1_473' title='bbox 986 3777 1077 3847; x_wconf 87' lang='lat' dir='ltr'>jussio</span> <span class='ocrx_word' id='word_1_474' title='bbox 1091 3779 1165 3848; x_wconf 87' lang='lat' dir='ltr'>regis</span> <span class='ocrx_word' id='word_1_475' title='bbox 1175 3779 1303 3850; x_wconf 86' lang='lat' dir='ltr'>urgebat,</span> <span class='ocrx_word' id='word_1_476' title='bbox 1317 3784 1364 3854; x_wconf 90' lang='lat' dir='ltr'>qui</span> <span class='ocrx_word' id='word_1_477' title='bbox 1379 3785 1522 3842; x_wconf 90' lang='lat' dir='ltr'>venientes</span> <span class='ocrx_word' id='word_1_478' title='bbox 1533 3789 1705 3850; x_wconf 88' lang='lat' dir='ltr'>Placentiam</span> 
     </span>
     <span class='ocr_line' id='line_1_41' title="bbox 84 3864 1707 3948; baseline 0.014 -33"><span class='ocrx_word' id='word_1_479' title='bbox 84 3881 156 3935; x_wconf 90' lang='lat' dir='ltr'>quem</span> <span class='ocrx_word' id='word_1_480' title='bbox 172 3883 229 3933; x_wconf 82' lang='lat' dir='ltr'>rex,</span> <span class='ocrx_word' id='word_1_481' title='bbox 241 3865 346 3922; x_wconf 87' lang='lat' dir='ltr'>oblitus</span> <span class='ocrx_word' id='word_1_482' title='bbox 360 3865 532 3922; x_wconf 87' lang='lat' dir='ltr'>investiturae</span> <span class='ocrx_word' id='word_1_483' title='bbox 543 3882 627 3938; x_wconf 90' lang='lat' dir='ltr'>quam</span> <span class='ocrx_word' id='word_1_484' title='bbox 643 3871 709 3920; x_wconf 91' lang='lat' dir='ltr'>ante</span> <span class='ocrx_word' id='word_1_485' title='bbox 724 3864 868 3920; x_wconf 85' lang='lat' dir='ltr'>Goteirido</span> <span class='ocrx_word' id='word_1_486' title='bbox 909 3866 1157 3938; x_wconf 88' lang='lat' dir='ltr'>onmesepiscopos</span> <span class='ocrx_word' id='word_1_487' title='bbox 1168 3868 1366 3940; x_wconf 84' lang='lat' dir='ltr'>Longobardos</span> <span class='ocrx_word' id='word_1_488' title='bbox 1377 3885 1627 3946; x_wconf 83' lang='lat' dir='ltr'>corrgregavernnt.</span> <span class='ocrx_word' id='word_1_489' title='bbox 1639 3880 1707 3948; x_wconf 86' lang='lat' dir='ltr'>Qui·</span> 
     </span>
     <span class='ocr_line' id='line_1_42' title="bbox 84 3953 1705 4042; baseline 0.023 -52"><span class='ocrx_word' id='word_1_490' title='bbox 84 3953 197 4022; x_wconf 49' lang='grc' dir='ltr'>(ΜΝ,</span> <span class='ocrx_word' id='word_1_491' title='bbox 209 3955 472 4028; x_wconf 61' lang='lat' dir='ltr'>parvipendensque</span> <span class='ocrx_word' id='word_1_492' title='bbox 478 3954 676 4027; x_wconf 76' lang='lat' dir='ltr'>jusjurandum</span> <span class='ocrx_word' id='word_1_493' title='bbox 692 3953 868 4024; x_wconf 86' lang='lat' dir='ltr'>quodRapot</span> <span class='ocrx_word' id='word_1_494' title='bbox 908 3954 961 4010; x_wconf 89' lang='lat' dir='ltr'>bus</span> <span class='ocrx_word' id='word_1_495' title='bbox 980 3971 1012 4009; x_wconf 85' lang='lat' dir='ltr'>ex</span> <span class='ocrx_word' id='word_1_496' title='bbox 1022 3960 1102 4026; x_wconf 89' lang='lat' dir='ltr'>parte</span> <span class='ocrx_word' id='word_1_497' title='bbox 1118 3956 1191 4026; x_wconf 84' lang='lat' dir='ltr'>regis</span> <span class='ocrx_word' id='word_1_498' title='bbox 1206 3966 1376 4031; x_wconf 72' lang='lat' dir='ltr'>praeceptum</span> <span class='ocrx_word' id='word_1_499' title='bbox 1392 3969 1444 4024; x_wconf 81' lang='lat' dir='ltr'>cst.</span> <span class='ocrx_word' id='word_1_500' title='bbox 1459 3971 1492 4019; x_wconf 83' lang='lat' dir='ltr'>ut</span> <span class='ocrx_word' id='word_1_501' title='bbox 1511 3966 1615 4024; x_wconf 86' lang='lat' dir='ltr'>factum</span> <span class='ocrx_word' id='word_1_502' title='bbox 1630 3972 1705 4042; x_wconf 86' lang='lat' dir='ltr'>regis</span> 
     </span>
     <span class='ocr_line' id='line_1_43' title="bbox 85 4041 1703 4130; baseline 0.014 -39"><span class='ocrx_word' id='word_1_503' title='bbox 85 4059 113 4096; x_wconf 74' lang='lat' dir='ltr'>ex</span> <span class='ocrx_word' id='word_1_504' title='bbox 126 4061 173 4099; x_wconf 79' lang='lat' dir='ltr'>sun</span> <span class='ocrx_word' id='word_1_505' title='bbox 188 4049 270 4118; x_wconf 83' lang='lat' dir='ltr'>parte</span> <span class='ocrx_word' id='word_1_506' title='bbox 287 4046 434 4116; x_wconf 85' lang='lat' dir='ltr'>juraverat</span> <span class='ocrx_word' id='word_1_507' title='bbox 446 4043 575 4100; x_wconf 88' lang='lat' dir='ltr'>Novariae</span> <span class='ocrx_word' id='word_1_508' title='bbox 597 4042 703 4099; x_wconf 92' lang='lat' dir='ltr'>dudum</span> <span class='ocrx_word' id='word_1_509' title='bbox 718 4041 867 4113; x_wconf 86' lang='lat' dir='ltr'>episcopis,</span> <span class='ocrx_word' id='word_1_510' title='bbox 908 4045 1118 4098; x_wconf 84' lang='lat' dir='ltr'>confirmarent.</span> <span class='ocrx_word' id='word_1_511' title='bbox 1145 4046 1199 4100; x_wconf 87' lang='lat' dir='ltr'>Sed</span> <span class='ocrx_word' id='word_1_512' title='bbox 1222 4047 1306 4118; x_wconf 87' lang='lat' dir='ltr'>longe</span> <span class='ocrx_word' id='word_1_513' title='bbox 1329 4049 1413 4104; x_wconf 87' lang='lat' dir='ltr'>aliter</span> <span class='ocrx_word' id='word_1_514' title='bbox 1427 4051 1529 4108; x_wconf 85' lang='lat' dir='ltr'>sactum</span> <span class='ocrx_word' id='word_1_515' title='bbox 1554 4061 1597 4110; x_wconf 89' lang='lat' dir='ltr'>est</span> <span class='ocrx_word' id='word_1_516' title='bbox 1619 4073 1703 4130; x_wconf 87' lang='lat' dir='ltr'>quam</span> 
     </span>
     <span class='ocr_line' id='line_1_44' title="bbox 84 4131 1705 4217; baseline 0.014 -38"><span class='ocrx_word' id='word_1_517' title='bbox 84 4131 128 4186; x_wconf 81' lang='lat' dir='ltr'>hoe</span> <span class='ocrx_word' id='word_1_518' title='bbox 141 4149 200 4189; x_wconf 75' lang='lat' dir='ltr'>esse</span> <span class='ocrx_word' id='word_1_519' title='bbox 212 4131 866 4206; x_wconf 81' lang='lat' dir='ltr'>regiaevoluntatisutGotel&#39;ridusconsecretur,</span> <span class='ocrx_word' id='word_1_520' title='bbox 909 4147 1066 4202; x_wconf 86' lang='lat' dir='ltr'>speravere.</span> <span class='ocrx_word' id='word_1_521' title='bbox 1087 4133 1160 4186; x_wconf 88' lang='lat' dir='ltr'>Nam</span> <span class='ocrx_word' id='word_1_522' title='bbox 1185 4149 1282 4188; x_wconf 89' lang='lat' dir='ltr'>omnes</span> <span class='ocrx_word' id='word_1_523' title='bbox 1305 4135 1419 4207; x_wconf 88' lang='lat' dir='ltr'>proprio</span> <span class='ocrx_word' id='word_1_524' title='bbox 1434 4154 1482 4194; x_wconf 86' lang='lat' dir='ltr'>ore</span> <span class='ocrx_word' id='word_1_525' title='bbox 1504 4157 1555 4196; x_wconf 88' lang='lat' dir='ltr'>suo</span> <span class='ocrx_word' id='word_1_526' title='bbox 1571 4143 1705 4217; x_wconf 86' lang='lat' dir='ltr'>Dionysio</span> 
     </span>
     <span class='ocr_line' id='line_1_45' title="bbox 85 4219 1705 4298; baseline 0.011 -26"><span class='ocrx_word' id='word_1_527' title='bbox 85 4235 135 4275; x_wconf 90' lang='lat' dir='ltr'>non</span> <span class='ocrx_word' id='word_1_528' title='bbox 147 4225 234 4279; x_wconf 85' lang='lat' dir='ltr'>solum</span> <span class='ocrx_word' id='word_1_529' title='bbox 253 4227 353 4278; x_wconf 89' lang='lat' dir='ltr'>contra</span> <span class='ocrx_word' id='word_1_530' title='bbox 374 4222 451 4294; x_wconf 88' lang='lat' dir='ltr'>leges</span> <span class='ocrx_word' id='word_1_531' title='bbox 465 4221 573 4276; x_wconf 84' lang='lat' dir='ltr'>divinas</span> <span class='ocrx_word' id='word_1_532' title='bbox 593 4224 622 4276; x_wconf 87' lang='lat' dir='ltr'>et</span> <span class='ocrx_word' id='word_1_533' title='bbox 645 4219 868 4276; x_wconf 82' lang='lat' dir='ltr'>Christianorum</span> <span class='ocrx_word' id='word_1_534' title='bbox 909 4220 1072 4275; x_wconf 86' lang='lat' dir='ltr'>Placentino</span> <span class='ocrx_word' id='word_1_535' title='bbox 1087 4220 1214 4292; x_wconf 89' lang='lat' dir='ltr'>episcopo</span> <span class='ocrx_word' id='word_1_536' title='bbox 1223 4222 1333 4293; x_wconf 73' lang='lat' dir='ltr'>praevio,</span> <span class='ocrx_word' id='word_1_537' title='bbox 1345 4223 1454 4295; x_wconf 91' lang='lat' dir='ltr'>publice</span> <span class='ocrx_word' id='word_1_538' title='bbox 1458 4228 1627 4298; x_wconf 74' lang='lat' dir='ltr'>iuraverunt</span> <span class='ocrx_word' id='word_1_539' title='bbox 1635 4249 1705 4289; x_wconf 90' lang='lat' dir='ltr'>nun-</span> 
     </span>
     <span class='ocr_line' id='line_1_46' title="bbox 21 4308 1702 4393; baseline 0.04 -81"><span class='ocrx_word' id='word_1_540' title='bbox 21 4355 22 4358; x_wconf 7' lang='grc' dir='ltr'><strong>Ἴ</strong></span> <span class='ocrx_word' id='word_1_541' title='bbox 85 4323 172 4381; x_wconf 53' lang='lat' dir='ltr'>regum</span> <span class='ocrx_word' id='word_1_542' title='bbox 184 4328 303 4379; x_wconf 50' lang='lat' dir='ltr'>morem,</span> <span class='ocrx_word' id='word_1_543' title='bbox 319 4311 368 4367; x_wconf 62' lang='lat' dir='ltr'>sed</span> <span class='ocrx_word' id='word_1_544' title='bbox 389 4310 473 4366; x_wconf 57' lang='lat' dir='ltr'><strong>etiam</strong></span> <span class='ocrx_word' id='word_1_545' title='bbox 490 4316 587 4366; x_wconf 62' lang='lat' dir='ltr'><strong>comm</strong></span> <span class='ocrx_word' id='word_1_546' title='bbox 606 4314 790 4382; x_wconf 58' lang='lat' dir='ltr'><strong>tyrannorum</strong></span> <span class='ocrx_word' id='word_1_547' title='bbox 805 4323 869 4364; x_wconf 90' lang='lat' dir='ltr'>oon-</span> <span class='ocrx_word' id='word_1_548' title='bbox 909 4325 994 4380; x_wconf 88' lang='lat' dir='ltr'>quarn</span> <span class='ocrx_word' id='word_1_549' title='bbox 1018 4325 1048 4364; x_wconf 90' lang='lat' dir='ltr'>ee</span> <span class='ocrx_word' id='word_1_550' title='bbox 1071 4309 1192 4380; x_wconf 89' lang='lat' dir='ltr'>amplius</span> <span class='ocrx_word' id='word_1_551' title='bbox 1215 4308 1402 4366; x_wconf 89' lang='lat' dir='ltr'>obedientiam</span> <span class='ocrx_word' id='word_1_552' title='bbox 1426 4317 1600 4385; x_wconf 73' lang='lat' dir='ltr'>praestituros</span> <span class='ocrx_word' id='word_1_553' title='bbox 1614 4337 1702 4393; x_wconf 79' lang='lat' dir='ltr'>papse.</span> 
     </span>
     <span class='ocr_line' id='line_1_47' title="bbox 22 4373 1704 4469; baseline 0.014 -25"><span class='ocrx_word' id='word_1_554' title='bbox 22 4399 23 4402; x_wconf 75' lang='grc'>’</span> <span class='ocrx_word' id='word_1_555' title='bbox 85 4401 382 4469; x_wconf 77' lang='lat' dir='ltr'>suetudinem,vivente</span> <span class='ocrx_word' id='word_1_556' title='bbox 396 4399 486 4454; x_wconf 89' lang='lat' dir='ltr'>altero</span> <span class='ocrx_word' id='word_1_557' title='bbox 500 4397 649 4454; x_wconf 86' lang='lat' dir='ltr'>investivit.</span> <span class='ocrx_word' id='word_1_558' title='bbox 876 4373 1016 4453; x_wconf 80' lang='lat' dir='ltr'>DDehinc</span> <span class='ocrx_word' id='word_1_559' title='bbox 1030 4398 1113 4467; x_wconf 87' lang='lat' dir='ltr'>hujus</span> <span class='ocrx_word' id='word_1_560' title='bbox 1126 4398 1276 4468; x_wconf 87' lang='lat' dir='ltr'>legationis</span> <span class='ocrx_word' id='word_1_561' title='bbox 1292 4400 1452 4458; x_wconf 88' lang='lat' dir='ltr'>ministrum</span> <span class='ocrx_word' id='word_1_562' title='bbox 1471 4422 1504 4460; x_wconf 90' lang='lat' dir='ltr'>ex</span> <span class='ocrx_word' id='word_1_563' title='bbox 1523 4407 1636 4464; x_wconf 83' lang='lat' dir='ltr'>otilcina</span> <span class='ocrx_word' id='word_1_564' title='bbox 1649 4411 1704 4468; x_wconf 90' lang='lat' dir='ltr'>ini-</span> 
     </span>
     <span class='ocr_line' id='line_1_48' title="bbox 114 4485 1705 4568; baseline 0.01 -26"><span class='ocrx_word' id='word_1_565' title='bbox 114 4487 160 4544; x_wconf 86' lang='lat' dir='ltr'>llic</span> <span class='ocrx_word' id='word_1_566' title='bbox 185 4491 251 4545; x_wconf 88' lang='lat' dir='ltr'>talis</span> <span class='ocrx_word' id='word_1_567' title='bbox 278 4487 516 4546; x_wconf 86' lang='lat' dir='ltr'>Mediolanensem</span> <span class='ocrx_word' id='word_1_568' title='bbox 545 4487 674 4543; x_wconf 86' lang='lat' dir='ltr'>vastabat</span> <span class='ocrx_word' id='word_1_569' title='bbox 704 4487 866 4543; x_wconf 85' lang='lat' dir='ltr'>Ecclesiam.</span> <span class='ocrx_word' id='word_1_570' title='bbox 909 4485 1023 4558; x_wconf 89' lang='lat' dir='ltr'>quitatis</span> <span class='ocrx_word' id='word_1_571' title='bbox 1037 4486 1142 4542; x_wconf 87' lang='lat' dir='ltr'>scilicet</span> <span class='ocrx_word' id='word_1_572' title='bbox 1156 4487 1300 4543; x_wconf 85' lang='lat' dir='ltr'>Parmensi</span> <span class='ocrx_word' id='word_1_573' title='bbox 1315 4489 1426 4546; x_wconf 88' lang='lat' dir='ltr'>civitate</span> <span class='ocrx_word' id='word_1_574' title='bbox 1435 4492 1544 4550; x_wconf 80' lang='lat' dir='ltr'>iaciunt</span> <span class='ocrx_word' id='word_1_575' title='bbox 1555 4499 1705 4568; x_wconf 87' lang='lat' dir='ltr'>quemdam</span> 
     </span>
     <span class='ocr_line' id='line_1_49' title="bbox 87 4575 1705 4649; baseline 0.017 -31"><span class='ocrx_word' id='word_1_576' title='bbox 87 4575 315 4634; x_wconf 69' lang='lat' dir='ltr'>fluicfluibertns</span> <span class='ocrx_word' id='word_1_577' title='bbox 338 4577 488 4649; x_wconf 86' lang='lat' dir='ltr'>Magonem</span> <span class='ocrx_word' id='word_1_578' title='bbox 509 4575 659 4632; x_wconf 88' lang='lat' dir='ltr'>candidum</span> <span class='ocrx_word' id='word_1_579' title='bbox 686 4575 772 4639; x_wconf 83' lang='lat' dir='ltr'>misit,</span> <span class='ocrx_word' id='word_1_580' title='bbox 788 4577 868 4647; x_wconf 89' lang='lat' dir='ltr'>cnjus</span> <span class='ocrx_word' id='word_1_581' title='bbox 908 4575 1066 4630; x_wconf 70' lang='lat' dir='ltr'>Relamum</span> <span class='ocrx_word' id='word_1_582' title='bbox 1080 4575 1222 4641; x_wconf 88' lang='lat' dir='ltr'>clericum,</span> <span class='ocrx_word' id='word_1_583' title='bbox 1238 4576 1412 4648; x_wconf 90' lang='lat' dir='ltr'>quivcniens</span> <span class='ocrx_word' id='word_1_584' title='bbox 1426 4579 1546 4639; x_wconf 84' lang='lat' dir='ltr'>Romam</span> <span class='ocrx_word' id='word_1_585' title='bbox 1563 4586 1635 4643; x_wconf 86' lang='lat' dir='ltr'>forte</span> <span class='ocrx_word' id='word_1_586' title='bbox 1649 4589 1705 4646; x_wconf 89' lang='lat' dir='ltr'>illis</span> 
     </span>
     <span class='ocr_line' id='line_1_50' title="bbox 84 4661 1708 4741; baseline 0.012 -26"><span class='ocrx_word' id='word_1_587' title='bbox 84 4667 188 4722; x_wconf 86' lang='lat' dir='ltr'>consilio</span> <span class='ocrx_word' id='word_1_588' title='bbox 206 4683 301 4739; x_wconf 84' lang='lat' dir='ltr'>regem</span> <span class='ocrx_word' id='word_1_589' title='bbox 314 4665 415 4732; x_wconf 83' lang='lat' dir='ltr'>adiret,</span> <span class='ocrx_word' id='word_1_590' title='bbox 436 4671 466 4720; x_wconf 91' lang='lat' dir='ltr'>et</span> <span class='ocrx_word' id='word_1_591' title='bbox 479 4665 539 4735; x_wconf 84' lang='lat' dir='ltr'>ejus</span> <span class='ocrx_word' id='word_1_592' title='bbox 553 4664 677 4719; x_wconf 89' lang='lat' dir='ltr'>animum</span> <span class='ocrx_word' id='word_1_593' title='bbox 693 4665 728 4720; x_wconf 91' lang='lat' dir='ltr'>ad</span> <span class='ocrx_word' id='word_1_594' title='bbox 749 4664 889 4741; x_wconf 30' lang='lat' dir='ltr'>deteris-u</span> <span class='ocrx_word' id='word_1_595' title='bbox 910 4661 1008 4718; x_wconf 90' lang='lat' dir='ltr'>diebus</span> <span class='ocrx_word' id='word_1_596' title='bbox 1020 4679 1120 4734; x_wconf 88' lang='lat' dir='ltr'>papam</span> <span class='ocrx_word' id='word_1_597' title='bbox 1129 4663 1158 4718; x_wconf 91' lang='lat' dir='ltr'>in</span> <span class='ocrx_word' id='word_1_598' title='bbox 1167 4665 1274 4736; x_wconf 86' lang='lat' dir='ltr'>synodo</span> <span class='ocrx_word' id='word_1_599' title='bbox 1289 4666 1458 4724; x_wconf 87' lang='lat' dir='ltr'>residentem</span> <span class='ocrx_word' id='word_1_600' title='bbox 1473 4670 1587 4730; x_wconf 88' lang='lat' dir='ltr'>invenit.</span> <span class='ocrx_word' id='word_1_601' title='bbox 1604 4676 1631 4732; x_wconf 91' lang='lat' dir='ltr'>Is</span> <span class='ocrx_word' id='word_1_602' title='bbox 1648 4678 1708 4734; x_wconf 90' lang='lat' dir='ltr'>dia·</span> 
     </span>
     <span class='ocr_line' id='line_1_51' title="bbox 84 4751 1704 4839; baseline 0.011 -33"><span class='ocrx_word' id='word_1_603' title='bbox 84 4768 133 4808; x_wconf 84' lang='lat' dir='ltr'>rem</span> <span class='ocrx_word' id='word_1_604' title='bbox 147 4761 256 4826; x_wconf 82' lang='lat' dir='ltr'>partem</span> <span class='ocrx_word' id='word_1_605' title='bbox 271 4755 438 4810; x_wconf 87' lang='lat' dir='ltr'>inflecteret.</span> <span class='ocrx_word' id='word_1_606' title='bbox 454 4753 535 4819; x_wconf 89' lang='lat' dir='ltr'>Quod</span> <span class='ocrx_word' id='word_1_607' title='bbox 548 4757 577 4808; x_wconf 88' lang='lat' dir='ltr'>et</span> <span class='ocrx_word' id='word_1_608' title='bbox 590 4753 694 4808; x_wconf 89' lang='lat' dir='ltr'>sactum</span> <span class='ocrx_word' id='word_1_609' title='bbox 708 4757 761 4809; x_wconf 89' lang='lat' dir='ltr'>cst.</span> <span class='ocrx_word' id='word_1_610' title='bbox 909 4751 966 4807; x_wconf 92' lang='lat' dir='ltr'>boli</span> <span class='ocrx_word' id='word_1_611' title='bbox 980 4752 1207 4824; x_wconf 88' lang='lat' dir='ltr'>repletusspiritu</span> <span class='ocrx_word' id='word_1_612' title='bbox 1220 4754 1249 4808; x_wconf 90' lang='lat' dir='ltr'>in</span> <span class='ocrx_word' id='word_1_613' title='bbox 1264 4754 1357 4810; x_wconf 87' lang='lat' dir='ltr'>media</span> <span class='ocrx_word' id='word_1_614' title='bbox 1368 4759 1602 4834; x_wconf 87' lang='lat' dir='ltr'>synodocxparte</span> <span class='ocrx_word' id='word_1_615' title='bbox 1617 4767 1704 4839; x_wconf 85' lang='lat' dir='ltr'>regis,</span> 
     </span>
     <span class='ocr_line' id='line_1_52' title="bbox 113 4840 1706 4916; baseline 0.011 -20"><span class='ocrx_word' id='word_1_616' title='bbox 113 4841 144 4897; x_wconf 94' lang='lat' dir='ltr'>ln</span> <span class='ocrx_word' id='word_1_617' title='bbox 163 4844 213 4899; x_wconf 93' lang='lat' dir='ltr'>illo</span> <span class='ocrx_word' id='word_1_618' title='bbox 236 4849 363 4916; x_wconf 90' lang='lat' dir='ltr'>tempore</span> <span class='ocrx_word' id='word_1_619' title='bbox 388 4859 474 4914; x_wconf 83' lang='lat' dir='ltr'>grave</span> <span class='ocrx_word' id='word_1_620' title='bbox 497 4846 527 4898; x_wconf 91' lang='lat' dir='ltr'>et</span> <span class='ocrx_word' id='word_1_621' title='bbox 546 4841 703 4896; x_wconf 88' lang='lat' dir='ltr'>inauditum</span> <span class='ocrx_word' id='word_1_622' title='bbox 730 4841 869 4914; x_wconf 83' lang='lat' dir='ltr'>flagitium</span> <span class='ocrx_word' id='word_1_623' title='bbox 910 4842 975 4897; x_wconf 87' lang='lat' dir='ltr'>laici</span> <span class='ocrx_word' id='word_1_624' title='bbox 992 4840 1098 4896; x_wconf 87' lang='lat' dir='ltr'>scilicet</span> <span class='ocrx_word' id='word_1_625' title='bbox 1121 4841 1252 4908; x_wconf 90' lang='lat' dir='ltr'>hominis,</span> <span class='ocrx_word' id='word_1_626' title='bbox 1271 4844 1430 4915; x_wconf 82' lang='lat' dir='ltr'>pontificale</span> <span class='ocrx_word' id='word_1_627' title='bbox 1445 4848 1471 4904; x_wconf 92' lang='lat' dir='ltr'>ei</span> <span class='ocrx_word' id='word_1_628' title='bbox 1486 4851 1629 4910; x_wconf 87' lang='lat' dir='ltr'>interdixit</span> <span class='ocrx_word' id='word_1_629' title='bbox 1644 4857 1706 4912; x_wconf 80' lang='lat' dir='ltr'>onl-</span> 
     </span>
     <span class='ocr_line' id='line_1_53' title="bbox 86 4928 1706 5016; baseline 0.012 -33"><span class='ocrx_word' id='word_1_630' title='bbox 86 4929 169 4988; x_wconf 77' lang='lat' dir='ltr'>ltomn</span> <span class='ocrx_word' id='word_1_631' title='bbox 182 4937 325 5006; x_wconf 86' lang='lat' dir='ltr'>patratam</span> <span class='ocrx_word' id='word_1_632' title='bbox 337 4937 389 4990; x_wconf 90' lang='lat' dir='ltr'>est.</span> <span class='ocrx_word' id='word_1_633' title='bbox 400 4933 472 4988; x_wconf 89' lang='lat' dir='ltr'>Nam</span> <span class='ocrx_word' id='word_1_634' title='bbox 480 4931 539 4986; x_wconf 91' lang='lat' dir='ltr'>Deo</span> <span class='ocrx_word' id='word_1_635' title='bbox 549 4929 659 4985; x_wconf 87' lang='lat' dir='ltr'>odibilis</span> <span class='ocrx_word' id='word_1_636' title='bbox 670 4928 796 4996; x_wconf 86' lang='lat' dir='ltr'>Cencins,</span> <span class='ocrx_word' id='word_1_637' title='bbox 806 4947 870 4986; x_wconf 87' lang='lat' dir='ltr'>con·</span> <span class='ocrx_word' id='word_1_638' title='bbox 910 4930 994 4996; x_wconf 88' lang='lat' dir='ltr'>cium,</span> <span class='ocrx_word' id='word_1_639' title='bbox 1007 4929 1088 5002; x_wconf 91' lang='lat' dir='ltr'>eique</span> <span class='ocrx_word' id='word_1_640' title='bbox 1097 4930 1238 5002; x_wconf 80' lang='lat' dir='ltr'>precepit,</span> <span class='ocrx_word' id='word_1_641' title='bbox 1250 4937 1282 4986; x_wconf 89' lang='lat' dir='ltr'>ut</span> <span class='ocrx_word' id='word_1_642' title='bbox 1295 4932 1330 4987; x_wconf 91' lang='lat' dir='ltr'>de</span> <span class='ocrx_word' id='word_1_643' title='bbox 1339 4935 1405 4991; x_wconf 87' lang='lat' dir='ltr'>sede</span> <span class='ocrx_word' id='word_1_644' title='bbox 1421 4937 1612 5010; x_wconf 87' lang='lat' dir='ltr'>descenderet,</span> <span class='ocrx_word' id='word_1_645' title='bbox 1632 4947 1706 5016; x_wconf 90' lang='lat' dir='ltr'>quod</span> 
     </span>
     <span class='ocr_line' id='line_1_54' title="bbox 84 5017 1706 5101; baseline 0.015 -36"><span class='ocrx_word' id='word_1_646' title='bbox 84 5017 216 5084; x_wconf 72' lang='lat' dir='ltr'>juratione</span> <span class='ocrx_word' id='word_1_647' title='bbox 229 5022 312 5088; x_wconf 82' lang='lat' dir='ltr'>sacta,</span> <span class='ocrx_word' id='word_1_648' title='bbox 335 5021 365 5076; x_wconf 92' lang='lat' dir='ltr'>in</span> <span class='ocrx_word' id='word_1_649' title='bbox 389 5021 451 5092; x_wconf 89' lang='lat' dir='ltr'>ipsa</span> <span class='ocrx_word' id='word_1_650' title='bbox 474 5023 554 5074; x_wconf 90' lang='lat' dir='ltr'>nocte</span> <span class='ocrx_word' id='word_1_651' title='bbox 578 5018 738 5074; x_wconf 87' lang='lat' dir='ltr'>Nativitatis</span> <span class='ocrx_word' id='word_1_652' title='bbox 753 5017 869 5088; x_wconf 80' lang='lat' dir='ltr'>Christi,</span> <span class='ocrx_word' id='word_1_653' title='bbox 910 5019 1025 5075; x_wconf 90' lang='lat' dir='ltr'>secundi</span> <span class='ocrx_word' id='word_1_654' title='bbox 1034 5018 1140 5073; x_wconf 81' lang='lat' dir='ltr'>ordinis</span> <span class='ocrx_word' id='word_1_655' title='bbox 1150 5020 1313 5091; x_wconf 84' lang='lat' dir='ltr'>presbytero</span> <span class='ocrx_word' id='word_1_656' title='bbox 1323 5021 1612 5101; x_wconf 80' lang='lat' dir='ltr'>sineJ&#39;ndicioabipsis</span> <span class='ocrx_word' id='word_1_657' title='bbox 1621 5033 1706 5088; x_wconf 89' lang='lat' dir='ltr'>etiam</span> 
     </span>
     <span class='ocr_line' id='line_1_55' title="bbox 86 5107 1706 5184; baseline 0.014 -30"><span class='ocrx_word' id='word_1_658' title='bbox 86 5121 176 5179; x_wconf 76' lang='lat' dir='ltr'>papam</span> <span class='ocrx_word' id='word_1_659' title='bbox 198 5115 374 5166; x_wconf 59' lang='lat' dir='ltr'>„ammenta</span> <span class='ocrx_word' id='word_1_660' title='bbox 397 5107 596 5172; x_wconf 87' lang='lat' dir='ltr'>celebrantem,</span> <span class='ocrx_word' id='word_1_661' title='bbox 615 5107 650 5161; x_wconf 89' lang='lat' dir='ltr'>ab</span> <span class='ocrx_word' id='word_1_662' title='bbox 669 5108 759 5162; x_wconf 87' lang='lat' dir='ltr'>altare</span> <span class='ocrx_word' id='word_1_663' title='bbox 774 5108 802 5163; x_wconf 91' lang='lat' dir='ltr'>S.</span> <span class='ocrx_word' id='word_1_664' title='bbox 818 5107 871 5162; x_wconf 89' lang='lat' dir='ltr'>Dei</span> <span class='ocrx_word' id='word_1_665' title='bbox 911 5107 1056 5180; x_wconf 86' lang='lat' dir='ltr'>episcopis,</span> <span class='ocrx_word' id='word_1_666' title='bbox 1073 5107 1096 5161; x_wconf 91' lang='lat' dir='ltr'>si</span> <span class='ocrx_word' id='word_1_667' title='bbox 1107 5107 1258 5172; x_wconf 84' lang='lat' dir='ltr'>diceretur,</span> <span class='ocrx_word' id='word_1_668' title='bbox 1273 5117 1348 5165; x_wconf 87' lang='lat' dir='ltr'>esset</span> <span class='ocrx_word' id='word_1_669' title='bbox 1362 5112 1510 5184; x_wconf 89' lang='lat' dir='ltr'>culpabile.</span> <span class='ocrx_word' id='word_1_670' title='bbox 1525 5117 1631 5174; x_wconf 88' lang='lat' dir='ltr'>Dehinc</span> <span class='ocrx_word' id='word_1_671' title='bbox 1644 5137 1706 5178; x_wconf 87' lang='lat' dir='ltr'>car-</span> 
     </span>
     <span class='ocr_line' id='line_1_56' title="bbox 86 5194 1707 5270; baseline 0.022 -41"><span class='ocrx_word' id='word_1_672' title='bbox 86 5197 219 5263; x_wconf 53' lang='lat' dir='ltr'>geniffici„</span> <span class='ocrx_word' id='word_1_673' title='bbox 232 5197 339 5265; x_wconf 54' lang='lat' dir='ltr'>Mam,</span> <span class='ocrx_word' id='word_1_674' title='bbox 358 5196 430 5269; x_wconf 73' lang='lat' dir='ltr'>quod</span> <span class='ocrx_word' id='word_1_675' title='bbox 446 5196 549 5252; x_wconf 78' lang='lat' dir='ltr'>dicitur</span> <span class='ocrx_word' id='word_1_676' title='bbox 564 5194 600 5250; x_wconf 85' lang='lat' dir='ltr'>ad</span> <span class='ocrx_word' id='word_1_677' title='bbox 615 5211 748 5267; x_wconf 77' lang='lat' dir='ltr'>praesepe,</span> <span class='ocrx_word' id='word_1_678' title='bbox 765 5195 869 5267; x_wconf 89' lang='lat' dir='ltr'>rapuit,</span> <span class='ocrx_word' id='word_1_679' title='bbox 911 5196 1314 5268; x_wconf 82' lang='lat' dir='ltr'>dinalibuspraecepit‚utnltra</span> <span class='ocrx_word' id='word_1_680' title='bbox 1323 5205 1432 5255; x_wconf 87' lang='lat' dir='ltr'>montes</span> <span class='ocrx_word' id='word_1_681' title='bbox 1439 5203 1596 5270; x_wconf 86' lang='lat' dir='ltr'>tenderent,</span> <span class='ocrx_word' id='word_1_682' title='bbox 1605 5213 1634 5263; x_wconf 91' lang='lat' dir='ltr'>et</span> <span class='ocrx_word' id='word_1_683' title='bbox 1643 5207 1707 5266; x_wconf 92' lang='lat' dir='ltr'>inde</span> 
     </span>
     <span class='ocr_line' id='line_1_57' title="bbox 87 5281 1707 5358; baseline 0.012 -23"><span class='ocrx_word' id='word_1_684' title='bbox 87 5286 295 5342; x_wconf 82' lang='lat' dir='ltr'>etvulneratnm</span> <span class='ocrx_word' id='word_1_685' title='bbox 304 5285 448 5342; x_wconf 88' lang='lat' dir='ltr'>adturrim</span> <span class='ocrx_word' id='word_1_686' title='bbox 459 5301 543 5358; x_wconf 89' lang='lat' dir='ltr'>quam</span> <span class='ocrx_word' id='word_1_687' title='bbox 553 5285 650 5340; x_wconf 85' lang='lat' dir='ltr'>Romae</span> <span class='ocrx_word' id='word_1_688' title='bbox 660 5281 781 5338; x_wconf 84' lang='lat' dir='ltr'>habebat</span> <span class='ocrx_word' id='word_1_689' title='bbox 794 5283 871 5338; x_wconf 77' lang='lat' dir='ltr'>mirae</span> <span class='ocrx_word' id='word_1_690' title='bbox 892 5284 965 5340; x_wconf 70' lang='lat' dir='ltr'>‘sibi</span> <span class='ocrx_word' id='word_1_691' title='bbox 977 5284 1136 5356; x_wconf 78' lang='lat' dir='ltr'>pontificem</span> <span class='ocrx_word' id='word_1_692' title='bbox 1157 5291 1344 5342; x_wconf 88' lang='lat' dir='ltr'>assumerent.</span> <span class='ocrx_word' id='word_1_693' title='bbox 1359 5285 1533 5345; x_wconf 84' lang='lat' dir='ltr'>Venerabilis</span> <span class='ocrx_word' id='word_1_694' title='bbox 1551 5309 1616 5349; x_wconf 91' lang='lat' dir='ltr'>vero</span> <span class='ocrx_word' id='word_1_695' title='bbox 1637 5296 1707 5353; x_wconf 89' lang='lat' dir='ltr'>Gre-</span> 
     </span>
     <span class='ocr_line' id='line_1_58' title="bbox 87 5370 1709 5450; baseline 0.022 -43"><span class='ocrx_word' id='word_1_696' title='bbox 87 5370 321 5450; x_wconf 56' lang='lat' dir='ltr'>fostjmffingq50)‚</span> <span class='ocrx_word' id='word_1_697' title='bbox 329 5375 561 5446; x_wconf 59' lang='lat' dir='ltr'>,volentemque</span> <span class='ocrx_word' id='word_1_698' title='bbox 575 5372 713 5445; x_wconf 87' lang='lat' dir='ltr'>perduxit.</span> <span class='ocrx_word' id='word_1_699' title='bbox 726 5372 798 5437; x_wconf 85' lang='lat' dir='ltr'>Quid</span> <span class='ocrx_word' id='word_1_700' title='bbox 808 5371 872 5444; x_wconf 90' lang='lat' dir='ltr'>plu·</span> <span class='ocrx_word' id='word_1_701' title='bbox 911 5371 1008 5445; x_wconf 84' lang='lat' dir='ltr'>gorius</span> <span class='ocrx_word' id='word_1_702' title='bbox 1021 5374 1175 5430; x_wconf 90' lang='lat' dir='ltr'>secundum</span> <span class='ocrx_word' id='word_1_703' title='bbox 1187 5373 1253 5430; x_wconf 94' lang='lat' dir='ltr'>boni</span> <span class='ocrx_word' id='word_1_704' title='bbox 1266 5373 1395 5446; x_wconf 84' lang='lat' dir='ltr'>Magistri</span> <span class='ocrx_word' id='word_1_705' title='bbox 1402 5376 1560 5449; x_wconf 86' lang='lat' dir='ltr'>exemplum</span> <span class='ocrx_word' id='word_1_706' title='bbox 1573 5383 1709 5442; x_wconf 90' lang='lat' dir='ltr'>convitia·</span> 
     </span>
     <span class='ocr_line' id='line_1_59' title="bbox 87 5461 1709 5537; baseline 0.013 -24"><span class='ocrx_word' id='word_1_707' title='bbox 87 5461 130 5514; x_wconf 82' lang='lat' dir='ltr'>rs?</span> <span class='ocrx_word' id='word_1_708' title='bbox 139 5463 257 5520; x_wconf 85' lang='lat' dir='ltr'>Romani</span> <span class='ocrx_word' id='word_1_709' title='bbox 266 5481 331 5521; x_wconf 88' lang='lat' dir='ltr'>mox</span> <span class='ocrx_word' id='word_1_710' title='bbox 341 5465 444 5521; x_wconf 84' lang='lat' dir='ltr'>turrim</span> <span class='ocrx_word' id='word_1_711' title='bbox 460 5463 599 5532; x_wconf 91' lang='lat' dir='ltr'>obsident,</span> <span class='ocrx_word' id='word_1_712' title='bbox 611 5478 750 5534; x_wconf 90' lang='lat' dir='ltr'>maneque</span> <span class='ocrx_word' id='word_1_713' title='bbox 763 5461 872 5518; x_wconf 78' lang='lat' dir='ltr'>lecton</span> <span class='ocrx_word' id='word_1_714' title='bbox 912 5467 1003 5518; x_wconf 88' lang='lat' dir='ltr'>terem</span> <span class='ocrx_word' id='word_1_715' title='bbox 1011 5463 1204 5536; x_wconf 89' lang='lat' dir='ltr'>snumpriusa</span> <span class='ocrx_word' id='word_1_716' title='bbox 1215 5462 1552 5537; x_wconf 86' lang='lat' dir='ltr'>mortaliberavit,debinc</span> <span class='ocrx_word' id='word_1_717' title='bbox 1560 5470 1604 5529; x_wconf 88' lang='lat' dir='ltr'>vix</span> <span class='ocrx_word' id='word_1_718' title='bbox 1612 5475 1709 5531; x_wconf 78' lang='lat' dir='ltr'>sedato</span> 
     </span>
    </p>
   </div>
   <div class='ocr_carea' id='block_1_5' title="bbox 115 5568 1595 5770">
    <p class='ocr_par' dir='ltr' id='par_1_5' title="bbox 115 5568 1595 5770">
     <span class='ocr_line' id='line_1_60' title="bbox 115 5568 663 5640; baseline 0 -12"><span class='ocrx_word' id='word_1_719' title='bbox 115 5568 164 5640; x_wconf 79' lang='grc'>(50)</span> <span class='ocrx_word' id='word_1_720' title='bbox 179 5571 266 5629; x_wconf 86' lang='lat' dir='ltr'>Panlo</span> <span class='ocrx_word' id='word_1_721' title='bbox 280 5575 347 5630; x_wconf 87' lang='lat' dir='ltr'>ante</span> <span class='ocrx_word' id='word_1_722' title='bbox 360 5571 532 5630; x_wconf 87' lang='lat' dir='ltr'>destructam</span> <span class='ocrx_word' id='word_1_723' title='bbox 544 5569 663 5630; x_wconf 89' lang='lat' dir='ltr'>dixerat.</span> 
     </span>
     <span class='ocr_line' id='line_1_61' title="bbox 195 5669 1595 5770; baseline 0.002 -36"><span class='ocrx_word' id='word_1_724' title='bbox 195 5669 327 5736; x_wconf 77' lang='lat' dir='ltr'>Parnon.</span> <span class='ocrx_word' id='word_1_725' title='bbox 350 5671 411 5737; x_wconf 81' lang='lat' dir='ltr'>uu.</span> <span class='ocrx_word' id='word_1_726' title='bbox 948 5760 953 5770; x_wconf 90' lang='lat'>.</span> <span class='ocrx_word' id='word_1_727' title='bbox 1137 5755 1140 5763; x_wconf 18' lang='grc' dir='ltr'>ἱ</span> <span class='ocrx_word' id='word_1_728' title='bbox 1196 5751 1200 5760; x_wconf 71' lang='lat'>.</span> <span class='ocrx_word' id='word_1_729' title='bbox 1556 5673 1595 5740; x_wconf 75' lang='lat'>27</span> 
     </span>
    </p>
   </div>
   <div class='ocr_carea' id='block_1_6' title="bbox 0 0 1978 6164">
    <p class='ocr_par' dir='ltr' id='par_1_6' title="bbox 0 0 1978 6164">
     <span class='ocr_line' id='line_1_62' title="bbox 0 0 1978 6164; baseline 0 0"><span class='ocrx_word' id='word_1_730' title='bbox 0 0 1978 6164; x_wconf 95' lang='lat' dir='ltr'> </span> 
     </span>
    </p>
   </div>
  </div>
 </body>
</html>
