3896 6170
91 225 153 284 11⁶⁹
828 241 971 300 nusron.
1652 243 1721 301 ruo

91 353 284 426 aequiorum,
298 359 440 416 semitonii
463 369 557 434 partes
581 372 718 436 apotome
736 367 879 424 dicuntur.
890 368 956 432 Aah
973 369 1004 424 Γ.
1022 369 1052 424 in
1071 369 1108 428 E.
1126 369 1193 443 quia
1212 371 1334 443 regulari
1358 375 1425 426 tono
1448 367 1566 437 orditur,
1582 371 1611 424 et
1627 369 1722 424 minus

434 469 533 526 xxxx
923 459 1045 532 perfecte
1064 459 1093 514 in
1114 461 1262 516 semitonio
1276 461 1454 524 terminatur,
1469 460 1574 514 nullam
1590 458 1663 530 tropi
1681 475 1723 514 εε-

119 555 151 609 lo
165 559 231 623 quot
244 555 360 610 chordas
374 561 503 612 ascendet
517 564 557 616 oet
572 563 715 618 descendat
735 567 848 634 quisque
924 548 988 602 dem
1003 565 1036 602 θ’(
1049 548 1096 602 5¹¹⁸
1116 549 1285 621 ΡθΐῦῑΡῑΰῦῐι
1305 550 1424 620 ide0<lue
1444 549 1569 620 legitima
1591 563 1647 602 ”⁰¹¹
1668 553 1721 603 0⁸²·

411 633 563 698 troporum.
925 636 1054 692 Secunda
1063 644 1112 692 eta
1118 639 1245 708 gegulari
1256 643 1324 693 tono
1333 638 1465 710 incipitet
1476 637 1504 692 in
1513 636 1635 708 regulari
1644 641 1722 702 tono,

118 713 241 777 Quilibet
254 715 543 790 autenticustropusa
552 723 629 776 linali
642 740 693 780 suo
705 725 734 778 in
745 724 881 782 decimam
924 725 952 780 id
967 731 1010 781 est
1023 743 1099 780 mese
1113 727 1220 792 linitur,
1236 727 1356 798 ideoque
1371 725 1545 781 nobilissima
1557 733 1586 780 ει
1600 725 1723 796 perlecta

87 803 214 858 chordam
224 803 353 875 licenter,
361 812 452 862 etnon
462 809 590 878 ulterius,
602 817 704 883 praeter
713 815 880 884 tetrardum,
923 819 976 879 est,
996 815 1068 869 etin
1088 815 1169 871 initio
1188 816 1248 887 ejus
1264 822 1293 871 et
1309 817 1364 870 line
1383 815 1457 887 tropi
1471 814 1551 886 quasi
1563 814 1592 870 in
1605 815 1722 887 quibus·

87 891 128 963 qui
140 891 253 948 nonnisi
274 893 305 952 iu
321 910 428 952 nonum
445 898 633 971 phthongum,
650 903 792 972 ascendit;
808 904 882 959 intra
922 905 988 959 dam
1007 904 1121 959 sedibus
1147 905 1337 976 requiescunt.
1360 904 1457 960 Tertia
1475 920 1492 958 a
1512 903 1635 974 regulari
1653 913 1720 960 tono

88 980 193 1036 finalem
207 998 274 1037 vero
297 989 430 1040 autentus
451 987 569 1060 quisque
584 989 613 1044 in
628 991 750 1046 ricinum
765 993 809 1048 vel
823 997 882 1049 ter·
921 993 1046 1065 quidem,
1057 993 1087 1048 id
1105 994 1188 1050 estin
1203 994 1237 1049 G.
1253 993 1361 1066 incipit,
1377 993 1426 1048 sed
1441 993 1536 1048 minus
1548 992 1676 1064 perlecta
1690 993 1720 1048 in

87 1069 159 1136 bum,
172 1086 329 1144 numquam
338 1072 369 1128 in
378 1081 521 1145 quartum,
533 1077 686 1146 descendit,
699 1082 752 1136 nisi
761 1083 797 1137 sit
803 1100 879 1138 com·
920 1083 1079 1149 semitonio,
1093 1083 1123 1137 id
1136 1089 1178 1139 est
1191 1083 1221 1145 io
1235 1100 1260 1138 e.
1277 1083 1390 1148 desinit,
1406 1083 1526 1154 ideoque
1539 1081 1666 1153 legitima
1678 1087 1722 1138 εει

87 1159 293 1228 mouiscautus,
306 1163 355 1234 qui
365 1169 409 1219 εει
421 1169 519 1237 tropus
531 1167 701 1224 indifferens.
714 1171 806 1242 Plagae
815 1188 880 1227 vero
921 1171 950 1225 in
965 1171 1045 1226 initio
1060 1188 1119 1237 suo,
1136 1171 1200 1228 smis
1214 1189 1278 1226 vero
1293 1189 1349 1228 non
1360 1171 1503 1244 recipitur.
1521 1171 1629 1236 Quarta
1642 1188 1659 1226 a
1672 1188 1719 1227 re-

88 1249 192 1306 atinali
205 1251 281 1306 ultra
295 1251 425 1324 diapente
439 1255 671 1324 incestituram
684 1261 881 1333 veroineepti·
919 1261 1014 1331 gulari
1028 1267 1106 1326 tono,
1123 1261 1151 1315 id
1164 1267 1207 1316 est
1216 1261 1245 1316 in
1260 1278 1284 1316 c.
1299 1261 1435 1333 incipiens
1446 1261 1510 1316 ideo
1520 1277 1576 1315 non
1595 1259 1719 1332 perlecta

86 1353 152 1392 mam
166 1354 264 1394 rocem
274 1342 429 1413 scandunt,
446 1344 519 1400 intra
532 1347 647 1402 finalem
662 1353 757 1404 autem
772 1350 808 1405 ad
821 1351 880 1406 dia·
921 1353 974 1414 εει,
991 1350 1057 1421 quia
1072 1350 1241 1406 terminatur
1252 1350 1282 1404 in
1297 1349 1320 1421 ξ,
1331 1352 1380 1406 sed
1396 1351 1463 1422 quia
1476 1366 1678 1422 synemmenon
1688 1350 1719 1404 in

85 1431 204 1484 tessarou
221 1445 294 1504 seps
309 1435 408 1488 tonum
424 1441 579 1492 assumunt.
920 1438 1110 1494 monochordo
1124 1439 1205 1494 sedes
1217 1445 1361 1511 troporum
1370 1455 1492 1494 essenon
1499 1438 1613 1510 poterit,
1621 1439 1721 1510 quinta

419 1523 532 1580 XXVII.
920 1525 950 1582 in
964 1527 1057 1582 medio
1068 1527 1160 1600 posita
1175 1535 1291 1600 propter
1310 1528 1403 1584 minus
1418 1528 1547 1599 regulare
1562 1543 1719 1599 synemme-

168 1681 172 1688 1
219 1610 305 1680 Cujus
321 1614 394 1681 tropi
407 1617 465 1668 sint
479 1616 604 1682 quelibet
618 1617 733 1672 elwrde.
918 1633 974 1672 non
989 1617 1101 1688 penitus
1125 1633 1182 1672 non
1204 1617 1348 1688 recipitur.
1360 1617 1445 1672 Vides
1466 1617 1561 1688 igitur,
1577 1616 1719 1687 legitimas

113 1697 293 1768 Singulorum
319 1702 561 1758 tetrachordorum
587 1705 685 1774 primae
708 1706 877 1779 principales
884 1726 908 1786 B
918 1711 1064 1778 troporum
1078 1706 1159 1761 sedes
1172 1707 1203 1761 in
1216 1706 1272 1762 illis
1286 1707 1354 1762 locis
1368 1722 1440 1772 esse,
1455 1707 1485 1760 in
1499 1705 1718 1778 quibusdictum

83 1785 185 1842 chordae
195 1795 263 1843 sunt
278 1790 351 1860 proti
361 1796 389 1845 et
399 1792 459 1860 ejus
472 1793 570 1864 plagae,
587 1793 694 1850 scilicet
705 1797 738 1850 Α.
755 1796 787 1850 Ι).
803 1813 829 1850 a.
845 1797 874 1852 d.
916 1800 968 1850 est.

84 1875 184 1930 deuteri
199 1878 329 1934 secunda
351 1879 383 1934 B.
412 1880 440 1936 E.
457 1881 470 1954 ι
486 1898 511 1936 ε.
532 1882 592 1938 triti
613 1884 703 1938 tertiae
719 1885 749 1939 C.
766 1883 798 1938 F.
815 1902 837 1939 c.
852 1886 873 1940 s.
1267 1885 1367 1940 XXIX·

82 1965 191 2019 “¹¹⁸³de
202 1971 323 2068 quarte,
336 1968 371 2023 D·
387 1968 421 2024 G·
436 1969 465 2023 d·
485 1986 513 2040 8·
531 1969 648 2041 quilibet
662 1972 750 2043 igliur
762 1973 875 2029 5¹¹⁰s¹¹¹¹¹
916 1993 951 2046 lo
960 1992 1060 2060 quitur
1071 1991 1479 2060 tetrachordisunr'uscujusque
1489 1993 1564 2060 tropi
1570 1992 1719 2060 principo-

81 2069 158 2108 uuam
172 2053 260 2110 habet
278 2073 309 2110 m
327 2057 469 2128 gravibus,
483 2076 569 2114 unam
581 2059 610 2115 in
626 2061 773 2132 tlnalibus;
789 2079 876 2118 unam
1167 2064 1203 2116 tes
1217 2063 1323 2116 chorda
1335 2067 1467 2117 constent.

81 2141 319 2215 insuperioribus,
336 2163 421 2202 unam
435 2147 464 2202 in
481 2149 689 2210 excellentibus.
954 2151 1049 2206 Prima
1063 2150 1226 2223 principalis
1246 2150 1352 2205 chorda
1377 2156 1420 2206 est
1442 2151 1473 2206 ln
1497 2149 1623 2222 quolibet
1636 2153 1718 2222 tropo

110 2231 203 2288 Primo
228 2234 296 2305 quia
323 2239 470 2308 troporum
498 2239 693 2312 unusquisque
720 2241 876 2296 secundum
917 2240 1056 2306 finalium,
1074 2240 1198 2297 secunda
1211 2240 1399 2312 superiomm,
1414 2239 1499 2296 tertia
1512 2239 1717 2306 excellentium,

81 2325 181 2376 naturae
203 2339 263 2380 sure
286 2325 488 2396 proprietatem
501 2326 533 2382 in
546 2328 747 2400 principalibus
764 2330 876 2386 chordis
918 2334 1020 2400 quarta
1043 2330 1182 2401 gravium,
1205 2333 1307 2400 utputa
1330 2329 1403 2401 proti
1426 2330 1460 2384 l).
1483 2328 1511 2388 d.
1528 2334 1556 2384 ει
1570 2333 1720 2401 pmpterea

78 2411 131 2466 sois
143 2412 293 2484 equaliter
305 2413 462 2470 intenditur
477 2421 506 2471 et
519 2417 683 2486 remittitur,
694 2423 727 2473 ut
739 2419 769 2474 in
783 2425 876 2491 proto,
916 2418 1083 2489 gravissima
1108 2425 1152 2474 est
1175 2418 1285 2486 ultima,
1307 2419 1374 2490 quia
1395 2418 1554 2474 auteatIcus
1575 2418 1655 2489 prius
1668 2434 1720 2490 per

79 2515 171 2556 omues
185 2501 295 2573 primae,
314 2502 341 2558 id
357 2509 401 2559 εει
413 2506 447 2560 Α.
462 2506 496 2560 l).
511 2522 537 2560 a.
554 2506 580 2562 d.
597 2511 665 2562 tono
680 2508 873 2575 remittuntur,
917 2509 968 2562 hos
980 2507 1099 2562 chordas
1113 2507 1199 2562 debet
1211 2507 1347 2574 construi,
1362 2523 1448 2580 quam
1462 2508 1546 2579 plaga
1560 2508 1639 2578 ejus3
1657 2523 1719 2578 quae

77 2594 102 2642 et
124 2590 219 2660 prima
246 2591 339 2663 specle
366 2593 498 2666 diapente
516 2595 711 2652 intenduntur.
739 2597 876 2652 Similiter
917 2597 990 2652 sicut
1009 2595 1168 2652 autenticus
1189 2611 1312 2663 sursum,
1338 2596 1378 2650 sic
1405 2595 1467 2668 ipsa
1488 2594 1572 2650 debet
1592 2597 1718 2651 construi

77 2678 207 2734 deuterus
221 2681 251 2734 ia
265 2679 397 2738 omnibus
417 2683 619 2756 principalibus
644 2686 703 2740 suis
726 2687 829 2754 nervis,
844 2687 874 2742 id
915 2685 1057 2740 deorsum.
1075 2685 1244 2755 Separemus
1264 2684 1437 2739 autenticum
1462 2690 1577 2756 protum
1599 2701 1616 2739 a
1634 2685 1720 2756 plaga

75 2773 112 2822 est
124 2768 154 2822 in
169 2769 303 2824 secundis
317 2771 424 2826 scilicet
437 2773 469 2829 B.
486 2774 517 2828 ll.
534 2775 583 2846 ιε.
600 2774 696 2830 ditono
712 2775 871 2846 deponitur,
915 2791 967 2829 sua
982 2792 988 2827 :
1004 2773 1049 2828 hic
1066 2773 1168 2845 incipit
1184 2773 1213 2828 in
1232 2772 1266 2828 D.
1281 2777 1311 2828 et
1322 2771 1466 2828 linitur'in
1481 2773 1509 2828 d.
1526 2777 1555 2828 et
1568 2772 1654 2828 habet
1667 2773 1719 2828 has

75 2863 99 2911 et
110 2858 238 2913 secunda
251 2859 426 2916 diatessaron
441 2863 534 2934 specie
555 2863 719 2919 intenditur.
737 2865 831 2920 Tritus
843 2865 873 2920 in
914 2863 1082 2935 principales
1096 2868 1153 2917 tres
1167 2862 1285 2917 chordas
1300 2863 1367 2918 Da.
1379 2862 1406 2917 d.
1421 2879 1533 2918 sursum
1547 2861 1718 2934 :subjugalis

73 2945 202 3002 omuibus
222 2948 326 3011 tertiis,
340 2949 368 3003 id
384 2955 427 3004 εει
439 2950 469 3005 in
484 2951 515 3006 O.
527 2951 557 3006 F.
568 2969 590 3006 c.
603 2952 623 3007 s.
635 2951 732 3007 ditono
748 2953 872 3008 intendi·
912 2969 979 3007 vero
991 2951 1127 3024 incipiens
1147 2951 1177 3006 in
1192 2953 1225 3006 Α.
1241 2955 1270 3006 ει
1284 2951 1385 3006 finiens
1403 2951 1434 3006 in
1456 2967 1481 3006 a.
1506 2950 1592 3007 habet
1609 2955 1637 3006 et
1655 2951 1718 3023 ipsa

73 3041 123 3102 tur,
138 3041 167 3092 et
186 3037 271 3092 tertia
285 3038 377 3110 specie
388 3039 564 3096 diatessaron
580 3041 740 3114 deponitur.
758 3042 902 3108 'l'etrar-t]
914 3043 966 3096 has
976 3046 1034 3096 tres
1048 3057 1076 3096 a.
1093 3041 1124 3096 B.
1137 3042 1172 3096 A.
1189 3041 1333 3106 deorsum,
1354 3056 1418 3112 quae
1441 3040 1526 3096 simul
1548 3042 1654 3112 juncte
1668 3057 1716 3096 εει

72 3124 158 3181 dosia
171 3126 308 3182 omnibus
322 3129 439 3199 quartis,
454 3129 482 3184 id
502 3135 545 3184 est
566 3130 596 3186 iu
608 3131 641 3185 l).
663 3131 697 3186 G.
715 3131 742 3186 d.
758 3149 786 3203 g.
804 3137 871 3187 tono
912 3130 996 3186 liunt.
1013 3129 1150 3186 Similiter
1167 3129 1202 3184 de
1216 3129 1324 3184 caeteris
1338 3129 1434 3184 facias

70 3213 234 3283 intenditur,
257 3221 287 3271 et
309 3223 409 3288 quarta
436 3216 568 3290 diapente
591 3220 683 3292 specie
710 3220 869 3292 deponitur.
1271 3237 1357 3292 χχχ,

71 3303 281 3378 seeundo‘1¹¹0d
292 3306 321 3360 In
333 3306 659 3380 ⁸1¹¹S¹¹¹0f⁰fflif⁰l³⁰fflffi
670 3309 871 3382 Psimsslffissssi·
914 3325 981 3393 Ouot
994 3326 1101 3380 charde
1114 3341 1272 3380 communes
1289 3329 1346 3380 sint
1364 3328 1513 3380 autenticis
1527 3330 1553 3380 et
1565 3325 1668 3396 plopr's,
1689 3331 1715 3381 ct

69 3395 120 3463 pali
131 3395 320 3464 gravissimus
329 3395 488 3464 descensos,
498 3396 528 3452 in
538 3398 662 3453 secunda
672 3399 798 3455 melodiae
812 3401 870 3454 exi·
1209 3413 1268 3466 que
1283 3399 1412 3466 proprie.

69 3487 119 3550 tus,
134 3485 165 3540 in
181 3484 271 3539 tertia
286 3484 454 3556 principium
477 3485 710 3545 differentiarum.
726 3489 755 3543 in
769 3495 871 3560 quarta
946 3486 1088 3542 Autentici
1110 3486 1180 3542 duas
1205 3502 1370 3542 communes
1388 3501 1452 3541 cum
1476 3484 1670 3556 subjugalibus
1683 3487 1714 3543 in

67 3588 193 3630 summus
208 3589 355 3628 ascensus.
371 3575 466 3630 Tertio
481 3575 555 3647 quod
579 3575 609 3630 in
633 3576 738 3632 eisdem
757 3577 869 3633 chordis
910 3575 1051 3643 ssnalibus,
1078 3580 1107 3630 et
1134 3575 1164 3630 iu
1191 3574 1383 3646 superioribus
1407 3574 1576 3646 principales
1594 3575 1714 3632 chordas

67 3667 212 3733 troporum
244 3677 354 3719 neumae
379 3663 592 3735 distinguuntur
614 3670 643 3720 et
664 3666 867 3737 producuntur.
910 3664 1024 3726 habent.
1036 3671 1066 3720 et
1078 3664 1222 3736 propriam
1237 3681 1322 3719 unam
1341 3664 1370 3717 in
1385 3662 1585 3719 excellentibus
1601 3682 1607 3718 :
1622 3663 1713 3736 plagae

65 3749 169 3813 Quarto
179 3752 260 3824 quod
268 3752 397 3808 secundm
412 3761 441 3808 et
460 3759 566 3825 quarte
575 3754 745 3826 principales
759 3756 870 3812 chordae
912 3770 977 3808 vero
991 3747 1079 3809 unam
1095 3753 1200 3809 habent
1212 3753 1355 3824 propriam
1379 3753 1409 3808 in
1431 3751 1572 3824 gravibus,
1593 3758 1622 3807 et
1642 3753 1713 3810 duas

65 3841 240 3898 concludunt
252 3843 420 3910 autenticos,
429 3843 527 3914 primae
541 3859 606 3898 vero
621 3849 651 3898 et
662 3844 752 3900 tertia
766 3846 869 3917 subiu-
909 3842 1008 3898 itidem
1018 3859 1182 3898 communes
1196 3859 1260 3897 cum
1279 3841 1429 3898 autenticis
1451 3844 1521 3910 suis,
1534 3844 1565 3899 in
1579 3843 1712 3900 finalibus

64 3929 148 3998 galee.
909 3931 1039 3986 videlicet
1052 3937 1081 3986 et
1095 3931 1126 3986 in
1140 3929 1342 4002 superioribus,
1358 3930 1431 3986 sicut
1445 3937 1543 4004 protus
1561 3932 1626 3987 aD.
1642 3932 1672 3986 in
1682 3931 1710 3987 d.

405 4020 531 4078 XXVIII.
909 4020 1099 4075 conscendens
1113 4020 1235 4091 primam
1258 4027 1287 4074 et
1301 4019 1422 4074 mediam
1445 4019 1531 4074 habet
1547 4035 1711 4076 communes

88 4172 98 4184 ,
300 4109 337 4166 llo
351 4111 459 4166 sedibus
482 4115 636 4180 troporum.
909 4125 973 4164 cum
988 4109 1083 4180 plaga,
1098 4109 1212 4164 tertiam
1229 4107 1316 4163 habet
1325 4108 1478 4180 propriam.
1494 4109 1582 4180 Plaga
1595 4123 1661 4163 vero
1674 4108 1711 4164 ab

94 4199 184 4256 Sedes
209 4199 257 4254 rel
279 4204 360 4254 metae
377 4205 524 4270 troporum
538 4206 610 4267 octo,
625 4199 759 4272 legitime
771 4207 865 4257 autem
908 4199 941 4252 A.
961 4197 990 4251 in
1001 4214 1026 4252 a.
1038 4197 1157 4252 tendens
1177 4198 1298 4267 primam
1308 4197 1341 4250 Α.
1354 4195 1440 4251 habet
1450 4197 1711 4268 propriam,secun-

61 4290 171 4344 nonnisi
185 4291 219 4346 in
235 4295 359 4360 quatuor
372 4289 680 4358 locisessenoscontur,
693 4291 721 4345 id
734 4296 777 4346 εει
790 4291 820 4346 in
832 4292 863 4347 C.
873 4327 898 4385 D
908 4285 973 4340 dam
988 4286 1055 4341 Det
1067 4286 1179 4341 tertiam
1191 4303 1218 4340 a.
1228 4301 1291 4340 cum
1306 4285 1449 4340 autentico
1464 4284 1710 4340 communeellinc

58 4377 84 4430 iu
96 4380 129 4432 G.
148 4379 180 4433 in
197 4396 226 4434 a.
254 4379 284 4434 in
304 4397 328 4434 c.
344 4379 498 4434 Videamus
517 4379 614 4450 igitur,
636 4384 705 4451 quot
722 4385 803 4435 meta
823 4382 865 4435 vel
907 4381 959 4440 est,
974 4375 1048 4446 quod
1063 4374 1193 4446 superius
1207 4374 1312 4429 dictum
1328 4379 1381 4438 est,
1402 4374 1470 4444 quia
1490 4389 1553 4445 quse
1567 4373 1708 4445 simplices

57 4465 210 4523 intervalla
225 4473 366 4524 metarum
382 4469 411 4522 in
426 4469 614 4524 monochordo
628 4469 689 4524 lieri
704 4470 821 4540 possint.
837 4474 866 4524 et
906 4470 982 4531 sunt,
1007 4465 1164 4536 simplicem
1185 4469 1298 4536 tropum
1317 4469 1347 4517 et
1360 4462 1475 4517 modum
1498 4479 1596 4518 vocum
1617 4464 1709 4534 perci-

55 4571 102 4610 cur
115 4559 147 4611 in
163 4555 297 4629 praesatis
310 4555 378 4610 locis
393 4555 483 4626 magis
505 4555 637 4626 legitimos
649 4573 711 4612 esse
724 4557 863 4624 dicantur,
906 4555 997 4626 piunt,
1020 4571 1082 4626 quaa
1102 4554 1194 4625 dupla
1214 4553 1370 4624 duplicem;
1387 4551 1453 4622 quia
1467 4551 1529 4607 dua
1543 4551 1642 4608 media
1657 4569 1709 4609 au·

55 4660 138 4714 quarn
155 4646 189 4700 in
207 4644 283 4712 aliis,
294 4644 619 4716 sicutsuperiusdictum
637 4651 687 4700 est.
706 4645 866 4700 Secundum
907 4644 1042 4698 tenticum
1054 4648 1082 4698 et
1095 4642 1206 4714 plagam
1220 4641 1408 4696 communiter
1421 4641 1600 4708 concludunt,
1618 4642 1709 4713 prima

54 4734 313 4790 melodiaemodum
323 4734 367 4788 vel
375 4733 582 4789 institutionem
593 4739 739 4805 troporum
747 4741 868 4806 quotuor
908 4748 973 4787 vero
996 4733 1030 4786 Α.
1055 4731 1211 4802 simplicem
1232 4731 1355 4802 plagam,
1378 4735 1480 4802 quarta
1500 4747 1527 4788 a.
1551 4731 1707 4805 simplicem

53 4824 243 4880 tetrachorda
262 4823 293 4878 iu
315 4823 505 4878 monochordo
519 4825 680 4890 firmantur,
694 4823 724 4878 id
740 4829 784 4878 εει
798 4841 864 4895 gra·
909 4822 1082 4877 autenticum
1095 4820 1274 4876 determinat.

51 4913 127 4969 rium
139 4916 179 4970 A.
198 4912 233 4968 Β.
250 4913 283 4968 C.
298 4913 330 4967 ll.
343 4913 470 4967 finalium
485 4911 522 4970 l).
542 4913 574 4968 E.
590 4913 621 4966 F.
638 4913 671 4970 G.
686 4911 864 4984 superiorum
1253 4909 1352 4964 XXXI.

52 5017 76 5054 a.
91 5001 119 5058 b.
134 5020 163 5058 c.
181 5003 214 5057 d.
234 5001 429 5058 excellentium
444 5001 472 5055 d.
487 5017 512 5056 a.
526 5000 547 5060 s.
561 5017 589 5072 g.
606 5002 797 5072 cujuscunque
812 5001 864 5056 ho·
941 5001 1119 5069 Quacltorda
1134 5003 1295 5062 autenticos,
1312 5013 1372 5068 que
1381 4999 1498 5069 plepem
1512 5000 1670 5054 includant.

52 5109 112 5147 rum
126 5090 385 5147 tetrachordorum
398 5095 497 5145 tonum
512 5105 544 5144 ex
559 5094 679 5162 utraque
691 5097 771 5162 parte
783 5091 865 5146 addi·
942 5089 1070 5145 Secunda
1092 5088 1179 5160 igitur
1200 5094 1229 5143 et
1251 5093 1354 5160 quarta
1374 5087 1572 5159 principalium
1586 5086 1705 5142 chorda-

52 5180 135 5246 deris,
151 5181 255 5236 oritur
274 5179 324 5234 tibi
349 5180 445 5250 aliqua
465 5185 541 5234 meta
564 5185 720 5250 troporum,
737 5184 833 5250 utpote
844 5197 867 5234 a
907 5195 970 5236 rum
983 5178 1154 5234 concludunt
1167 5177 1352 5243 autenticum,
1367 5176 1508 5246 tertiaque
1527 5175 1620 5228 media
1641 5179 1706 5246 est;

52 5271 193 5340 gravibus
220 5269 314 5340 prima
339 5275 414 5324 meta
437 5273 509 5323 esta
524 5269 555 5324 Γ.
577 5267 606 5322 ia
627 5269 667 5334 E;
693 5285 711 5324 a
735 5269 866 5324 frnalibus
906 5269 1008 5340 prima,
1033 5277 1062 5322 et
1084 5267 1167 5322 tertia
1188 5267 1312 5338 plagam.
1334 5269 1363 5319 et
1383 5263 1506 5318 secunda
1528 5261 1622 5317 naedia
1645 5269 1704 5332 est,

53 5361 180 5416 §munda
197 5375 219 5413 a
233 5359 264 5416 C.
281 5357 311 5412 in
325 5374 382 5412 a:a
396 5357 589 5429 superioribus
603 5358 686 5412 tertie
701 5375 718 5413 a
731 5360 765 5415 G.
782 5359 812 5414 in
827 5375 861 5413 e:
907 5363 1005 5429 utpote
1028 5362 1142 5428 protum
1164 5358 1197 5413 D.
1219 5361 1248 5410 et
1266 5354 1294 5408 d.
1316 5352 1494 5416 concludunt,
1515 5351 1597 5421 cujus
1612 5351 1707 5408 media
1734 5371 1738 5378 ·

53 5447 86 5504 ab
95 5444 310 5504 excellentibus
328 5449 489 5517 quartaac.
500 5444 529 5500 in
545 5446 566 5518 ξ.
581 5449 677 5519 quinta
686 5467 737 5521 per
751 5465 865 5523 synem·
906 5445 1048 5502 distinctio
1066 5451 1109 5501 εει
1133 5462 1160 5500 a.
1175 5445 1288 5518 plagam
1309 5442 1371 5512 ejus
1390 5443 1425 5495 n.
1442 5445 1470 5494 et
1483 5455 1509 5493 a.
1524 5439 1706 5511 concludunt,

53 5554 157 5594 menon
170 5534 259 5594 nasci
271 5535 376 5608 poterit
394 5533 430 5590 ab
445 5535 477 5590 F.
492 5535 522 5590 in
536 5535 564 5592 d.
579 5535 675 5592 Prima
688 5537 777 5616 igitur
790 5541 867 5594 meta
906 5535 1001 5592 media
1014 5540 1056 5590 est
1065 5536 1099 5590 l).
