3970 6172
126 209 199 273 1369
729 213 905 271 EPISTOLA
922 212 971 267 AD
991 210 1167 268 FRATRES.
1693 198 1764 262 1370

123 344 208 413 juxta
214 339 396 396 tabernacula
404 341 548 408 pastorum
558 337 654 392 boedos
665 339 763 408 pascit,
771 339 836 410 quia
851 338 960 410 quis-A
1089 335 1252 400 altercante
1266 348 1366 398 aurea,
1382 347 1461 385 sarra
1475 329 1645 398 Scriptura.)

128 431 194 502 quis
208 427 408 484 obsistentibus
422 426 607 480 tentationem
620 425 721 496 gladiis
744 427 928 481 viriliternon
1005 420 1388 478 tu.Vers.10..uurcccics
1417 435 1517 472 atcrcos
1540 419 1674 484 samaritas
1704 416 1765 479 tibi,

128 519 247 585 resistit,
258 516 419 571 immundas
433 515 626 585 cogitationes,
644 515 724 586 quasi
740 516 837 569 hoedos
851 514 929 569 lasci·
969 513 1166 564 ucrnitcutatas
1174 515 1296 578 cruento.
1309 509 1436 562 Murena*
1441 506 1525 578 piscis
1540 510 1591 571 est,
1608 505 1656 576 qui
1667 509 1766 574 captus

126 625 186 673 ecs,
211 607 241 661 in
256 606 338 660 corde
361 603 463 670 nutrit,
488 611 517 656 et
540 603 662 657 eflicitur
680 603 705 656 ei
725 603 824 656 similis
843 603 928 657 etiam
970 599 1090 654 sertitse
1098 599 1127 652 iu
1141 598 1286 663 circulum,
1300 598 1334 651 ud
1346 598 1426 666 cujus
1437 595 1580 666 exemplar
1592 595 1624 648 tlt
1646 592 1763 657 inauris,

131 696 179 768 qui
195 695 277 750 alide
289 691 402 748 recedit.
419 693 522 746 Anima
545 709 610 746 vero
630 707 692 762 quae
714 707 817 762 sponsa
837 691 930 746 Chris·
971 704 1033 758 qua
1048 685 1319 751 inurenuladicitur,
1344 701 1400 756 qua
1414 684 1579 754 designatur
1596 681 1767 753 pradicatio,

130 785 168 838 sti
188 783 260 838 ellici
280 780 460 852 concupiscit,
483 781 603 852 qualiter
621 796 650 834 se
669 779 780 845 habeat,
802 778 929 833 Christus
972 793 1032 847 quaa
1048 775 1203 830 inauribus
1220 775 1346 843 innaret,
1361 769 1765 844 etcaspenetrat.Murenulis,

128 889 192 927 eam
208 872 298 938 dccet,
312 886 375 924 curn
391 868 417 923 ei
432 886 483 942 per
493 869 731 940 comparationem
744 869 873 940 protinus
887 867 930 922 di·
972 865 1089 920 monilia
1103 865 1174 919 collo
1184 864 1316 934 ligantur,
1334 862 1401 934 quia
1411 868 1440 916 et
1449 861 1585 934 sapientia
1599 865 1628 914 et
1641 858 1769 929 religioe

128 961 185 1016 cit:
972 953 1123 1026 Scripturis
1138 953 1253 1013 sanctis,
1275 951 1504 1023 predicatoribus
1520 949 1694 1020 adjungitur.
1712 948 1766 1001 Per

193 1051 353 1120 (Equitutus
369 1050 549 1109 israeliticus,
562 1049 659 1101 multis
675 1047 871 1102 tentationibus
972 1042 1135 1097 murenulas
1147 1042 1222 1096 enim
1238 1041 1383 1112 Scriptura
1398 1045 1493 1094 sancta
1505 1037 1681 1108 intelligitur.
1700 1035 1767 1100 Quae

449 1119 604 1187 limiam-i
972 1131 1043 1186 bene
1057 1148 1150 1185 aureae
1161 1137 1189 1185 et
1198 1136 1330 1200 argenteo
1345 1128 1532 1182 vermiculata
1546 1126 1688 1191 dicuntur,
1703 1123 1768 1196 quia

165 1206 500 1276 mutuaenutuae
513 1223 570 1261 mm
585 1210 616 1260 ¹¹7²
629 1208 760 1260 “limiti
775 1207 931 1260 piminii
973 1225 1002 1274 et
1015 1219 1153 1290 sapientia
1165 1220 1310 1290 Scriptura
1324 1223 1421 1272 sancta
1431 1217 1528 1286 fulget,
1543 1222 1571 1268 et
1582 1230 1683 1268 sonora
1701 1229 1769 1284 prae·

130 1299 290 1352 ‘mimmii
314 1301 346 1359 ιθ)
362 1299 455 1350 “mim
470 1311 539 1349 mia·
570 1295 679 1350 scimus
704 1295 769 1365 ‘luia
789 1294 932 1366 eqniistius
973 1307 1114 1362 dicatione
1141 1323 1192 1378 per
1214 1308 1376 1361 uniuersum
1399 1305 1534 1359 mundum
1550 1303 1672 1357 auditur.
1693 1301 1770 1356 Sicut

129 1385 423 1450 IsmelitiCUtlcssulfflS
439 1383 593 1438 Ph³ffl⁰¹¹i⁵
607 1383 728 1454 fugiflsssi
745 1384 774 1438 in
794 1383 867 1438 masi
885 1383 933 1438 de·
974 1396 1212 1468 enimperaurum
1228 1395 1375 1467 sapientia.
1389 1395 1429 1449 sic
1441 1410 1490 1465 per
1504 1397 1652 1463 argentum
1673 1393 1770 1444 sancta

129 1491 239 1530 mmm
251 1473 375 1544 “induiti
385 1489 435 1526 1¹⁰⁰
444 1477 539 1526 tamen
551 1473 646 1527 Statim
655 1477 760 1526 tellam
781 1472 932 1543 miminis·
973 1485 1132 1558 pradicatio
1143 1485 1361 1539 demonstratur.
1377 1483 1427 1537 llis
1447 1480 1538 1536 verbis
1558 1479 1653 1552 sponsi
1668 1494 1771 1551 sponsa
1881 1523 1888 1530 .

128 1564 216 1618 sionis
224 1561 402 1623 intravitsed
413 1563 492 1633 prius
502 1562 607 1617 multas
617 1562 788 1616 tentationes
799 1561 828 1615 in
838 1577 932 1615 eremo
974 1575 1135 1645 respondet,
1144 1579 1172 1628 uu
1192 1589 1243 1644 peu
1254 1588 1402 1643 uuupuuuus
1415 1587 1509 1625 uuuuuu
1524 1569 1630 1640 specius
1642 1583 1769 1622 umorem

129 1654 321 1726 quadraginta
348 1654 429 1708 annis
450 1654 595 1718 sustinuit,
610 1655 715 1709 multos
742 1671 822 1724 reges
836 1652 1095 1730 muttisssrnumat,
1111 1679 1166 1733 quo
1181 1662 1346 1734 spiritaliter
1356 1660 1531 1722 intasardet,
1548 1658 1643 1712 dicens
1661 1676 1666 1711 :

128 1743 276 1799 laboribus
286 1742 466 1814 expugnavit,
481 1747 510 1797 et
524 1743 564 1797 sio
577 1743 692 1798 tandem
707 1743 741 1797 ad
754 1743 862 1797 beatam
877 1748 934 1796 ter·
1088 1753 1212 1819 (Nuruuu
1224 1767 1335 1818 uuum,
1354 1751 1456 1803 cunum
1470 1743 1650 1816 exemplum.)

129 1833 390 1903 reminescere
414 1847 516 1904 sponse
541 1832 706 1898 delectetur,
723 1831 859 1904 pervenit·
879 1830 932 1887 oui
1008 1839 1140 1898 uruca.
1152 1838 1192 1895 11.
1212 1839 1469 1895 practicarum
1488 1838 1688 1896 cccccccccc,
1705 1847 1772 1888 ccr-

128 1919 329 1987 benedicitur,
345 1920 420 1992 q¹¹⁰d
433 1919 564 1975 subditur
575 1936 582 1976 ἱ
974 1931 1026 1983 dus
1041 1929 1305 1982 coaceruatorum
1320 1942 1412 1980 suum.
1428 1924 1540 1978 Nardus
1555 1929 1597 1977 est
1612 1922 1699 1976 herba
1721 1921 1771 1976 hu·

417 2009 505 2076 (cccc
519 2011 643 2078 spansa.)
974 2016 1059 2082 milis,
1068 2031 1129 2087 quae
1142 2021 1257 2085 gustata
1267 2014 1356 2084 frigus
1370 2011 1492 2084 expellit,
1501 2017 1530 2066 et
1543 2011 1670 2065 ealefacit
1682 2027 1772 2064 mem·

163 2097 212 2154 18·
225 2098 307 2152 Vere·
322 2096 349 2155 9·
375 2098 501 2153 Pulchra
527 2101 593 2151 suni
616 2113 699 2166 uene,
712 2098 783 2150 situi
798 2099 928 2150 turturis·
972 2105 1064 2159 buum.
1081 2103 1247 2158 accubitum
1263 2119 1344 2156 suum
1359 2117 1406 2156 rex
1426 2107 1493 2156 tunc
1508 2100 1633 2167 intravit,
1658 2099 1771 2170 quando

131 2191 239 2245 Tufiffl
257 2194 406 2258 P⁰⁸tll¹¹¹³m
434 2203 531 2258 ΡῑῑΐθῐῐΙ
555 2201 637 2240 suum
658 2184 813 2257 perdiderit
830 2184 929 2250 semel,
973 2194 1109 2249 Dominus
1128 2197 1224 2247 noster
1250 2193 1332 2246 lesus
1355 2189 1485 2245 Christus
1507 2187 1690 2260 corporaliter
1708 2186 1770 2241 coeli

131 2281 280 2348 nunquam
296 2276 377 2330 flltess'
392 2291 422 2330 ὅθ
434 2275 538 2346 iungit.
552 2276 599 2329 sed
615 2291 727 2345 semper
740 2273 867 2328 SOliiffl'ie
880 2273 932 2327 ha·
973 2283 1109 2338 interiora
1122 2280 1288 2353 penetravit.
1305 2279 1366 2344 Quo
1383 2279 1422 2332 ibi
1446 2279 1648 2349 requiescente,
1665 2277 1770 2332 nardus

129 2366 231 2420 bitans
246 2365 274 2419 in
295 2366 404 2435 gemitu
427 2369 597 2435 perseverat,
610 2363 677 2435 qaia
700 2379 785 2434 quern
800 2362 934 2432 diligebat
974 2387 1083 2442 spansa
1098 2357 1213 2424 odorem
1225 2385 1305 2424 suurn
1318 2367 1404 2432 dedit,
1417 2367 1483 2438 quia
1497 2367 1584 2421 virtus
1599 2373 1702 2420 sancte
1723 2364 1772 2419 Ec-

130 2471 189 2510 non
204 2453 360 2516 inveniens.
380 2453 488 2525 quaerit.
506 2453 553 2507 Sic
574 2457 672 2506 sancit
695 2467 812 2522 quaeque
826 2450 930 2514 anima,
974 2459 1075 2523 clesiae,
1083 2474 1194 2512 suavem
1203 2457 1305 2511 laruam
1319 2456 1452 2510 bonitatis
1465 2456 1547 2527 longe
1557 2457 1670 2527 lateque
1689 2471 1771 2525 spar-

132 2545 339 2614 dumasponso
350 2541 685 2610 sueabsensest‚³bejus
708 2555 805 2594 amore
820 2555 876 2594 ¹10ss
886 2555 932 2593 re·
973 2548 1020 2603 sit.
1034 2547 1077 2601 Ad
1090 2547 1173 2601 coelos
1190 2546 1265 2600 enirn
1286 2545 1422 2599 Dominus
1440 2544 1575 2609 ascendit,
1593 2550 1621 2599 et
1636 2543 1773 2614 Spiritum

129 2633 216 2699 cedit,
229 2633 278 2686 sed
291 2631 321 2685 in
336 2633 397 2701 eius
412 2629 582 2684 desiderium
597 2646 710 2700 semper
717 2629 831 2683 anhelat
841 2632 869 2682 et
881 2645 932 2697 ge·
973 2641 1101 2690 sanctum
1118 2652 1199 2689 suurn
1215 2650 1299 2706 super
1311 2634 1463 2704 discipulos
1486 2633 1572 2696 misit,
1593 2649 1648 2704 quo
1663 2631 1773 2702 impleti

131 2723 194 2776 snit.
212 2721 248 2775 Et
262 2721 329 2774 dum
344 2720 424 2774 illum
440 2733 524 2790 quem
535 2718 615 2773 valde
624 2717 725 2788 diligit,
742 2733 798 2771 non
812 2717 928 2782 invenit,
971 2720 1055 2776 verba
1078 2722 1177 2776 salutis
1200 2720 1304 2775 mundo
1325 2719 1521 2791 predicarent,
1541 2724 1569 2774 et
1601 2736 1651 2790 per
1675 2721 1773 2772 sancta

133 2811 202 2882 quia
212 2808 249 2863 ab
258 2808 336 2864 omni
343 2808 537 2863 alicnoamore
550 2823 582 2861 se
596 2807 725 2873 retrahit,
742 2805 822 2878 quasi
837 2806 866 2859 in
880 2821 930 2876 ge·
973 2827 1058 2882 opum
1070 2810 1133 2865 boui
1157 2810 1251 2865 odoris
1272 2808 1376 2864 fumum
1395 2807 1612 2880 circumquaque
1627 2806 1768 2861 diffunde.

132 2897 416 2954 narumverecundia
428 2897 585 2952 metitatem
599 2896 702 2963 cordis,
717 2894 778 2967 ipso
792 2893 892 2948 babitu
905 2898 934 2948 et
973 2904 1046 2954 reus.
1058 2900 1139 2954 Hunc
1154 2899 1257 2970 quippe.
1272 2897 1301 2952 in
1324 2897 1462 2968 baptismo
1487 2913 1664 2969 unaquaeque
1682 2895 1773 2950 tidelis

131 2995 197 3042 aaa
212 2986 345 3041 exteriori
355 2986 487 3041 ostendit.
500 2985 635 3057 Sequitur
650 3003 656 3039 :
974 2989 1069 3043 anima
1083 2987 1192 3058 recipit.
1210 2992 1243 3042 ut
1257 3003 1307 3058 per
1328 3003 1393 3040 eum
1417 2986 1470 3041 sibi
1498 3004 1530 3040 ex
1553 2986 1688 3040 virtutum
1703 3001 1772 3039 con·

301 3076 419 3143 (Gallum
428 3089 540 3142 sponsa,
549 3075 765 3144 predicatores.)
974 3077 1095 3132 lechone
1108 3083 1253 3148 unguenta
1264 3082 1422 3147 componat,
1438 3081 1466 3130 et
1489 3075 1630 3147 proximos
1653 3072 1771 3145 exempli

167 3163 325 3222 19.Celluru
336 3169 416 3218 tucca
426 3168 498 3217 sicut
508 3162 803 3217 monitumnonitum
815 3177 933 3233 sponsae,
976 3165 1158 3233 exhibitione,
1180 3164 1261 3237 quasi
1274 3163 1412 3235 unguenti
1438 3165 1523 3219 odore
1539 3163 1656 3218 reliciat.
1673 3161 1773 3233 Sequi·

128 3253 333 3326 predicatores
355 3256 459 3306 sancta
470 3251 597 3306 Ecclesiae
612 3251 808 3321 designantur.
827 3249 936 3304 Monili-
975 3259 1043 3308 tur:

129 3343 185 3398 bus
197 3341 398 3414 predicatores
413 3345 622 3411 comparantur,
643 3339 686 3393 vel
712 3339 779 3411 quia
806 3338 934 3394 Ecclesiae
1099 3343 1269 3415 (Fasciculus
1280 3341 1411 3411 myrrha,
1430 3341 1628 3408 mortificatio.)

127 3439 197 3487 sunt
208 3435 419 3496 ornamentum,
434 3430 478 3483 vel
492 3429 559 3499 quia
575 3427 730 3483 Ecclesiam
741 3427 882 3493 muniunt,
904 3431 936 3481 ut
1010 3430 1059 3487 St.
1078 3431 1157 3485 Vers.
1176 3429 1217 3486 li.
1235 3431 1391 3484 Fasciculus
1406 3429 1529 3497 myrrha
1555 3429 1671 3483 dilectus
1697 3444 1774 3483 meus

127 3529 232 3593 pectas
246 3518 351 3573 monile
367 3517 410 3572 vel
425 3517 675 3583 erotunditate,id
698 3515 933 3588 estperlectione.
976 3521 1058 3580 rnttt,
1076 3520 1246 3574 irctcrubcra
1262 3533 1321 3572 caca
1349 3518 1574 3571 ccrnraorabilar.
1600 3519 1773 3573 Mortuerum

130 3613 165 3666 In
180 3607 346 3674 monilibus,
356 3623 475 3676 gemmae
487 3607 515 3661 in
526 3622 595 3660 aare
606 3610 757 3677 ponuntur.
770 3604 825 3659 Per
835 3620 935 3659 aurum
977 3624 1095 3679 corpora
1109 3605 1338 3680 myrrhaccndiri
1353 3606 1453 3670 solent,
1465 3622 1501 3660 ne
1515 3610 1686 3676 putrescant.
1701 3607 1775 3677 Myr-

128 3699 238 3770 quippe
254 3695 403 3766 sapientia,
413 3711 464 3767 per
478 3695 585 3767 lapides
600 3698 767 3749 ornamenta
777 3694 936 3765 exprimun·
975 3697 1179 3768 rhamquippe,
1191 3703 1244 3750 etc.
1255 3697 1367 3764 lteliqua
1383 3712 1467 3765 tcsquc
1482 3697 1518 3748 cd
1532 3698 1612 3762 fiucm
1630 3696 1776 3750 Garaman-

128 3797 188 3843 tur.
202 3785 313 3841 Collum
325 3800 392 3854 ergo
403 3801 512 3855 sponsae
529 3783 604 3839 sicut
616 3783 734 3838 monilia
747 3782 852 3848 existit,
869 3783 935 3853 quia
977 3788 1047 3840 torti
1061 3787 1140 3839 luctas
1155 3785 1192 3838 ad
1202 3785 1315 3838 uerbum
1331 3788 1369 3837 tm
1389 3785 1563 3853 depositione
1589 3801 1648 3852 qua
1663 3787 1712 3838 sub
1725 3801 1776 3838 uu·

127 3875 253 3949 quilibet
263 3881 357 3928 rectus
368 3872 496 3927 Ecclesia
509 3872 686 3944 praedicator,
698 3878 728 3926 ct
741 3871 879 3942 sapientia
891 3872 936 3925 in·
977 3875 1055 3928 minc
1066 3872 1095 3928 S.
1109 3874 1235 3941 Gregorii
1246 3874 1344 3940 Magni
1367 3875 1442 3926 inter
1466 3877 1523 3941 ejus
1539 3873 1626 3940 Opera
1638 3873 1711 3927 adita
1725 3877 1773 3926 cst.

127 3965 222 4021 tenus
237 3979 269 4016 se
284 3961 385 4024 induit,
397 3967 427 4016 et
442 3977 526 4034 opera
539 3961 661 4018 exterius
685 3965 804 4024 exercet,
825 3977 886 4031 quae
905 3961 936 4015 in
983 3963 1044 4016 Vide
1056 3964 1218 4029 Patrctouta
1229 3967 1293 4015 lam.
1306 3960 1426 4028 LXXIX,
1441 3963 1490 4015 col.
1505 3959 1568 4015 tit.

128 4051 277 4129 sapientie
290 4048 368 4106 vidit.
385 4051 438 4106 Cui
449 4055 478 4104 et
492 4049 584 4104 adbuc
597 4050 699 4104 dicitur
715 4067 721 4102 :

332 4357 765 4470 ROBER'H
803 4352 930 4461 DE
965 4353 1585 4462 ruMBAmmA

775 4533 921 4590 PRIORIS
944 4533 972 4588 S.
993 4530 1141 4587 viculus

196 4695 471 4794 salsiora
514 4695 593 4790 al)
630 4691 944 4790 thh'llCHOS
982 4692 1026 4786 S.
1066 4687 1376 4783 lllCHllllLlS
1412 4687 1487 4780 llll
1525 4686 1720 4780 MONTE

540 4877 583 4936 lle
597 4874 727 4956 quodam
740 4873 881 4935 manacta
900 4871 1054 4953 epileptico
1069 4889 1088 4931 a
1103 4869 1221 4930 leuitate
1235 4885 1384 4929 conuersa.

176 5041 315 5120 (Mearm
345 5035 459 5099 Auual.
475 5034 606 5114 cenea,
624 5037 648 5098 t.
665 5036 702 5108 V,
720 5034 883 5114 append,
899 5052 931 5112 p.
949 5031 1023 5096 tau.
1040 5049 1076 5090 ex
1091 5047 1149 5089 ms.
1167 5026 1237 5090 cod.
1257 5025 1539 5090 olimbibliothecae
1559 5027 1590 5088 S.
1619 5023 1767 5103 Stephani

695 5113 882 5176 Gadomensi
897 5129 979 5172 nunc
995 5109 1237 5184 Ottobonianae.)

876 5232 1028 5248 m

174 5338 324 5396 Fratribus
339 5343 463 5394 montem
477 5338 557 5394 Beati
580 5337 724 5394 Michaelis
739 5335 940 5402 habitantibus,
1019 5332 1188 5389 Benedictus
1203 5331 1278 5386 Deus
1293 5331 1422 5394 Pater,et
1438 5325 1600 5380 benedictus
1613 5324 1662 5379 Dei
1680 5322 1775 5388 Filius,

123 5433 231 5486 frater
246 5429 394 5484 Rueenrus
409 5433 438 5482 et
465 5427 568 5482 tratres
592 5426 685 5482 caeteri
714 5425 789 5480 beati
801 5424 897 5495 Vigori
911 5423 942 5478 ia
983 5428 1153 5493 sanctusque
1163 5420 1310 5490 utriusque
1331 5417 1463 5488 Spiritus,
1478 5414 1570 5468 trinus
1594 5414 1624 5468 in
1653 5412 1780 5485 ejusdem

121 5517 437 5578 nonu-chrismatum
452 5515 613 5572 seruantes.
984 5509 1139 5583 majestatis
1155 5506 1311 5562 substantia
1325 5505 1409 5570 heus,
1423 5501 1470 5573 qui
1478 5502 1518 5557 nil
1532 5501 1591 5557 odit
1605 5517 1703 5556 eorum
1717 5515 1779 5570 quae
