3872 6162
121 301 187 361 ¹0⁴1
635 303 846 368 censemur.
865 306 1041 364 HIRSAUG.
1059 335 1093 350 ·-
1112 309 1180 365 LlB.
1201 309 1237 365 11.
1688 308 1758 370 intr

118 427 225 484 tatibus
243 429 341 497 instat,
357 427 518 499 capellanus
529 429 599 500 ejus,
616 435 768 504 antequam
780 432 857 488 scilia
872 433 1015 495 di-Atale
1030 432 1098 506 quid
1111 431 1253 498 ceciderit,
1269 432 1403 506 queniam
1417 433 1482 490 talis
1496 449 1541 495 res
1563 450 1619 492 nen
1633 436 1694 494 sine
1706 453 1758 510 pe-

117 519 260 586 mittatnr‚
272 517 300 574 in
308 517 449 574 minorem
458 517 576 574 chorum
585 518 708 586 divertit,
721 521 816 593 ibique
828 521 916 578 donec
956 521 1044 577 riculo
1059 526 1153 595 potest
1164 519 1272 592 glutiri,
1287 539 1350 578 eum
1360 539 1474 579 necesse
1485 529 1536 590 est,
1547 525 1612 596 igne
1626 542 1758 584 creman-

116 612 271 663 cenventns
284 607 433 681 pracedat,
446 606 582 676 subsistit,
609 615 638 664 et
661 614 728 664 tunc
743 613 914 683 pastoralem
955 609 1023 666 dum
1047 616 1099 666 est.
1128 611 1288 667 satisfactio
1311 617 1407 667 autem
1434 613 1597 684 hujusmodi
1619 631 1701 672 casus
1725 617 1756 674 in

115 694 315 770 virgamJ'nxta
337 697 485 754 introitum
499 697 694 770 cborijugiter
707 700 829 772 positam
844 701 914 756 acei-
955 698 1071 755 arbitrio
1104 700 1280 772 praesidentis
1298 707 1350 767 est,
1372 718 1427 774 quo
1445 702 1551 758 scilicet
1568 703 1620 773 illi,
1640 705 1685 760 cui
1703 705 1756 762 bec

114 784 164 856 pit,
180 790 211 841 et
225 792 292 842 ante
303 787 437 842 lectorem
464 785 619 860 capitulum
647 787 807 859 ingreditur
827 794 913 862 atque
955 788 1057 857 evenit,
1075 795 1125 844 aut
1135 789 1273 861 judicium
1289 791 1423 862 accipere,
1439 797 1489 846 ant
1502 793 1625 864 psalmos
1644 791 1753 865 jubeat,

114 872 148 927 ad
163 873 293 930 dextram
306 876 403 932 domni
417 874 527 932 abbatis
541 876 630 949 ponit,
643 877 777 951 finitoque
791 879 912 951 capitulo
954 877 1102 933 autetiam
1122 876 1233 950 publica
1257 878 1449 951 eleemosynas
1476 879 1553 948 dare,
1581 880 1624 937 vel
1642 882 1673 937 in
1691 898 1756 939 con-

114 963 178 1020 illuc
190 964 241 1020 ubi
254 965 333 1038 prius
347 971 503 1037 acceperat,
516 966 638 1038 reponit.
954 969 1039 1019 ventu
1053 962 1187 1035 psalmos,
1206 969 1291 1038 prout
1309 961 1363 1020 sibi
1380 964 1500 1033 ridetur,
1515 965 1665 1024 decantare
1680 986 1755 1044 pra·

148 1054 379 1128 Quandocunque
393 1073 425 1111 eo
438 1062 576 1128 praesente
597 1072 700 1112 nemen
722 1059 784 1129 ejus
809 1059 912 1116 fratres
953 1052 1050 1124 cipian-

114 1142 141 1198 in
157 1143 234 1198 brevi
243 1145 356 1200 recitari
371 1145 521 1214 audierint,
536 1162 634 1201 omnes
649 1146 871 1221 quotiescunque
883 1153 911 1204 et
989 1142 1138 1199 Sciendum
1151 1147 1246 1199 nutum
1260 1143 1327 1213 quin
1341 1143 1564 1217 quandocunque
1577 1145 1661 1202 alicui
1672 1146 1754 1205 fratri

113 1231 171 1304 ipse
183 1233 330 1291 inclinant.
344 1235 437 1290 Finito
455 1251 595 1304 sermone,
622 1236 646 1291 si
661 1237 727 1291 talis
740 1253 868 1293 excessus
882 1239 910 1295 in
952 1231 1047 1303 ulique
1061 1231 1095 1288 de
1110 1232 1172 1288 istis
1187 1233 1367 1306 negligentiis
1374 1239 1438 1305 post
1450 1235 1606 1306 capitulum
1617 1237 1755 1310 contingit

113 1323 295 1378 sacramentis
308 1323 361 1378 sibi
375 1323 447 1378 forte
456 1324 567 1390 accidit,
583 1327 594 1348 ⁶
608 1325 721 1396 quando
732 1327 846 1382 missam
863 1345 909 1384 ce.
951 1336 1131 1393 nequaquam
1144 1322 1302 1378 emendatio
1315 1323 1454 1391 differtur,
1463 1323 1512 1380 sed
1525 1322 1620 1380 abbati
1631 1325 1756 1398 sineque

112 1409 237 1479 lebraria,
254 1413 361 1468 scilicet
375 1413 399 1467 si
413 1414 508 1468 vinum
522 1414 583 1468 sine
593 1431 676 1486 aqua,
693 1415 737 1470 vel
751 1432 854 1487 aquam
869 1419 908 1473 si.
950 1426 1095 1483 nunquam
1110 1410 1272 1481 hujusmodi
1288 1428 1333 1468 res
1345 1417 1493 1480 tractetur,
1505 1413 1529 1469 si
1538 1413 1615 1468 estin
1628 1414 1751 1471 clanstro

112 1517 145 1554 nc
158 1500 233 1567 vine,
256 1517 307 1572 pre
328 1500 466 1572 sangnine
490 1501 602 1556 Domini
624 1506 804 1571 consecravit,
825 1507 869 1562 uel
883 1507 906 1562 si
948 1497 1111 1569 intimatur,
1127 1501 1296 1574 m0¹q1¹0fld
1312 1501 1503 1556 ⁰⁰¹¹V⁰⁰³¹1d0⁸
1529 1501 1631 1557 stum
1652 1500 1750 1558 “blllfl

111 1587 220 1656 quidde
241 1589 347 1645 eisdem
362 1591 546 1646 sacramentis
564 1591 674 1660 cecidit,
691 1593 734 1647 vel
757 1593 781 1648 si
804 1611 905 1667 cerpus
946 1590 1112 1660 percutitur.
1128 1591 1354 1661 Quotiescunque
1368 1589 1489 1646 domnus
1502 1589 1589 1646 abbas
1599 1589 1634 1644 ad
1643 1591 1750 1663 capitu·

110 1673 215 1732 Domini
232 1677 276 1733 bis
289 1679 413 1750 aceepit,
430 1679 483 1734 hoc
509 1679 592 1734 mode
614 1696 697 1752 agere
720 1681 827 1754 incipit,
843 1683 905 1738 Pri.
945 1677 1005 1732 lum
1019 1679 1136 1746 venerit,
1154 1697 1205 1734 nec
1225 1678 1368 1750 abaliquo
1384 1679 1464 1734 venia
1482 1679 1539 1736 illic
1563 1679 1681 1751 petitur,
1695 1697 1748 1736 nec

110 1779 182 1818 mum
195 1766 320 1822 sedendo
335 1767 486 1822 cumomni
500 1767 659 1823 humilitate
674 1785 703 1824 se
718 1777 841 1838 accusat,
858 1790 935 1853 se-13
945 1767 1095 1839 qnisquam
1109 1769 1288 1832 inclamatur,
1299 1767 1388 1825 donec
1400 1770 1423 1824 si
1439 1769 1505 1841 qnid
1519 1770 1568 1825 illa
1581 1770 1639 1825 vice
1657 1771 1748 1827 dictu-

110 1869 159 1922 que
173 1855 338 1912 afratribns
352 1872 436 1929 super
461 1857 514 1912 boc
532 1857 659 1928 adJuvari
687 1861 829 1930 postulat:
847 1879 902 1934 qno
943 1872 992 1912 rus
1008 1862 1059 1925 est,
1081 1858 1194 1914 finierit.
1214 1858 1244 1914 Si
1258 1874 1399 1930 quoquam
1415 1859 1591 1931 profecturus
1604 1859 1747 1929 fuerat,et

109 1943 208 2011 audito,
238 1945 370 2013 ministri,
386 1946 435 2018 qui
449 1946 497 2001 ubi
514 1946 590 2001 idem
618 1963 746 2004 excessus
772 1951 898 2022 contigit,
942 1944 1057 2001 interim
1066 1945 1154 2019 aliqui
1164 1947 1283 2003 fratrum
1294 1952 1456 2002 nonnullum
1470 1945 1609 2014 ubiurunb
1623 1953 1687 2020 puni
1701 1966 1745 2006 uu·

109 2032 342 2102 ministraverant,
359 2042 490 2107 surgunt,
517 2041 545 2092 et
566 2037 655 2108 petita
669 2038 750 2094 venia
761 2040 790 2093 in
805 2041 901 2096 smmi.
942 2033 1032 2090 ditum
1048 2053 1129 2092 suum
1145 2037 1180 2092 ad
1194 2037 1318 2108 primum
1334 2036 1490 2109 capitulum
1504 2035 1539 2092 ab
1556 2037 1680 2094 minemo
1702 2042 1746 2095 est

109 2135 156 2173 aee
176 2121 316 2191 iudicium
330 2124 479 2195 accipiunt.
493 2122 553 2179 Illis
566 2140 631 2179 vero
649 2125 685 2180 ad
699 2126 795 2182 sedem
818 2145 900 2184 suam
940 2124 1145 2194 admonendus,
1161 2131 1194 2181 ut
1206 2125 1411 2196 indulgentiam
1425 2130 1548 2198 exoptet.

108 2208 293 2276 redeuntibus,
310 2228 408 2268 ornnes
426 2213 585 2269 sacerdotes
611 2214 730 2270 officium
750 2217 843 2274 missae
857 2235 898 2274 ce·
1252 2215 1370 2271 CAPUT
1379 2213 1428 2270 lv.

107 2296 252 2366 letrantes,
272 2301 383 2356 veniam
398 2306 507 2375 petunt.
538 2303 579 2358 De
595 2303 696 2375 quibas
707 2307 859 2377 septimum
873 2309 898 2364 si
1178 2306 1215 2360 De
1229 2305 1319 2372 inulte
1333 2305 1517 2359 incurvemin-

107 2385 216 2450 ridetur,
231 2395 262 2444 et
272 2395 401 2446 octavum
410 2392 469 2446 vice
482 2408 535 2446 sua
548 2392 635 2462 eligit,
660 2399 690 2448 et
705 2395 766 2462 bos,
782 2395 855 2452 sicut
868 2402 898 2453 et
974 2393 1026 2448 *Si
1034 2393 1151 2448 fratrem
1162 2393 1285 2464 aliquem
1300 2391 1506 2448 incarceratum
1521 2392 1638 2458 inuenit,
1655 2407 1740 2465 quem

107 2476 242 2534 ministros
252 2480 389 2550 judicium
404 2481 471 2536 facit
484 2481 588 2548 subire,
604 2483 740 2554 finitoque
758 2485 895 2558 capitulos
936 2480 1022 2552 digna
1031 2482 1198 2553 poenitentia
1207 2497 1257 2554 pre
1265 2480 1426 2536 testimonio
1432 2481 1534 2552 prioris
1544 2487 1573 2536 et
1584 2481 1741 2548 seniorum,

105 2573 162 2636 post
175 2568 299 2638 psalmos
319 2571 401 2626 Verba
415 2587 476 2625 urea
489 2575 640 2626 cantantur
662 2578 771 2645 septem
793 2575 895 2646 psalmi
936 2586 1007 2640 quus
1028 2571 1089 2642 ipse
1114 2571 1192 2642 prior
1217 2570 1253 2623 nd
1269 2569 1391 2624 nundum
1405 2569 1556 2636 diminui·
1577 2570 1613 2626 du
1627 2587 1740 2626 curuum

104 2655 332 2724 penitentialem
352 2658 486 2713 frenatus
508 2660 667 2731 prostratis,
698 2662 755 2717 nisi
774 2663 834 2720 dies
857 2666 895 2722 sit
935 2659 1564 2732 liberariexpescithuncpetitarenieproeo
1578 2659 1614 2714 ab
1629 2659 1737 2716 eisdem

103 2742 248 2815 Paschalis,
272 2753 301 2803 et
317 2747 451 2804 dicuntur
465 2749 508 2804 bec
521 2750 662 2806 orationes
685 2770 691 2805 :
715 2751 830 2808 conante
845 2772 894 2812 aer
934 2748 1092 2805 senioribus
1105 2747 1325 2821 jubetdissolvi,
1347 2752 1376 2802 et
1400 2747 1431 2802 in
1454 2746 1609 2820 capitulum
1623 2747 1736 2814 adduci,

103 2834 223 2900 samaim.
249 2838 418 2904 ineffabilem
432 2839 474 2892 vel
488 2841 598 2903 eraudi,
615 2857 782 2910 quesumus,
798 2845 892 2900 Domi·
933 2837 1028 2908 quint
1050 2854 1097 2893 cer
1111 2838 1251 2911 poenitens
1270 2837 1381 2892 reniam
1400 2836 1521 2908 petendo
1548 2835 1736 2906 domonstrat,

104 2937 141 2984 ne,
155 2924 305 2996 praemissis
328 2927 371 2982 bis
394 2927 528 2984 versibus.
551 2931 612 2984 Post
634 2936 759 2999 portum.
775 2933 889 2990 Versus.
929 2927 1012 2998 jubet
1023 2941 1088 2982 uum
1103 2927 1134 2982 iu
1149 2925 1248 2982 ullium
1262 2925 1370 2992 sedulus
1386 2929 1437 2980 uui
1450 2925 1548 2992 ulium,
1573 2925 1598 2980 ni
1621 2925 1735 2984 Videtur

102 3013 200 3080 adjuro
212 3031 271 3078 nos,
295 3018 375 3072 Deus.
394 3017 501 3073 Verum
529 3018 596 3090 quia
619 3019 744 3092 praedicti
763 3037 891 3080 excessus
931 3017 1079 3074 decadem
1095 3034 1168 3073 nora
1181 3018 1296 3073 eninino
1310 3016 1431 3072 liberum
1445 3033 1516 3072 esse.
1530 3015 1561 3072 ai
1571 3018 1683 3089 quando
1693 3018 1736 3076 in-

102 3113 150 3153 non
163 3102 253 3157 selum
278 3103 382 3173 abbati,
404 3105 454 3160 'sed
482 3111 512 3160 et
533 3107 596 3162 aliis
618 3106 753 3162 fratribus
780 3109 889 3166 diverse
929 3107 974 3162 fra
985 3122 1143 3162 sermenem
1154 3105 1190 3160 ed
1201 3104 1356 3176 capitulum
1373 3104 1490 3171 accedit,
1502 3103 1669 3176 priusquam
1689 3105 1733 3162 illi

101 3188 173 3243 mede
186 3198 307 3262 possunt
320 3193 441 3258 evenire,
457 3211 542 3266 quam
555 3196 664 3252 diverse
687 3196 773 3252 etiam
791 3215 888 3254 emen·
929 3197 1045 3252 finiatur
1054 3212 1111 3251 non
1125 3195 1223 3250 intret.
1240 3192 1355 3250 intrans
1366 3197 1472 3261 summ,
1483 3193 1508 3248 si
1520 3192 1639 3270 fratrem
1652 3194 1735 3266 inju-

101 3275 192 3334 dentnr
205 3296 263 3337 non
280 3286 324 3337 est
336 3283 523 3339 reticendum.
800 3347 805 3356 ¹
928 3284 1001 3340 dicio
1016 3289 1148 3351 stantem,
1160 3283 1299 3338 ueletiam
1314 3287 1429 3338 exutum
1442 3281 1558 3350 invenit,
1571 3282 1647 3338 hunc
1654 3283 1733 3356 prior

392 3372 510 3428 CAPUT
522 3371 575 3428 Ill.
927 3391 993 3429 mox
1004 3374 1102 3430 sedere
1114 3371 1190 3439 facit,
1201 3377 1231 3428 et
1239 3372 1263 3428 si
1273 3372 1339 3428 talis
1350 3376 1393 3427 est
1402 3370 1585 3444 negligentia,
1598 3388 1660 3444 quae
1672 3389 1732 3432 non

100 3475 162 3539 qma
186 3479 325 3546 amam„
338 3482 384 3541 ,pq
400 3483 426 3534 „-
452 3481 522 3547 som
546 3482 712 3548 „mh-yma„
736 3483 834 3553 aliqua
852 3489 884 3542 ,n
926 3463 962 3518 sit
975 3462 1074 3518 leviter
1085 3460 1261 3525 dimittenda,
1275 3465 1343 3516 tunc
1357 3455 1426 3515 dicit
1443 3459 1468 3514 ei
1486 3477 1493 3515 ι
1514 3461 1552 3516 lte
1570 3475 1682 3524 aarum,
1704 3467 1730 3517 et

168 3565 278 3619 corpore
292 3553 333 3604 cel
348 3553 379 3604 in
391 3554 528 3620 sanquine
543 3553 657 3606 Domini
666 3557 798 3613 evenerit.
921 3557 1015 3622 postea
1030 3552 1125 3606 redite.
1137 3550 1192 3615 Qui
1201 3565 1340 3616 reuersus,
1352 3547 1490 3620 profunde
1502 3547 1620 3604 inclinat
1634 3549 1697 3620 (hoc
1711 3567 1729 3606 a

129 3637 138 3658 ⁶
155 3637 181 3691 Si
201 3638 237 3693 de
248 3638 387 3708 sanguine
410 3638 523 3694 Domini
536 3639 642 3710 aliquid
656 3641 788 3698 ceciderit
802 3660 887 3717 snper
928 3639 1054 3712 quelibet
1068 3637 1241 3704 observatur,
1260 3635 1307 3709 qui
1319 3636 1373 3692 boc
1382 3633 1466 3692 modo
1480 3635 1521 3692 ire
1531 3641 1560 3692 et
1573 3636 1666 3694 redire
1677 3639 1728 3711 ju-

97 3726 239 3796 wrperale,
250 3726 461 3782 recondendum
476 3728 568 3800 ipsum
582 3731 737 3802 corporale,
768 3747 801 3786 ac
824 3733 885 3789 loeo
925 3727 1029 3795 beturl,
1043 3728 1079 3783 ad
1093 3729 1154 3799 ejus
1168 3727 1316 3782 introitum
1329 3725 1432 3780 fratres
1445 3731 1609 3797 assurgunt,
1625 3732 1655 3783 et
1667 3744 1728 3785 ere-

97 3812 271 3886 reliquiaium
284 3816 463 3871 servandum.
489 3815 518 3872 si
540 3833 627 3889 super
646 3819 751 3891 pallam
774 3821 882 3890 altaris,
925 3818 964 3873 cti
974 3823 1040 3872 ante
1056 3816 1188 3883 scabella,
1204 3815 1293 3871 donec
1303 3819 1492 3886 pertranseat,
1507 3815 1675 3872 consistant.

96 3899 233 3960 incidenda
254 3910 298 3960 eet
319 3905 459 3976 particula
483 3905 554 3978 ipsa,
580 3911 609 3962 et
622 3924 673 3979 pro
688 3908 814 3981 reliquiis
826 3928 883 3967 ser·
960 3907 1038 3963 Side
1053 3903 1726 3978 aliquaconsuetudinedubitetur,quidquidille

96 3991 182 4046 rande.
194 3993 224 4048 Si
233 4008 319 4064 snper
332 3995 455 4048 casulam
466 3993 595 4050 similiter
604 3995 707 4066 agitur.
724 3998 754 4053 Si
769 4015 834 4055 vero
852 4001 882 4056 in
921 3995 1064 4051 communi
1092 3993 1236 4050 seniorum
1260 3991 1377 4048 consilio
1391 3991 1496 4047 ibidem
1517 3991 1665 4060 definierit,
1688 3993 1724 4050 de

94 4083 196 4146 terram,
209 4081 369 4154 lingendus,
395 4083 592 4154 extergendus,
621 4091 706 4158 atque
738 4088 880 4148 radendus
921 4089 1021 4140 caetero
1036 4083 1117 4155 quasi
1126 4098 1177 4154 pro
1187 4081 1249 4152 lege
1259 4083 1382 4136 meatur.
1399 4080 1474 4135 Nam
1487 4079 1541 4134 boc
1556 4085 1667 4151 oporiet
1681 4097 1724 4136 se-

96 4175 130 4221 est
141 4171 225 4240 locus,
240 4173 298 4226 sive
312 4171 393 4245 lapis,
409 4173 467 4227 sive
486 4178 573 4235 terra,
596 4173 712 4248 ipseque
733 4178 824 4248 pulvis
848 4181 878 4238 in
919 4173 1024 4240 niores,
1037 4178 1175 4245 quantum
1186 4169 1216 4226 in
1223 4170 1293 4242 ipsis
1311 4173 1364 4236 est,
1381 4166 1539 4240 prouidere,
1550 4183 1723 4240 nennquam

94 4259 213 4326 nerano,
223 4260 267 4314 rel
276 4260 306 4314 in
313 4259 421 4332 piscina
436 4261 638 4318 recondendas.
663 4262 692 4319 Is
706 4271 812 4332 autem,
830 4273 875 4326 cui
920 4279 971 4334 per
983 4278 1046 4318 eum
1060 4261 1119 4316 ulla
1130 4257 1418 4324 consuetudo,nisiin
1428 4255 1529 4311 melius
1548 4259 1722 4313 transmute-

94 4344 146 4400 talis
155 4348 255 4404 accidit
265 4348 447 4420 negligentia,
467 4355 533 4404 ante
555 4351 708 4422 capitulum
726 4370 809 4410 suum
823 4364 880 4413 sta.
919 4354 976 4406 tur.
988 4349 1105 4415 Quodsi
1117 4348 1177 4420 ipse
1191 4346 1296 4418 absque
1312 4345 1431 4402 fratrum
1446 4359 1585 4400 consensu
1596 4343 1721 4416 aliquam

93 4435 206 4492 mineum
227 4438 268 4493 ita
291 4437 400 4504 dissent
415 4443 458 4503 ut,
473 4437 497 4494 si
512 4437 607 4494 abbati
623 4442 769 4512 placuerit,
785 4446 878 4504 nudus
919 4432 1720 4506 consuetudinumsiuifflfflutub1¹2P⁰⁵2ffl⁰dumi³ffi²⁸r0

92 4525 221 4598 suscipere
234 4525 373 4596 iudicium
389 4531 506 4597 paratus
520 4527 567 4582 sit.
585 4527 666 4592 Quod
680 4535 777 4587 autem
790 4533 832 4588 ita
848 4551 878 4590 se
918 4545 976 4584 nen
990 4527 1092 4595 valeat,
1103 4525 1249 4582 humililer
1260 4524 1326 4578 inde
1336 4520 1590 4590 estadmonendns,
1604 4526 1632 4578 et
1641 4521 1721 4594 quid-

91 4619 226 4685 praeparet,
243 4613 482 4670 etsiconsuetudo
509 4629 566 4669 nen
591 4619 644 4684 est,
673 4621 769 4674 tamen
794 4637 877 4676 nemo
919 4617 986 4690 quid
1001 4633 1086 4688 super
1099 4613 1378 4670 hoccommunitera
1391 4615 1530 4668 conventu
1545 4610 1718 4680 decernitur,

91 4703 268 4772 reprehendit.
283 4702 420 4756 Posthac
433 4703 536 4774 agitur,
554 4705 671 4775 qnodde
687 4707 877 4776 ministris,de
917 4707 948 4762 in
963 4709 1015 4762 bec
1023 4707 1105 4777 juxta
1117 4705 1255 4775 majorum
1277 4701 1459 4757 traditionem
1484 4699 1643 4756 consentire
1661 4717 1718 4757 nen

90 4789 277 4858 sacerdotibus,
294 4788 369 4844 etde
384 4796 490 4862 septem
512 4793 628 4863 psalmia
641 4796 805 4865 praedictum
821 4804 873 4853 est.
917 4798 1055 4848 moratur.
1071 4790 1115 4846 Ad
1129 4790 1210 4845 illurn
1224 4804 1335 4862 quoque
1350 4789 1442 4844 selum
1462 4787 1588 4860 respicit,
1602 4803 1660 4843 non
1671 4804 1719 4844 so-

90 4875 113 4932 si
122 4887 210 4936 autem
225 4881 261 4935 de
271 4895 389 4952 corpore
402 4879 514 4934 Domini
538 4898 623 4954 snper
645 4884 743 4940 altaris
767 4887 872 4958 pallam
916 4880 976 4937 lum
992 4881 1113 4952 majores
1125 4877 1352 4943 obedientiarios,
1366 4893 1465 4932 verum
1479 4875 1567 4932 etiam
1581 4875 1718 4949 quosdam

88 4967 180 5040 aliquid
194 4969 334 5037 ceciderit,
349 4985 415 5041 pars
440 4969 490 5025 illa
511 4987 569 5026 non
587 4971 729 5042 inciditur,
745 4976 794 5032 sed
809 4976 874 5031 vino
916 4987 1013 5026 eorum
1026 4969 1171 5041 adjutores
1185 4967 1366 5033 constituere,
1379 4983 1405 5020 s.
1420 4983 1460 5038 g.,
1478 4965 1638 5038 adjutorem
1658 4965 1719 5037 pri-

88 5062 186 5116 unium
199 5060 334 5116 abluitur.
364 5058 416 5114 Ille
439 5077 514 5129 vcro,
544 5062 589 5116 cui
616 5062 675 5116 baec
701 5064 874 5136 negligentia
915 5075 993 5114 mum
1003 5058 1127 5114 custodis
1142 5056 1274 5122 ecclesia,
1290 5055 1447 5122 camerarii,
1465 5055 1615 5122 cellerarii,
1629 5054 1718 5124 magi·

88 5149 191 5220 contigit
204 5147 873 5224 incapituloveniampetens,competenssuper
914 5149 967 5203 stri
981 5147 1160 5214 novitiorum,
1174 5145 1334 5214 infirmarii,
1356 5145 1483 5203 armarii.
1511 5143 1591 5216 Ipsos
1619 5147 1716 5197 umen

13 5299 14 5308 χ
88 5235 872 5310 stamineumjudiciumaccipitcumillo,percujusincu-
914 5235 1143 5300 obedientiarios,
1169 5235 1243 5290 sicut
1268 5240 1296 5290 et
1323 5233 1473 5306 cujuslibet
1487 5233 1564 5287 cella
1579 5229 1714 5302 priorem,

13 5387 15 5432 i

87 5323 147 5380 riam
159 5327 214 5382 talc
229 5324 297 5397 quid
311 5324 420 5378 accidit.
441 5325 471 5381 Si
494 5341 559 5380 vero
572 5326 749 5382 Dominicum
772 5345 873 5403 corpus
914 5327 992 5399 prior
1006 5326 1066 5382 sela
1075 5325 1252 5381 necessitatis
1267 5339 1354 5380 causa
1371 5326 1465 5394 potest
1486 5320 1522 5374 de
1549 5317 1716 5373 obedientiis

13 5447 15 5470 i
85 5411 871 5488 interramceciderit,similimodeperomniaagendum
914 5415 1095 5488 suspendere,
1109 5415 1133 5469 ai
1147 5415 1219 5469 forta
1233 5414 1353 5468 domnus
1366 5410 1452 5466 abbas
1465 5408 1510 5463 vel
1523 5405 1632 5462 tamdiu
1646 5405 1715 5462 alibi

87 5509 130 5570 est,
143 5505 213 5560 sicut
226 5519 312 5575 supra
327 5501 501 5570 dictumest,
522 5503 557 5558 de
580 5505 717 5577 sanguine
745 5504 869 5561 Domini.
913 5509 1052 5574 moratur,
1066 5504 1109 5559 sel
1121 5503 1191 5559 adeo
1203 5507 1329 5558 remotus
1343 5504 1395 5566 est,
1407 5497 1480 5571 qued
1493 5493 1665 5568 legationem
1677 5495 1714 5551 ad

86 5591 154 5656 Quod
167 5595 190 5649 si
203 5593 233 5650 in
245 5591 386 5663 sanguine
400 5592 513 5668 Domini
526 5610 633 5662 musea,
646 5595 689 5654 vei
702 5611 816 5663 aranea,
827 5595 871 5649 vel
913 5609 979 5650 enm
990 5608 1047 5649 non
1060 5597 1155 5672 potest
1176 5591 1308 5662 dirigere.
1337 5587 1413 5644 Talis
1437 5591 1534 5644 autem
1561 5584 1715 5642 necessitas
