3882 6172
87 179 140 237 eos
614 180 653 237 ΙΝ
673 178 785 236 EPlS'l'.
805 177 837 234 B.
859 175 1067 242 tentatam
1086 175 1204 234 NO'l'AE.
1564 177 1568 182 “
1671 175 1725 238 eto

86 307 174 360 solam
188 305 282 361 sancti
297 304 440 360 Benedicti
450 304 578 376 regulam
590 310 717 376 tempore
723 303 807 375 hujus
817 302 923 366 Gon-A
963 301 1016 360 Sed
1026 301 1378 367 timorel'raaeigcrrernrnr.
1389 299 1470 364 Quod
1480 297 1626 358 obiterblc
1636 305 1730 377 tangit

2 397 3 420 ¹
86 396 188 451 cordiae
203 394 339 463 auctoris,
356 395 409 450 boc
427 401 471 450 est
485 393 578 450 Caroli
598 392 694 466 Magni
708 397 737 449 et
761 389 893 447 Lndorici
935 391 965 445 B.
984 389 1227 445 Lentrancusluse
1242 388 1728 460 (nileilorlenerraturablladmero

88 484 128 538 Pii
143 501 162 539 a
190 483 338 539 monachis
363 483 493 539 Ecclesia
517 481 696 538 occidentalis
717 481 893 537 observatum
933 477 1066 534 Historiae
1080 479 1233 544 Nororum,
1244 476 1291 533 lib.
1308 491 1349 543 m,
1364 493 1429 550 pag.
1446 476 1490 544 57,
1501 485 1649 552 postquam
1664 500 1731 556 pro·

88 591 158 640 esse,
171 573 279 645 alioqui
294 572 419 645 epistola
437 572 576 628 dedicatio
591 571 769 644 auctorisque
775 569 892 641 objectio
933 567 1009 622 berit
1023 568 1052 623 S.
1061 566 1212 621 Anselmus
1225 565 1316 620 medio
1329 567 1359 621 in
1370 567 1487 622 concilio
1496 567 1559 623 ritae
1568 573 1730 628 monasticae

87 663 192 735 inepte
207 667 313 718 essent.
330 681 343 712 ι
933 655 1096 711 obstrictam
1112 671 1167 710 non
1183 671 1243 709 esse
1256 654 1418 710 Mathildem
1434 656 1547 712 ilenrici
1569 659 1652 731 primi
1670 661 1730 716 An-

121 752 179 807 Sed
196 769 288 823 operae
303 749 425 823 pretium
440 754 492 816 est,
507 766 542 804 ne
557 747 623 821 quid
644 746 768 820 scrupuli
786 751 894 820 pungat
931 745 1043 817 giorum
1057 744 1131 816 regis
1144 761 1269 810 uxorem,
1283 743 1357 816 quod
1378 760 1555 817 nequaquam
1568 754 1667 818 sponte
1679 765 1732 806 sua

87 835 893 910 iterum,objeotiuuculamaudirenonnullorum‚regulam
933 834 1076 906 septennis
1089 834 1118 889 in
1129 833 1298 889 monasterio
1309 834 1399 888 return
1419 835 1595 906 suscepisset,
1607 837 1654 892 sed
1675 853 1730 910 quo

89 934 117 986 ll.
148 928 301 984 Benedicti
326 927 513 984 asserentium
538 926 714 983 solummodo
731 924 892 997 evulgatam
934 922 1074 995 pudicitiae
1088 923 1261 990 consuleret;
1274 921 1477 994 episcoporum,
1492 923 1539 994 qui
1552 925 1643 981 eidem
1666 943 1733 982 con·

89 1018 246 1073 unirersim
262 1018 291 1073 in
302 1015 393 1072 Gallia
406 1033 457 1075 an.
475 1014 535 1072 743.
552 1017 645 1087 Atque
659 1015 688 1070 id
702 1014 893 1087 nequidquam
933 1011 998 1068 cilio
1012 1012 1177 1076 intererant,
1194 1016 1273 1082 rogat
1284 1010 1444 1083 opinionem
1456 1030 1463 1080 3
1476 1011 1517 1066 illi
1527 1029 1732 1087 eccemagnum

89 1107 213 1177 probare
223 1110 362 1161 conantur
375 1121 408 1160 ex
423 1103 470 1159 illo
485 1103 584 1176 synodi
600 1103 770 1174 liptinensis
782 1119 844 1158 can.
864 1103 891 1167 l,
933 1100 1121 1156 Lanlrancum
1136 1101 1163 1155 in
1179 1100 1513 1172 medium-pmducentes,
1529 1101 1568 1156 sic
1583 1103 1614 1157 B.
1631 1105 1732 1160 Ansel—

90 1204 158 1251 tom
179 1195 205 1263 I,
222 1195 327 1251 concil.
345 1194 437 1249 Gali:
452 1210 465 1246 ι
490 1192 613 1248 abbates
626 1209 692 1248 sero
719 1198 748 1248 et
765 1191 894 1248 Monachi
934 1206 1012 1245 mum
1022 1190 1160 1244 affantur:
1178 1189 1283 1254 «Quod
1296 1189 1361 1244 licet
1372 1190 1423 1244 levi
1435 1198 1602 1261 argumento
1611 1193 1731 1264 probare

90 1289 264 1358 recaeperunt
273 1283 400 1354 regulam
413 1282 502 1337 sancti
521 1281 663 1337 Benedicti
680 1283 716 1338 ad
729 1287 893 1338 restauran-
935 1295 1090 1349 possemus,
1108 1295 1141 1332 eo
1154 1283 1259 1343 tamen,
1273 1295 1336 1333 curn
1352 1295 1422 1351 opus
1436 1295 1492 1334 non
1508 1279 1553 1346 sit,
1572 1282 1735 1352 supersede-

89 1375 153 1430 dam
182 1387 312 1428 normam
335 1369 472 1442 regularis
493 1369 566 1426 ritae.
592 1387 606 1422 ιι
628 1369 714 1434 Quasi
733 1385 798 1426 vero
818 1370 894 1426 istud
934 1383 1008 1434 mus,
1020 1366 1123 1422 nostris
1134 1367 1309 1438 argumentis
1323 1368 1475 1422 firmiorem
1495 1373 1624 1426 tenentes
1636 1387 1736 1445 parcan

90 1464 209 1519 terbum
227 1481 240 1514 e
257 1463 356 1528 recipio
378 1477 392 1512 ι
409 1475 443 1514 ex
458 1475 488 1512 rc
507 1463 536 1513 et
553 1461 631 1526 cupio
653 1459 815 1526 conflatum,
834 1477 894 1515 rem
932 1456 1031 1529 judicii
1042 1456 1126 1527 liujus
1140 1456 1506 1512 sententiamavenerandae
1515 1461 1735 1533 memorieeprae·

91 1553 181 1608 semel
197 1549 354 1622 depositam
365 1547 534 1602 traditamve
555 1562 654 1602 rursus
671 1563 826 1617 assumere,
841 1548 894 1604 ite-
935 1547 1080 1602 decessore
1105 1551 1205 1610 restro,
1223 1549 1251 1600 et
1264 1545 1348 1601 Patre
1364 1550 1392 1600 et
1407 1546 1542 1617 magistro
1554 1553 1649 1604 nostro
1664 1551 1736 1606 Lan·

91 1656 152 1708 rum
168 1655 281 1711 cepere,
298 1652 450 1703 resumere,
464 1651 639 1707 recuperare,
661 1653 717 1691 non
731 1637 869 1710 significet
882 1639 925 1720 iB
935 1635 1030 1690 franco
1043 1634 1129 1689 simili
1144 1635 1179 1689 de
1190 1651 1272 1690 causa
1283 1635 1499 1706 promulgatam.
1518 1655 1529 1688 r
1547 1637 1582 1691 lit
1595 1639 1732 1708 postella:

92 1729 203 1795 Cicero,
221 1741 242 1782 ιι
257 1727 298 1781 De
312 1730 408 1780 oran«
424 1724 557 1797 Recipere
571 1741 665 1780 arcem
678 1727 820 1782 amissam.
835 1727 896 1782 »Et
938 1741 951 1776 ι
967 1725 1005 1778 nt
1018 1723 1078 1793 ipse
1091 1723 1282 1788 (Lantruncus)
1306 1723 1487 1794 quaestionem
1506 1723 1596 1796 ipsam
1618 1727 1735 1782 concilio

92 1819 196 1884 Livius,
212 1815 264 1878 lib,
281 1827 320 1870 rx:
335 1834 347 1866 r
364 1812 512 1886 Recipiunt
523 1830 612 1882 arma,
632 1832 695 1886 qua
715 1832 766 1887 per
788 1817 896 1889 pactio·
936 1812 1076 1883 generalis
1089 1811 1199 1867 concilii
1213 1812 1309 1866 taliter
1322 1812 1404 1866 solvit
1418 1819 1450 1866 ut
1474 1811 1515 1867 eis
1530 1830 1580 1883 pro
1594 1814 1735 1871 castitate.

96 1925 159 1962 nem
173 1904 366 1960 tradiderunt.
384 1921 396 1954 ι
412 1902 543 1958 Declarat
553 1919 620 1974 ergo
632 1904 757 1974 synodus
771 1903 821 1959 illa
843 1905 894 1960 ab·
937 1917 1022 1972 quam
1032 1907 1126 1956 setam
1142 1901 1297 1956 manifestae
1304 1901 1344 1956 rei
1353 1900 1514 1956 extensione
1524 1918 1620 1958 amare
1627 1909 1736 1960 testatae

94 1997 172 2052 bates
188 1999 222 2049 et
234 1993 395 2055 monachos,
409 1991 458 2060 qui
482 1991 606 2064 liptinas
629 2001 825 2061 convenerant,
851 2011 898 2049 re·
936 1989 1058 2058 fuerant,
1075 1989 1196 2045 debitam
1212 1990 1302 2061 niagis
1312 1991 1497 2045 reverentiam
1508 1990 1648 2062 judicaret
1662 1992 1738 2048 exhi·

95 2086 165 2156 gulae
180 2081 371 2139 Benedictinae
382 2079 589 2136 observationes
603 2083 807 2154 susquedeque
820 2082 898 2138 habi·
938 2077 1069 2146 bendum,
1085 2095 1168 2151 quum
1179 2079 1267 2135 ultam
1276 2079 1420 2134 servandae
1434 2077 1578 2151 religionis
1590 2081 1738 2138 continen-

98 2181 151 2240 tas,
166 2174 242 2244 (ejus
254 2169 444 2227 sanctionibus
461 2170 536 2224 ultm
554 2186 584 2224 se
597 2187 628 2224 se
640 2169 849 2243 submittentes)
862 2172 898 2228 ed
938 2170 1018 2238 tiam,
1035 2169 1088 2225 nisi
1103 2170 1216 2242 propria
1233 2169 1377 2225 voluntate
1405 2175 1580 2242 appeterent,
1604 2172 1741 2230 violenter

97 2263 250 2336 pristinum
265 2260 334 2315 velle
346 2258 468 2330 rigorem
479 2274 617 2314 revocare.
633 2260 765 2332 Alioquin
793 2262 850 2316 haec
874 2261 898 2316 sl
938 2258 1132 2332 ingerendam.
1150 2277 1162 2312 ι

98 2353 215 2410 minime
243 2348 403 2406 intenderet
423 2347 557 2420 synodus,
580 2348 681 2419 potiori
698 2350 763 2420 jure
784 2350 900 2406 clericos
1186 2363 1222 2404 en
1236 2363 1389 2405 errsronru
1401 2363 1499 2410 xxxnt.

98 2447 193 2510 aas
206 2440 362 2513 episcopos,
381 2441 432 2492 etc.
443 2436 534 2509 primo
542 2437 619 2507 leges
631 2438 900 2496 ecclesiasticastum
975 2441 1112 2496 Hibernia
1126 2441 1245 2508 episcepo
1259 2439 1421 2506 Domncldo,
1439 2440 1497 2495 sire
1511 2441 1657 2504 Doineldo.
1685 2443 1739 2500 Λι-

98 2531 241 2604 accepisse
252 2527 336 2583 fateri
350 2530 501 2598 oporteret,
518 2526 592 2598 quod
607 2527 736 2599 equidem
766 2529 897 2601 cogitare,
940 2529 1110 2584 maclianum
1125 2529 1199 2584 bunc
1213 2529 1346 2598 (uereor)
1368 2529 1410 2584 rel
1424 2529 1624 2586 Dublinensern
1639 2532 1740 2588 intelli-

98 2619 367 2676 ncdumafflrmare,
397 2613 629 2670 absurdissimum
656 2621 709 2672 est.
737 2617 783 2674 Sic
805 2623 900 2676 autem
940 2619 991 2690 git,
1021 2623 1119 2691 utpote
1142 2618 1390 2690 metropolitanum
1410 2619 1497 2674 totius
1521 2621 1677 2678 Hibernicre
1695 2623 1740 2678 in-

98 2709 185 2765 habet
196 2706 448 2779 pmiatuscanon:
465 2723 479 2754 ι
494 2704 529 2758 Et
542 2703 634 2760 omnis
653 2706 834 2762 ecclesiastici
852 2724 899 2762 or·
941 2706 1258 2778 sutae,quemadmodum
1268 2707 1512 2779 superinaloanni
1522 2710 1741 2782 llothomagensi

100 2797 171 2852 dinis
182 2797 285 2861 clerus,
301 2792 507 2865 etpresbyteri,
523 2798 552 2848 et
566 2793 676 2850 diaconi
697 2811 761 2850 cum
784 2795 901 2868 reliquis
941 2796 1147 2868 archiepiscopo
1158 2795 1292 2872 scribens,
1310 2796 1390 2869 epist.
1410 2796 1457 2854 lt.
1481 2798 1741 2856 Northmannorum

100 2886 219 2952 clericis,
234 2882 421 2955 suscipientes
443 2881 623 2953 antiquorum
637 2883 754 2939 Petrum
768 2901 899 2952 canones,
941 2884 1180 2957 archiepiscopum
1195 2884 1331 2940 nominat.
1348 2885 1410 2940 luri
1424 2886 1606 2943 nihilominus
1620 2888 1742 2944 Cantus·

98 2975 294 3047 promiserunt
303 2989 335 3027 se
349 2969 537 3028 ecclesiastica
548 2971 615 3041 jura
629 2973 754 3029 moribus
765 2979 792 3029 et
800 2973 903 3030 doctri·
913 2973 1041 3035 Criensis
1065 2973 1265 3045 archiepiscopi
1307 2972 1451 3045 subjacere
1494 2977 1742 3048 metropolitanum

103 3066 155 3129 nis,
169 3061 330 3117 ministerio
345 3075 520 3130 recuperare.
537 3077 550 3112 ι
564 3060 688 3116 'landem
700 3079 765 3118 rere
781 3079 842 3135 quae
852 3079 901 3118 sn·
941 3063 1032 3130 illum,
1048 3063 1132 3118 iidem
1148 3061 1362 3118 lacitllcnerab.
1379 3063 1464 3127 Beda,
1480 3063 1529 3119 lib.
1552 3078 1573 3122 ιι
1587 3071 1664 3136 gent.
1683 3067 1743 3124 nn·

101 3170 152 3224 pra
184 3151 337 3206 retulimus
361 3148 482 3204 elucidat
517 3149 721 3222 confirmatque
754 3153 901 3208 concilium
942 3152 1063 3223 giorum.
1079 3151 1149 3207 Vide
1164 3151 1287 3206 dictand
1302 3151 1383 3222 epist.
1405 3152 1431 3219 i,
1448 3153 1477 3208 b.
1493 3153 1580 3210 Porro
1594 3155 1743 3227 antiquum

100 3243 198 3296 itidem
211 3239 285 3313 apud
299 3237 438 3310 liptinas,
454 3237 503 3292 sed
517 3237 605 3309 priori
619 3256 703 3307 annu,
726 3241 779 3296 hoc
794 3247 836 3296 est
849 3239 903 3297 ild
944 3239 1099 3296 Hibernicse
1115 3239 1241 3295 Ecclesiae
1256 3245 1362 3296 statum
1380 3240 1514 3298 describit
1527 3242 1556 3297 in
1583 3243 1659 3299 bunc
1683 3261 1744 3300 mo·

101 3337 281 3386 consocatum
295 3345 357 3384 can.
376 3327 489 3386 clamos
504 3345 516 3379 ι
539 3327 576 3383 Ut
592 3329 721 3384 monachi
745 3335 774 3385 et
796 3330 904 3388 ancilla
944 3329 1031 3399 dum;
1046 3329 1122 3385 idem
1137 3329 1225 3394 Beda,
1237 3329 1297 3385 loco
1311 3330 1406 3398 citato,
1418 3330 1467 3385 lib.
1482 3344 1525 3398 ιιι,
1534 3332 1622 3404 capi
1637 3351 1644 3386 :
1663 3355 1674 3382 ι
1690 3335 1746 3390 ila·

103 3420 151 3474 Dei
168 3416 382 3475 monasteriales
392 3421 473 3491 juxta
492 3421 618 3490 regulam
634 3419 663 3474 S.
688 3419 831 3475 Benedicti
846 3437 905 3475 cce·
945 3419 1011 3474 bere
1025 3425 1119 3475 autem
1130 3419 1374 3491 soletipsainsula
1388 3423 1523 3476 rectorem
1534 3437 1646 3494 semper
1658 3422 1745 3478 abba·

106 3509 186 3564 nebia
197 3509 240 3564 rel
253 3508 428 3564 xenodochia
440 3528 491 3567 sua
505 3509 647 3576 ordinare,
668 3507 820 3578 gubernari
843 3515 905 3566 stu·
945 3513 1002 3564 mm
1017 3508 1223 3580 presbyterum,
1236 3507 1382 3579 cujusjuri
1392 3514 1421 3564 et
1442 3510 1532 3565 omnis
1549 3511 1701 3582 provincia,
1718 3517 1748 3568 et

106 3597 206 3665 deant3
220 3603 250 3652 et
263 3597 351 3651 vitam
366 3599 509 3672 propriam
523 3599 626 3669 degere
641 3597 794 3654 secundum
804 3599 905 3671 praedi-
946 3597 999 3669 ipsi
1014 3598 1099 3653 etiarn
1115 3597 1237 3670 episcopi
1252 3597 1350 3652 ordine
1376 3595 1510 3654 inusitato
1544 3599 1665 3656 debeant
1685 3617 1747 3657 esse

107 3689 143 3740 cti
157 3687 250 3740 Patris
264 3685 472 3743 ordinationem
486 3704 544 3742 non
557 3685 711 3757 negligant.
730 3705 742 3740 ι
764 3685 834 3741 Vide
853 3688 906 3742 hoc
946 3687 1076 3758 subjecti,
1090 3687 1169 3756 justa
1184 3687 1341 3758 exemplum
1362 3686 1445 3758 primi
1459 3687 1581 3744 doctoris
1596 3689 1672 3745 illius
1687 3691 1749 3761 (Co-

107 3792 322 3830 canoneomnes
336 3775 519 3832 dubitationis
538 3774 680 3844 tenebras,
699 3774 723 3829 si
747 3791 816 3847 quas
843 3793 907 3831 ver·
947 3775 1082 3832 lumbani)
1098 3775 1146 3846 qui
1157 3789 1212 3830 non
1223 3774 1379 3847 episeopus,
1396 3775 1446 3831 sed
1470 3775 1618 3850 presbyter
1641 3779 1749 3844 exstitit

107 3861 172 3916 burn
186 3869 344 3933 receperunt
358 3865 517 3937 ingesserit,
529 3882 643 3938 prorsus
658 3865 781 3936 expelli?
799 3866 907 3936 Nempe
947 3869 977 3919 et
991 3864 1153 3930 monachus,
1172 3883 1184 3914 r
1199 3868 1253 3918 etc.

107 3951 314 4006 hicccenobitas
326 3953 394 4008 olim
407 3953 536 4009 sodalitio
547 3952 727 4008 Benedictino
743 3969 845 4008 nomen
862 3953 908 4008 de·
985 3953 1102 4008 Hancrle
1119 3954 1276 4020 irascentibus
1292 3957 1380 4008 terrere
1391 3958 1569 4012 cenantium.
1595 3955 1635 4010 Ex
1649 3972 1747 4013 conse·

108 4038 181 4093 disse
194 4039 337 4112 supponit,
352 4057 417 4097 cum
432 4046 461 4096 et
474 4058 521 4096 eos
536 4046 569 4097 ut
579 4041 659 4112 Juxta
668 4041 795 4112 regulam
805 4041 838 4096 D.
854 4041 909 4095 Be·
949 4039 1099 4112 quentibus
1120 4039 1222 4106 verbis,
1245 4040 1322 4112 loqui
1350 4040 1385 4096 de
1408 4041 1605 4097 communione
1624 4044 1750 4116 conpone

109 4129 211 4184 nedicti
225 4135 313 4201 atque
326 4131 452 4202 ejusdem
476 4131 570 4186 Patris
593 4131 799 4186 ordinationem
823 4131 909 4185 ritem
951 4129 1056 4185 christi
1070 4128 1223 4184 infantibus
1238 4133 1303 4184 ante
1319 4145 1402 4184 usum
1415 4129 1534 4186 rationis
1548 4131 1676 4202 proxime
1685 4137 1750 4205 post

110 4217 253 4274 instituere
278 4235 337 4274 non
365 4221 510 4293 negligant
540 4221 707 4276 adhortetur
741 4219 907 4288 concilium;
950 4224 1111 4291 susceptum
1121 4217 1261 4292 baptisma
1270 4218 1375 4290 porrigi
1387 4218 1480 4285 solita,
1491 4219 1753 4291 perspicuumvide·

110 4305 244 4377 siqnidem
259 4308 392 4364 nonnihil
404 4311 546 4381 negligere
561 4309 624 4381 quis
633 4309 746 4375 dicitur,
761 4308 830 4363 dum
841 4293 1007 4380 prs-Dour.
1023 4307 1117 4363 Prisca
1131 4307 1237 4363 etenim
1247 4307 1419 4363 consuetudo
1433 4308 1486 4363 fuit
1499 4308 1529 4364 in
1557 4303 1679 4365 Ecclesia
1699 4327 1751 4366 eu·

109 4401 218 4466 ceptum
233 4397 359 4469 aliquod,
374 4397 419 4453 cui
433 4405 517 4454 antea
535 4397 774 4469 obstringebatur,
792 4403 842 4453 aut
860 4398 909 4454 de·
949 4397 1089 4454 charistiae
1100 4401 1306 4452 sacramentum
1317 4397 1439 4468 paruulis
1452 4396 1599 4469 baptizetis
1613 4399 1750 4470 conierre,

109 4486 274 4540 mandatum
290 4485 344 4541 sibi
354 4487 488 4554 officium,
503 4492 633 4543 notumve
646 4487 779 4543 emissum
792 4491 910 4559 praeter·
951 4494 985 4544 ut
997 4486 1112 4559 planum
1128 4491 1171 4542 est
1180 4487 1254 4542 exB.
1263 4485 1407 4559 Dionysio,
1419 4504 1480 4560 cap.
1491 4493 1507 4544 't
1518 4489 1558 4544 De
1566 4489 1753 4546 ecclesiastica

110 4573 198 4629 mittit
210 4575 254 4630 vel
267 4576 436 4631 contemnit.
953 4575 1126 4632 Hiemrohia.
1140 4576 1301 4630 merestona
1315 4575 1342 4628 δὲ
1351 4582 1389 4647 τῷ
1399 4577 1467 4629 παιδὶ
1477 4582 1527 4630 τῶν
1536 4577 1609 4648 ἱερῶν
1621 4577 1752 4650 cupidiora

146 4663 228 4719 Certo
242 4664 349 4720 certius
363 4682 430 4736 crgo
444 4683 476 4721 ex
487 4665 627 4738 praedictis
640 4665 769 4722 omnibus
781 4664 910 4733 insertur,
953 4666 968 4720 b
988 4663 1121 4738 ἱεράρχης,
1142 4660 1210 4726 ὅπως
1231 4661 1255 4718 ἐν
1275 4660 1356 4726 αὐτοῖς
1376 4659 1540 4737 iramagna,
1559 4669 1611 4720 etc.
1632 4665 1723 4723 idest
1743 4685 1751 4724 ι

111 4759 262 4825 antequam
277 4753 434 4810 Ludosicus
447 4754 513 4810 Pius
525 4755 677 4828 imperaret
693 4755 837 4822 (necenirn
851 4761 913 4810 tum
957 4776 968 4810 ι
988 4757 1074 4810 l’orro
1083 4752 1207 4824 pontifex
1216 4769 1335 4824 puerum
1350 4757 1510 4809 consortem
1524 4753 1591 4810 iacit
1608 4771 1753 4813 sacrorum

111 4843 323 4914 quamplurima
348 4844 519 4899 monasteria
543 4844 689 4899 monachis
722 4843 912 4900 Benedictinis
952 4841 1160 4916 mysteriorum,
1171 4841 1245 4924 utin
1266 4841 1307 4896 eis
1317 4841 1461 4910 educetur,
1479 4861 1491 4892 ι
1508 4848 1561 4899 eto.
1575 4844 1614 4898 Ex
1627 4843 1676 4900 lib.
1706 4847 1756 4902 Sa·

111 4930 248 4986 edificata
276 4931 363 4987 tuisse
387 4932 494 4988 infitias
521 4935 565 5000 eol
590 4933 717 5004 regulam
743 4932 833 4988 sancti
858 4933 912 4987 Be·
954 4936 1162 4988 crementorum
1190 4930 1224 4985 D.
1250 4930 1379 5002 Gregorii
1405 4931 1449 4995 tab
1474 4932 1592 5004 Hugone
1619 4933 1755 4990 Menardo

112 5019 214 5075 nerlicti
227 5021 330 5076 saltem
354 5020 384 5076 in
409 5021 454 5077 his
478 5020 684 5094 episcopatibus
707 5019 911 5092 Andegavensi,
955 5021 1093 5093 evulgato)
1102 5020 1143 5075 De
1153 5018 1292 5090 baptismo
1304 5019 1419 5075 Sabbati
1429 5022 1519 5077 sancti
1532 5040 1538 5088 ;
1549 5020 1598 5076 ubi
1612 5021 1647 5077 de
1660 5022 1754 5095 bapti·

2 5169 3 5174 1
112 5107 281 5174 Plataeensi,
317 5110 524 5176 aurelianensi,
546 5109 725 5177 Cadurcensi,
752 5109 913 5176 Parisiensi,
956 5125 1017 5166 emo
1027 5107 1195 5164 infantium:
1214 5130 1225 5157 ι
1242 5107 1296 5173 Qui
1307 5108 1456 5164 etiamnon
1465 5109 1755 5183 prohibenturlaotari

114 5197 331 5265 cenomanensi,
359 5199 561 5264 suessionensi,
598 5197 824 5263 vesontionensi,
859 5199 915 5254 llo-
956 5205 1021 5254 ante
1035 5213 1144 5253 sacram
1158 5197 1391 5263 communionem,
1408 5197 1431 5253 si
1446 5215 1559 5254 necesse
1572 5197 1668 5254 luerit.
1686 5218 1698 5251 ι
1716 5199 1754 5255 Ex

114 5287 302 5359 tbomagensi,
331 5287 478 5352 lleldensi,
506 5287 723 5358 lloguntinensi,
748 5285 915 5353 Turonensi,
957 5287 1038 5360 epist.
1054 5285 1342 5343 lesseAmbianensis
1357 5285 1480 5358 episcopi
1494 5287 1529 5341 ad
1543 5286 1702 5342 sacerdotes
1719 5288 1754 5344 de

114 5375 728 5444 cameracensi,Lemovieensi,rimbianensi,
739 5375 917 5447 Augustodu·
956 5375 1095 5448 baptismo
1109 5374 1309 5448 postmodium
1326 5375 1428 5438 (exstat
1440 5379 1504 5446 post
1526 5373 1658 5447 epistolas
1673 5375 1755 5432 Hine·

116 5463 210 5533 nessi,
220 5464 380 5522 Bedonensi
390 5465 538 5524 eutitisse.
547 5466 653 5524 Verum
662 5465 749 5522 dehis
758 5465 823 5538 plus
835 5465 914 5524 satis.
957 5464 1030 5522 inari
1042 5466 1176 5522 aloanne
1189 5463 1322 5522 Gordeeio
1335 5463 1436 5534 editas)
1451 5480 1458 5520 ι
1469 5460 1645 5522 «Novissimi
1658 5469 1754 5524 autam
