3970 6172
123 244 185 306 lttl
863 250 1008 310 mustos.
1685 247 1757 312 litt

125 387 207 430 unam
220 389 335 431 causam
349 373 507 431 dimisimus
520 373 717 442 indiscussam,
734 375 807 432 hanc
817 373 917 432 videli-
925 379 975 444 Ao
992 375 1112 442 minuta,
1128 377 1157 429 et
1170 373 1211 429 sic
1221 372 1257 428 de
1269 371 1590 438 aliis.Quemsdmodnm
1605 390 1672 448 ergo
1680 380 1756 432 octa·

125 467 173 530 cst,
182 479 235 518 cnr
242 468 349 535 sepiem
359 463 434 520 notis
443 462 548 518 eedem
558 469 740 536 repetentum
754 464 828 536 quod
843 481 919 520 nunc
958 480 993 518 va
1006 469 1082 532 nota,
1099 479 1163 518 cum
1175 463 1268 535 prima
1282 467 1326 516 est
1336 461 1445 528 eadem,
1461 463 1509 518 sed
1519 481 1576 520 non
1588 465 1757 533 omnino,ita

124 550 189 608 libet
197 553 317 625 aperire.
329 553 442 624 Septem
449 558 522 608 notae
532 552 568 606 ob
578 553 697 608 totidem
713 554 920 612 vocumdiscre-
959 551 1094 608 nimirum
1107 568 1159 606 vox
1168 556 1265 606 octava
1278 566 1343 607 cum
1357 551 1450 622 prime
1463 552 1494 607 in
1522 553 1584 608 soni
1609 554 1758 610 concordia

124 640 233 710 pantias
246 644 400 713 ponuntur.
413 642 527 714 Septem
539 647 633 696 autem
648 641 746 714 positis
759 641 863 696 endem
873 657 919 696 rc-
961 642 1122 706 estendam,
1141 640 1190 695 sed
1212 655 1269 694 non
1279 639 1404 706 omnino,
1417 643 1483 712 quie
1498 658 1583 697 sonus
1598 643 1651 698 iste
1662 642 1756 713 gravis

124 733 266 800 petuntur,
283 729 425 802 quiscum
439 735 549 804 septem
562 746 643 785 voces
657 729 732 785 inter
745 747 775 786 se
792 730 849 786 sint
862 729 919 785 dis·
960 730 1069 798 est‚ille
1080 733 1189 786 acutus.
1205 729 1240 784 Et
1254 728 1299 784 hic
1312 728 1431 783 canendi
1444 730 1545 786 modus
1563 731 1707 787 rarissime
1727 731 1757 786 in

123 833 206 884 sone,
217 823 315 873 octava
324 835 389 873 cum
399 819 492 891 prima
513 819 672 875 concordat.
689 818 770 885 Quod
783 819 829 874 ille
839 836 919 890 egre-
960 823 1045 874 cantu
1060 817 1182 874 usitatus
1197 817 1546 890 reperitur.Graecoautem
1555 819 1689 876 vocabulo
1699 820 1758 875 dia-

123 907 184 977 gius
193 907 300 962 artium
314 907 497 979 investigator
525 907 561 980 ιδ)
587 909 744 964 rectissime
770 908 921 981 perpendit
960 925 1049 980 paeon
1062 907 1237 974 nominatur,
1251 907 1325 978 quod
1335 905 1539 978 interpretatur
1553 908 1587 964 de
1615 908 1758 977 omnibus,

124 995 257 1068 quoniam
270 996 333 1056 ait:
961 998 1051 1053 ethoc
1061 993 1266 1066 nomenhabet,
1275 995 1334 1050 siva
1354 996 1429 1068 quod
1449 1012 1547 1052 omnes
1559 999 1757 1054 consonantias

158 1084 324 1154 obloquitur
337 1089 464 1142 numeris
477 1093 577 1158 septem
595 1088 761 1144 discrimino
777 1103 884 1144 vocum.
961 1086 990 1142 in
1005 1103 1036 1141 se
1045 1086 1173 1152 includit,
1187 1085 1245 1140 sive
1259 1085 1335 1156 quod
1356 1084 1391 1138 ab
1417 1101 1474 1140 una
1487 1102 1553 1142 voce
1567 1087 1702 1142 inchoans
1720 1087 1758 1143 ad

122 1171 200 1232 Sicut
214 1189 281 1245 ergo
296 1190 379 1230 omne
392 1181 505 1249 tempus
527 1193 578 1248 per
605 1183 712 1250 septem
733 1177 794 1233 dies
821 1176 919 1244 currit,
963 1179 1091 1231 octavam
1105 1175 1207 1230 saltum
1225 1173 1301 1239 lacit,
1317 1173 1521 1246 sicqnaomnes
1545 1191 1643 1230 vocum
1657 1175 1759 1231 discre-

121 1259 188 1316 dum
203 1261 452 1335 videlicetseptem
468 1269 628 1330 transeunt,
640 1265 922 1338 eteaedamrapetun-
963 1264 1084 1336 panitas,
1101 1279 1162 1335 quae
1186 1267 1254 1318 sunt
1276 1268 1394 1334 septem,
1409 1263 1439 1318 in
1455 1279 1485 1318 ss
1512 1265 1647 1322 continet.
1667 1264 1758 1329 Quam

120 1355 176 1417 tur,
192 1349 235 1405 sic
248 1351 415 1424 musicapsr
427 1357 536 1424 septam
550 1354 747 1410 tantummodo
759 1370 860 1412 vocum
873 1369 923 1409 va·
963 1354 1109 1427 pulchram
1122 1369 1188 1407 vero
1197 1351 1489 1423 quamquedecentem
1504 1352 1760 1424 diapasonconcor·

122 1436 239 1494 rietates
252 1439 391 1510 graditur.
402 1441 565 1498 Notandum
578 1447 684 1511 tamen,
701 1444 776 1516 quod
790 1447 923 1498 notaeeae·
963 1443 1040 1498 diam
1052 1441 1155 1498 habeat
1174 1440 1289 1512 probari
1298 1439 1430 1511 perfacile
1453 1445 1504 1508 est,
1521 1441 1544 1495 si
1559 1439 1614 1496 duo
1641 1442 1684 1496 vel
1700 1445 1759 1497 tres

121 1527 186 1582 dem
200 1533 378 1602 repetuntur,
392 1529 442 1586 sed
455 1547 512 1587 non
526 1532 642 1588 omnino
666 1533 781 1598 endem,
804 1531 871 1604 quia
891 1532 922 1588 in
963 1531 1048 1586 simul
1060 1533 1183 1596 cantent,
1199 1528 1240 1584 ita
1254 1527 1369 1596 scilicet,
1380 1534 1413 1584 ut
1425 1544 1500 1584 unus
1513 1529 1602 1600 gravi,
1618 1527 1759 1586 sccundus

123 1615 216 1686 figura
225 1632 283 1673 non
292 1617 407 1673 eadem.
417 1619 511 1676 Aliam
529 1636 652 1694 namque
664 1622 785 1692 liguram
797 1620 883 1676 habet
899 1621 922 1676 F
962 1625 1055 1688 acuta,
1068 1618 1171 1678 tertius
1181 1616 1328 1674 excellenti
1342 1634 1408 1674 voce
1421 1623 1519 1675 utatur
1532 1618 1586 1674 hoc
1598 1618 1691 1675 modo.

121 1705 208 1762 aliam
222 1706 248 1761 (i
262 1705 389 1781 capitalis
402 1715 432 1765 et
451 1710 514 1782 ipsa
528 1711 552 1766 G
566 1711 705 1784 capitalis,
721 1711 808 1768 aliam
834 1726 919 1783 quarn

453 1870 509 1905 aa
563 1859 619 1906 dc
654 1835 668 1908 Π
706 1871 761 1906 oa
861 1874 875 1904 ι
916 1873 970 1917 Η

305 1943 400 1990 Ης
453 1931 760 2027 ⁸¹f⁶⁶u⁰⁸
815 1943 969 1991 pagg

279 2012 389 2070 laudes
407 2014 541 2071 salvatori
558 2029 625 2069 roca
643 2013 822 2069 modulemur
839 2012 973 2086 supplici

159 2114 240 2170 mg
299 2105 363 2162 GG
417 2103 619 2160 GssGdo
693 2103 858 2179 Rosos
904 2105 973 2160 GG

278 2195 390 2252 laudes
406 2192 540 2250 salvatori
556 2207 627 2251 voce
645 2192 824 2250 modulemur
842 2193 971 2267 supplici.
1090 2267 1093 2274 ⁴

299 2284 362 2342 PF
417 2282 627 2340 I'AAFDO
663 2283 804 2339 BOAI'
838 2285 865 2338 Α
908 2282 972 2339 ΓΓ

278 2374 389 2432 Laudes
408 2372 544 2429 salvatori
561 2387 628 2428 voce
645 2371 824 2428 modulemur
841 2371 970 2445 supplici.

152 1901 258 1958 dcccli.

165 2325 250 2384 crac.

161 2581 300 2641 Nonnulli
309 2581 395 2638 etiam
402 2580 538 2654 diapason
546 2576 760 2634 consonantiam
768 2581 870 2634 vocant
882 2576 1086 2651 veprrimam
1096 2579 1125 2633 st
1138 2582 1266 2632 octavam
1280 2584 1376 2633 vocem
1385 2577 1429 2633 vel
1443 2577 1561 2636 inferius
1574 2580 1760 2648 diatessaron,

127 2679 245 2749 propter
256 2670 477 2745 proportionem,
492 2667 536 2722 vel
550 2667 617 2738 quia
628 2667 658 2722 in
677 2666 770 2738 prima
787 2671 816 2722 et
829 2671 926 2723 octava
966 2670 994 2722 et
1005 2666 1136 2739 diapente
1151 2666 1294 2738 superins,⁴
1307 2667 1380 2722 vele
1403 2684 1536 2724 converso
1562 2668 1709 2735 habeatur,
1731 2673 1764 2724 ut

124 2778 279 2820 consonam
292 2759 386 2815 reddit
394 2756 625 2821 modulationem,
640 2754 684 2810 vel
708 2754 794 2810 etiam
806 2755 874 2826 quin
891 2773 925 2810 es
965 2754 1269 2823 intercessissent
1289 2761 1318 2810 et
1338 2755 1366 2824 d,
1386 2755 1491 2813 interE
1506 2763 1535 2812 et
1546 2774 1572 2828 a,
1583 2758 1658 2830 quod
1667 2757 1698 2814 in
1709 2758 1763 2813 hac

122 2849 316 2908 consonantiis
329 2851 448 2915 constat,
464 2845 604 2918 siquidem
630 2844 807 2900 diatessaron
828 2849 858 2899 et
868 2843 926 2899 dia·
965 2845 1056 2917 figura
1069 2843 1247 2900 considerare
1259 2849 1351 2916 potes.

122 2946 210 3014 pente
222 2937 400 2996 constituunt
412 2934 558 3010 diapason,
582 2931 740 3008 praesertim
763 2949 828 2988 cum
851 2932 926 2989 inter

142 4916 202 5061 pp(
223 4915 369 4988 virgilius

221 4987 255 5044 In
266 4988 342 5043 scala
358 4986 466 5042 musica
478 5002 531 5040 vox
543 4983 637 5074 gravis
652 4988 682 5041 et
696 4988 781 5040 acuta
794 4982 835 5040 ita
823 4982 1015 5151 exprimitur
1027 4983 1133 5040 nostris
1147 4981 1262 5039 notulis.

130 5437 224 5494 Lau
276 5428 326 5484 des
396 5423 445 5480 Sal
518 5436 551 5474 va
640 5429 670 5478 to
741 5422 767 5477 ri
839 5437 872 5477 vo
926 5436 958 5476 ce
1013 5435 1060 5478 mo
922 5283 1477 5536 -1-..du'lsffl
1340 5440 1405 5482 mur
1458 5439 1512 5496 sup
1579 5421 1619 5497 pli
1694 5421 1720 5477 ci

73 5553 275 5624 Excellens
287 5568 354 5609 vero
369 5552 399 5609 in
414 5565 549 5625 suprema
559 5553 658 5606 octava
670 5563 721 5605 san
734 5547 917 5620 bisdiapason
928 5545 1120 5604 constituitur.
