3856 6176
207 277 260 334 802
696 272 727 328 Β.
749 267 960 326 tenentum
979 269 1161 326 annuntie.
1181 269 1350 326 leonine.
1774 273 1819 332 888

208 405 300 460 faeere
319 419 337 458 a
351 407 451 468 morte,
462 417 526 456 cum
537 399 660 462 clamore
674 397 766 451 ualido
785 401 813 450 et
828 395 959 466 lacrymis
970 395 1099 456 offerens,
1112 395 1260 449 exauditus
1270 399 1311 448 esi
1327 409 1439 465 prosae
1453 385 1609 452 rerara'ntia
1628 392 1652 447 7.
1664 394 1695 448 Et
1709 397 1818 466 quidem,

209 511 273 549 cum
287 498 360 548 esset
370 491 456 546 Filius
471 490 531 556 Dei,
540 486 567 544 8.
584 487 682 542 didicit
693 503 725 540 ex
735 486 769 540 iis
779 501 840 557 quae
852 501 951 555 passus
961 491 1003 538 est
1013 484 1212 540 obedientiam.
1229 481 1255 546 9.
1278 484 1311 538 lll
1337 490 1374 548 et,
1386 489 1609 548 consummatus
1620 483 1705 537 factus
1716 492 1755 539 est
1768 503 1821 540 om-

208 583 291 638 nibus
301 577 560 651 obtemperantibus
574 576 627 633 sibi
641 593 725 630 causa
739 574 838 628 salutis
853 579 973 637 aeternee,
992 575 1174 645 appellatusa
1187 574 1242 628 Deo
1259 573 1381 643 pontifex
1399 573 1439 628 ll.
1456 572 1537 642 juxta
1552 571 1674 624 ordinem
1692 572 1822 628 Melchise-

209 672 288 726 dech.
309 669 349 726 le.
365 669 405 723 Dc
420 685 475 740 quo
490 666 570 720 nobis
583 664 699 735 grandis
714 678 806 716 sermo
822 669 916 727 φιτ,
930 669 959 714 ot.
971 662 1190 732 interpretabilis
1202 662 1237 714 nd
1253 662 1400 716 dicendum
1411 661 1544 732 qnoniam
1555 659 1701 714 imbecilles
1720 661 1754 718 li.
1767 654 1822 717 tacti

211 761 278 814 estis
292 760 327 813 ad
341 757 522 813 audiendum.
540 754 648 809 Etenim
664 769 728 806 cum
744 751 884 806 deberetis
900 751 1027 820 magistri
1038 767 1099 804 esse
1114 757 1360 822 proptertempus,
1376 766 1489 804 rursum
1505 749 1635 818 indigetis
1648 751 1824 809 utrosdocea·

211 849 280 904 mini
297 865 359 920 quae
375 846 579 902 sintelementa
592 842 630 898 lt.
645 841 750 896 exordii
762 857 924 899 sermonum
937 841 997 905 Dei,
1010 845 1039 893 ct
1050 840 1115 893 facti
1127 840 1303 910 estisquibus
1319 839 1358 894 lb.
1369 839 1441 893 lacte
1457 855 1527 909 opus
1542 839 1649 904 sitnon
1664 839 1747 892 solido
1760 840 1822 894 cibo.

210 938 308 994 Omnis
321 937 396 992 enim
407 937 454 1008 qui
468 934 549 988 lectis
559 939 602 986 est
612 933 760 1002 particeps,
776 936 924 1001 expersest
934 929 1074 982 sermonis
1083 929 1215 998 justitin3
1229 929 1360 1000 paruulus
1376 930 1452 983 enim
1467 935 1519 982 est.
1540 927 1725 982 Perfectorum
1740 935 1825 982 ouum

211 1034 255 1084 cst
268 1027 375 1084 solidus
389 1025 478 1092 cibus,
494 1039 591 1084 eorum
607 1021 654 1092 qni
670 1038 720 1092 pro
736 1020 939 1074 consuetudine
953 1018 1121 1072 exercitatos
1135 1017 1240 1072 habent
1254 1035 1353 1078 sensus
1370 1018 1405 1072 ad
1425 1017 1623 1072 discretionem
1638 1015 1701 1070 boni
1714 1032 1745 1070 ac
1757 1017 1825 1070 moli.

938 1144 1115 1214 annuam,

238 1261 262 1318 l.
281 1263 459 1332 Quapropter
470 1257 690 1312 intermittentes
705 1252 893 1310 inchoationis
909 1251 1014 1322 Christi
1027 1267 1198 1317 sermonem,
1214 1250 1240 1306 t.
1255 1251 1290 1306 ed
1306 1249 1505 1321 perfectionem
1529 1247 1693 1314 referamur,
1709 1262 1760 1304 non
1774 1263 1829 1302 rnr-

211 1368 274 1407 sum
282 1351 418 1421 jacientes
433 1347 459 1402 3.
475 1347 690 1401 fundumentum
706 1343 879 1416 peanitentiae
895 1341 930 1396 nb
940 1340 1071 1412 operibus
1082 1342 1211 1406 mortuis,
1222 1346 1250 1396 et
1261 1340 1325 1396 edei
1334 1341 1371 1394 ad
1386 1341 1475 1394 Deum
1490 1337 1516 1394 4.
1527 1337 1725 1408 baptismatum
1738 1336 1831 1390 doctri-

212 1454 264 1504 noe,
277 1435 464 1507 impositionis
478 1450 587 1506 quoqne
602 1450 746 1500 manuum,
762 1450 795 1488 aa
808 1430 1020 1486 resurrectionis
1034 1436 1221 1496 nrprtnorum,
1235 1429 1261 1486 b.
1274 1436 1302 1485 at
1312 1434 1408 1496 ΜΒ
1419 1426 1638 1498 judiciiaeterni.
1653 1427 1687 1481 Et
1698 1426 1748 1480 hoo
1761 1425 1833 1480 facie·

891 1554 1189 1610 COMMENTARIUS.

211 1669 361 1727 claruerit:
378 1666 480 1724 Christi
498 1682 561 1720 rero
577 1665 692 1736 sanguis
715 1665 750 1720 ad
771 1663 1007 1735 interpellandum
1019 1666 1041 1722 Α
1054 1663 1081 1726 id
1098 1669 1148 1726 est,
1165 1661 1329 1736 probatione
1343 1661 1541 1735 propositionis
1555 1659 1662 1734 primae,
1675 1659 1834 1718 relecausa,

210 1775 261 1836 pro
274 1758 355 1820 nobis
369 1758 403 1812 de
417 1761 493 1812 terra
511 1757 614 1811 clamat
624 1754 660 1807 nd
675 1755 798 1808 Patrem.
1054 1752 1097 1806 rel
1110 1737 1243 1823 agenore
1257 1751 1412 1824 subjungit,
1431 1751 1478 1804 ubi
1493 1751 1533 1804 ait
1547 1769 1552 1802 ι
1567 1751 1705 1809 Paruulus
1715 1750 1835 1800 eninrert.

246 1847 273 1902 6.
292 1849 393 1902 Laura.
411 1849 496 1901 Illum
515 1849 623 1898 saltuem
638 1845 737 1910 fureret
753 1859 770 1896 a
790 1847 884 1896 marte.
902 1843 965 1895 Non
979 1846 1013 1895 ut
1053 1841 1132 1905 Quod
1146 1858 1210 1895 vero
1223 1830 1503 1908 dicit:P'crfectorum
1519 1843 1593 1892 enirn
1602 1843 1639 1892 est
1650 1838 1749 1890 solidus
1759 1837 1835 1888 cibus.

212 1942 381 2004 moreretur,
398 1936 447 1990 sed
462 1939 494 1988 ut
507 1933 696 2003 resurgendus
717 1949 735 1986 a
755 1937 846 1986 morte
860 1947 916 1986 non
930 1937 1010 1985 tene·
1051 1929 1231 1984 Probatiocst
1242 1929 1377 2001 quoniam
1392 1947 1448 1984 non
1465 1935 1509 1983 est
1521 1947 1591 2000 opus
1607 1928 1663 1982 illis
1682 1927 1761 1982 solito
1774 1924 1837 1978 cibo.

210 2031 300 2080 retur.
1086 2020 1162 2074 tle.
1174 2020 1222 2074 Vl.
1231 2050 1261 2060 -—
1272 2020 1429 2076 anona.
1446 2018 1618 2086 Quapropter
1628 2018 1837 2070 intermittentes.

249 2115 274 2168 rl.
293 2115 326 2168 Et
341 2115 452 2182 peridem
469 2116 619 2166 comesset.
642 2110 760 2181 Exponit
778 2111 868 2179 ipsam
881 2125 1013 2164 reneren-
1054 2107 1124 2172 Quia
1140 2108 1307 2162 exercitatas
1321 2125 1420 2162 sensus
1434 2107 1462 2160 in
1478 2107 1540 2176 lege
1555 2104 1669 2162 Domini
1683 2107 1788 2174 oportet
1798 2117 1840 2156 ros

213 2202 293 2262 finan
310 2203 413 2272 Magno
423 2200 498 2254 enim
510 2199 609 2268 religio
619 2199 672 2252 fuit
681 2215 757 2262 eum,
769 2199 816 2269 qui
827 2198 942 2268 aequalis
951 2202 1013 2264 erat
1052 2197 1166 2256 habere,
1184 2197 1406 2254 intermittamus
1426 2195 1614 2259 inchoationis
1628 2193 1732 2249 Christi
1743 2207 1840 2246 sarmo-

212 2291 299 2356 Patri,
316 2291 418 2344 duram
442 2289 471 2342 in
495 2289 624 2360 passione
645 2293 734 2342 morte
755 2287 943 2354 obedientiam
964 2287 1010 2358 [s.‚
1054 2303 1127 2342 aem.
1152 2288 1250 2341 Sermo
1270 2285 1456 2340 inchoationis
1470 2285 1577 2341 Christi
1588 2290 1632 2338 est
1650 2281 1760 2337 initium
1772 2278 1839 2334 fidei.
1920 2343 1921 2346 Ἴ

212 2385 333 2434 mortem
348 2376 520 2450 obedientia]
537 2376 667 2448 experiri,
1053 2375 1218 2431 sicutenim
1241 2375 1289 2446 qui
1311 2376 1341 2430 iu
1365 2375 1493 2430 doctrina
1515 2374 1678 2428 litterarum
1691 2369 1839 2430 adducitur,
1920 2417 1921 2420 ,

245 2467 274 2526 8.
290 2469 413 2523 hnnaos.
429 2469 533 2521 Didicit
551 2484 584 2520 en
604 2464 863 2520 bir.Cbodientiam
879 2465 1011 2520 didicisse
1052 2467 1191 2519 elemento
1209 2471 1321 2535 oportet
1341 2466 1463 2536 primum
1488 2463 1596 2528 audire,
1613 2462 1654 2516 sic
1674 2459 1842 2514 Christianus

212 2557 316 2614 Filium
332 2556 391 2623 Dei,
407 2556 460 2610 hoc
474 2561 518 2610 est
532 2555 687 2610 voluntarie
702 2554 866 2625 suscepisse.
1051 2555 1172 2626 primuni
1187 2555 1314 2610 omnium
1330 2554 1364 2608 de
1379 2554 1434 2607 fide
1449 2551 1586 2606 calholica
1598 2549 1706 2604 erudiri
1718 2546 1805 2602 debet.
1817 2543 1842 2598 Si

249 2646 280 2704 n.
293 2646 327 2700 Et
337 2648 546 2699 consummatus
560 2650 608 2710 erl,
621 2644 649 2698 id
666 2649 718 2708 est,
740 2645 878 2715 perfectus
889 2648 917 2697 et
930 2643 1010 2696 susti·
1051 2651 1146 2700 autem
1160 2661 1230 2716 opus
1244 2649 1287 2698 est
1301 2645 1336 2698 de
1350 2643 1406 2697 lide
1420 2643 1519 2696 docere
1532 2641 1578 2711 if,
1595 2637 1717 2710 doceri],
1733 2635 1843 2690 necdum

212 2736 288 2792 eiam
304 2733 475 2790 adsalutem
490 2738 622 2787 uterinam
634 2733 759 2787 oninium
771 2732 955 2787 credentium.
1052 2734 1267 2788 fundamentum
1283 2732 1376 2787 babet·
1394 2733 1422 2787 Si
1436 2732 1511 2785 enim
1527 2747 1598 2801 opus
1623 2733 1667 2782 est
1688 2727 1788 2782 iterum
1802 2739 1845 2776 arr·
1919 2715 1921 2740 ³

250 2823 296 2882 lb.
316 2825 426 2880 hanan.
448 2823 478 2876 Et
498 2828 708 2876 corrsemmatus
730 2828 777 2876 est.
792 2824 1011 2876 Consummatus
1052 2823 1121 2884 dire,
1139 2825 1205 2894 quia
1217 2823 1329 2877 credere
1345 2838 1409 2876 eum
1432 2825 1544 2891 oportet
1558 2819 1592 2872 do
1606 2815 1845 2874 resurrectioncet
1918 2801 1921 2833 ⁴³

212 2913 266 2968 etsi
281 2912 345 2968 eliis
359 2912 470 2980 pidotar
483 2911 623 2976 seductor,
634 2911 690 2966 illie
700 2916 796 2966 tamma
806 2913 881 2965 risus
891 2916 933 2964 est
943 2928 1010 2966 con·
1052 2913 1146 2967 futuro
1162 2913 1273 2978 seculo,
1291 2913 1412 2965 necdum
1426 2909 1646 2964 fundamentum
1662 2905 1757 2960 habet.
1920 2891 1921 2922 ³

212 3007 382 3068 summotus,
398 3001 426 3056 id
448 3005 500 3067 est,
522 3001 661 3073 perfectus
676 3000 723 3072 qui
746 3000 1044 3087 obtemperaveruutB
1087 3001 1113 3056 t.
1136 3003 1178 3056 ,ld
1198 3005 1405 3070 perfectionem.
1426 2999 1584 3054 Perfectum
1608 2997 1689 3051 illum
1712 3007 1844 3057 remmus,
1918 2983 1921 3014 r

211 3091 265 3148 sibi
279 3108 365 3146 ceusu
379 3091 478 3145 solutis
491 3095 613 3145 eeternae.
630 3090 725 3143 Potest
738 3095 767 3144 et
780 3089 821 3144 ita
835 3090 971 3160 distingui
980 3095 1012 3144 ut
1053 3091 1099 3162 qui
1116 3107 1178 3145 cum
1193 3091 1247 3144 nde
1261 3091 1347 3144 vitam
1361 3088 1448 3142 habet
1471 3093 1587 3141 rectum.
1608 3087 1639 3142 Si
1655 3090 1749 3139 autem
1765 3097 1846 3136 unum

212 3198 296 3236 causa
312 3180 503 3239 nominativus
513 3196 594 3234 casus
608 3179 655 3240 sit,
667 3179 719 3232 boe
730 3178 827 3233 modo:
840 3184 868 3232 ct
878 3195 1011 3232 consum·
1052 3196 1149 3234 eorum
1162 3178 1260 3244 deerit,
1279 3177 1419 3249 perfectus
1430 3193 1488 3231 uon
1502 3175 1575 3243 erit,
1590 3175 1619 3230 si
1643 3173 1736 3238 arubo,
1752 3169 1846 3226 merito

212 3275 317 3330 matus,
328 3271 357 3324 id
369 3274 420 3334 est,
430 3268 579 3340 perfectus,
589 3269 641 3332 vel,
655 3266 690 3320 ab
700 3267 858 3320 hocsaerulo
870 3273 1008 3332 meruius,
1051 3269 1183 3339 parvulus
1196 3269 1238 3340 if,
1251 3267 1401 3339 perfectus]
1417 3266 1527 3320 dicitur.

212 3359 302 3421 factus
316 3365 359 3412 est
371 3373 457 3412 causa
471 3357 570 3410 salutis
585 3362 697 3410 aeternae
720 3355 850 3410 omnibus
865 3355 1010 3427 obtempe-
1086 3358 1112 3412 3.
1128 3359 1229 3412 lienrn.
1246 3359 1472 3412 Fundamentum
1489 3355 1661 3425 Quicumque
1678 3352 1777 3406 doctor
1788 3347 1849 3402 ioh-

212 3447 342 3500 rontibus
357 3444 429 3512 sibi3
446 3445 588 3515 perfidem
603 3445 677 3498 enirn
689 3444 826 3515 passionis
840 3449 869 3498 et
882 3460 1010 3500 resurre·
1051 3445 1127 3499 deles
1136 3446 1171 3499 ad
1180 3446 1416 3512 frdemoonvertit,
1429 3445 1475 3500 hic
1485 3444 1628 3515 imprimis
1637 3440 1849 3497 fundamentum
1919 3459 1920 3464 ¹

213 3535 314 3590 odonis
327 3534 405 3588 illius
423 3535 569 3588 salvantur
586 3533 742 3588 credentes.
1051 3533 1193 3588 mentibus
1199 3535 1279 3605 jecit,
1290 3535 1386 3590 diceus
1395 3539 1524 3604 oportere
1535 3549 1582 3586 eos
1591 3536 1777 3603 peccatorum
1788 3542 1849 3579 mo·
1913 3537 1920 3556 ·¹

251 3623 293 3680 ll.
310 3625 395 3676 fucta
406 3624 542 3676 ordinem.
560 3622 643 3676 Juxta
657 3622 743 3676 ritum
759 3621 894 3676 offerendi
908 3637 1010 3692 panem
1051 3624 1268 3694 rumpoenitere,
1278 3624 1307 3679 in
1316 3625 1403 3678 Deum
1413 3623 1537 3687 credere,
1544 3619 1780 3676 inremissionem
1791 3629 1852 3686 poc·

213 3716 242 3772 et
255 3710 360 3788 vinum,
377 3709 450 3781 qnod
465 3709 667 3766 Melchisedech
690 3710 799 3780 primns
821 3711 919 3764 fecisse
942 3711 1012 3780 legi·
1052 3719 1177 3768 aetorum
1193 3713 1338 3783 baptizari,
1362 3729 1412 3783 pro
1434 3710 1606 3782 accipiendis
1621 3709 1715 3764 serrrcri
1736 3704 1850 3776 Spiritus

212 3803 277 3868 ium
294 3816 355 3870 qum
370 3805 464 3862 tumen
483 3798 512 3862 iu
525 3798 632 3862 Christi
654 3816 767 3864 carnem
792 3805 821 3854 et
844 3801 1010 3874 sanguinem
1051 3803 1170 3857 donisin
1182 3803 1505 3874 impositionemenuum
1515 3798 1642 3870 episcopi
1653 3791 1849 3858 consummari,
1919 3797 1920 3800 ’

212 3893 422 3957 convertuntur.
1050 3891 1263 3946 resurrectionis
1277 3897 1305 3946 ct
1316 3889 1415 3960 judicii
1424 3889 1498 3943 diem
1512 3887 1685 3959 praestolari.

250 3976 292 4042 12·
310 3979 346 4040 lfa
368 3993 421 4045 quo
442 3977 571 4044 erema.
598 3976 638 4044 Si,
665 3975 767 4047 inquit.
784 3976 919 4042 vallemus
932 3978 1009 4034 robis
1087 3981 1113 4036 l.
1131 3981 1256 4036 Anonos.
1273 3983 1487 4050 Baptismatum.
1500 3978 1578 4033 Siout
1593 3994 1654 4032 una
1667 3977 1739 4032 fides
1751 3979 1801 4040 ed,
1817 3971 1853 4024 ita

213 4065 1014 4137 exponerecurChrisisteutidumordinemltelehise-
1053 4085 1142 4122 nnnm
1170 4069 1330 4140 baptisma;
1352 4070 1400 4123 sed
1425 4085 1476 4138 pro
1492 4067 1630 4122 varietate
1655 4063 1852 4137 accipientium
1917 4093 1919 4098 ·

212 4155 282 4217 dach
294 4155 385 4222 factus
400 4160 443 4210 est
456 4155 591 4238 pontifex,
601 4155 717 4226 grundis
732 4154 912 4210 nobissermo
927 4163 1010 4223 esset,
1054 4159 1214 4230 [baptisma]
1238 4159 1435 4226 baptismatum
1453 4151 1533 4211 dixit.
1556 4155 1601 4210 Ne
1627 4173 1696 4212 vero
1716 4155 1853 4210 ullatenm
1918 4167 1919 4172 ¹

212 4243 377 4313 necessariis
400 4244 445 4316 if,
471 4245 659 4314 necessarius]
681 4249 709 4298 et
730 4243 959 4320 interpretabilis,
984 4246 1012 4302 id
1054 4247 1267 4318 quisecuudnm
1280 4247 1512 4317 aestimaretpoet
1530 4252 1684 4316 peecatum
1701 4244 1763 4300 fiesi
1778 4255 1854 4314 posse
1917 4267 1919 4280 .

212 4338 264 4404 est,
279 4333 386 4393 habens
401 4333 504 4391 multas
517 4333 703 4406 expositiones
714 4334 913 4407 mysteriorum
930 4341 959 4388 et
973 4335 1012 4388 al·
1022 4343 1043 4401 G
1053 4335 1202 4408 baptisma,
1213 4336 1359 4406 adjungit:
1372 4337 1541 4403 Impossibile
1551 4341 1589 4388 ert
1600 4352 1646 4390 eos
1657 4339 1710 4404 qni
1727 4334 1807 4388 sereret
1820 4332 1854 4381 il-

211 4421 393 4491 legoriat'um·
1052 4427 1188 4480 tuntinati
1204 4443 1255 4495 per
1276 4429 1400 4494 pretium
1413 4429 1504 4479 sancti
1518 4423 1656 4492 Spiritus,
1672 4424 1855 4494 pnstouernnt
1917 4443 1919 4464 ι

247 4508 292 4563 13.
308 4511 384 4580 Facti
396 4512 458 4564 estis
471 4510 507 4564 ud
520 4507 705 4578 audiendam,
721 4511 817 4578 idest,
844 4511 879 4566 ad
902 4512 1010 4568 intelli·
1050 4519 1135 4570 etiam
1149 4516 1253 4570 donmn
1269 4519 1366 4570 celeste
1381 4515 1441 4580 (hoc
1455 4519 1499 4568 est
1516 4514 1720 4569 remissionem
1736 4517 1856 4584 pececato-

211 4597 345 4670 gendum,
369 4597 443 4651 sicut
455 4598 491 4652 ad
504 4598 664 4654 Corinthios
679 4618 684 4653 :
701 4601 791 4656 Nemo
808 4601 895 4660 audit,
911 4602 1007 4669 idest,
1051 4607 1122 4672 rum)
1136 4611 1159 4658 et
1172 4607 1322 4673 participes
1332 4605 1474 4672 foetiscat
1484 4604 1542 4672 Spin
1552 4608 1610 4658 r'tus
1620 4603 1758 4672 sanctific
1768 4597 1858 4655 distri-
1918 4615 1919 4658 l

210 4685 354 4758 inlelliffl'f·
1049 4691 1166 4747 batione
1180 4693 1326 4759 donorum)
1336 4697 1361 4746 et
1372 4693 1473 4745 beurim
1483 4693 1530 4745 Ilei
1538 4693 1659 4746 uerbum
1674 4692 1856 4760 perlucerent

250 4773 292 4830 ld.
309 4775 426 4844 Enordr'i
435 4791 593 4830 sermonum
605 4777 662 4830 Dei.
679 4775 832 4833 Exordium
848 4796 1010 4836 sermonum
1050 4783 1123 4854 (hmo
1132 4787 1177 4836 est
1187 4780 1499 4850 doctrinaErangeliea)
1514 4785 1538 4833 et
1551 4783 1677 4836 uirtutes
1690 4780 1806 4835 uenturi
1815 4793 1857 4830 sa·

211 4863 263 4919 Dei
275 4869 355 4918 rocat
366 4863 531 4935 Symbolum
541 4864 707 4921 Christiana
722 4868 796 4934 fidei,
809 4869 883 4942 quod
893 4885 949 4923 non
962 4887 1007 4924 so·
1052 4875 1109 4925 enti
1133 4876 1316 4940 conuenerunt
1332 4870 1369 4940 (id
1384 4876 1436 4933 est,
1451 4870 1696 4926 resurrectionem
1722 4877 1754 4926 et
1774 4869 1858 4922 vitam
1917 4909 1918 4914 .

211 4953 268 5008 lum
279 4969 337 5008 non
351 4953 554 5024 intelligebant,
572 4955 618 5008 sed
640 4971 690 5009 nec
705 4956 794 5027 ipsam
818 4953 1007 5012 litteraturam
1049 4960 1159 5015 matam
1172 4977 1235 5031 quae
1249 4959 1354 5014 sanctis
1364 4959 1557 5030 promittitur),
1573 4962 1599 5012 si
1619 4962 1654 5014 in
1675 4960 1799 5029 peccetis
1816 4958 1859 5012 in-

209 5058 266 5114 qua
279 5043 427 5114 praefertur
447 5043 492 5113 [fi.
515 5044 666 5115 profertur]
682 5047 846 5101 nrenroriter
871 5047 1006 5102 sciebant.
1049 5052 1152 5115 aidani,
1170 5052 1274 5103 florum
1296 5051 1435 5103 renouari.
1455 5049 1544 5118 Cujus
1561 5046 1753 5118 baptismatis
1767 5047 1857 5100 naus

246 5133 287 5186 15.
304 5134 455 5201 Laeteopus
465 5135 510 5187 sit.
528 5133 583 5187 Lac
599 5140 641 5187 est
652 5134 743 5189 brevis
759 5126 912 5191 insinuatio
923 5143 951 5191 et
963 5138 1008 5192 fn-
1048 5138 1077 5192 in
1091 5154 1173 5192 cruce
1185 5145 1215 5192 et
1229 5136 1374 5208 sepultura
1389 5137 1493 5192 Christi
1506 5141 1640 5204 constat3
1658 5136 1783 5208 proinde
1799 5133 1861 5190 sub
1916 5179 1918 5194 2

207 5220 1006 5297 cilisobservotiomorum.Soliduseibusesti-atioipsius
1045 5228 1141 5298 jungit
1158 5245 1164 5281 :
1183 5227 1263 5282 Sicut
1284 5227 1361 5281 anun
1383 5227 1470 5280 semel
1491 5226 1623 5280 Christus
1651 5231 1790 5282 manuus
1820 5228 1861 5278 est

207 5310 273 5364 fidei
292 5317 321 5365 et
341 5310 465 5382 perfecta
483 5311 627 5366 institutio
650 5313 723 5366 titre.
739 5313 862 5370 Probare
885 5315 1007 5370 intendit
1047 5334 1131 5372 arrae
1145 5317 1175 5371 in
1189 5333 1285 5382 cruce;
1301 5316 1407 5370 sunus
1421 5316 1508 5370 semel
1527 5315 1674 5372 morimur
1697 5315 1730 5370 in
1753 5312 1861 5388 baptis·
1917 5353 1918 5374 3

208 5399 340 5471 quiaillis
350 5417 420 5471 opus
430 5399 574 5470 estlacte3
590 5401 681 5456 omnis
694 5402 770 5457 enim
785 5420 883 5476 expers
896 5421 1004 5460 sermo-
1046 5414 1131 5473 mate,
1148 5423 1203 5462 non
1218 5422 1311 5472 carne,
1326 5405 1375 5460 sed
1390 5410 1517 5476 perusto.
1916 5443 1918 5470 ,

207 5490 251 5544 nis
262 5489 380 5561 juneo
393 5491 534 5562 particeps
549 5496 593 5546 est
606 5491 696 5550 lactis.
711 5495 776 5548 liae
786 5493 912 5565 probatio
925 5494 954 5548 in
969 5494 1005 5548 li·
1079 5495 1107 5550 5.
1123 5495 1231 5551 Linea.
1255 5495 1291 5550 Et
1308 5494 1423 5563 iudicii,
1439 5491 1507 5564 quio
1523 5491 1622 5563 quales
1633 5492 1675 5548 de
1688 5492 1802 5565 iudicio
1815 5507 1860 5546 es·
1916 5533 1918 5560 ,

206 5575 258 5634 bro
268 5593 414 5634 eoum
430 5577 489 5635 'fos
499 5584 600 5635 autem
619 5581 688 5637 ostis
705 5587 835 5654 amites
850 5583 1003 5652 moeris,
1044 5582 1136 5654 ibunt,
1150 5583 1225 5640 tales
1238 5581 1302 5639 sine
1315 5582 1372 5638 nne
1383 5579 1552 5638 monebunt.
