3872 6162
216 281 277 367 ‘ers
746 308 1352 369 sauvvasmvraamvrsaiassae.
1777 307 1820 372 m

226 431 603 508 cunquesitobedientiarlos
612 433 725 494 recedit]
735 435 859 508 deponit,
871 439 1128 516 utparatusAsens
1145 455 1201 492 non
1210 435 1314 490 buerit:
1329 436 1353 488 si
1377 423 1412 487 ‹le
1436 431 1480 485 via
1506 432 1618 488 veniens
1640 431 1669 487 in
1689 441 1720 488 et
1737 433 1776 492 die
1794 438 1822 492 td

180 527 190 540 ⁸
227 523 273 588 sit,
287 525 311 577 si
326 522 396 578 torte
408 521 545 592 judicium
559 521 789 595 subirejubetur.
814 527 877 581 'Et
898 533 930 581 ut
950 527 1023 580 adsit
1063 529 1147 582 noem
1164 525 1282 594 alicujus
1296 525 1372 578 horae
1386 521 1607 576 benedictionem
1627 534 1680 576 non
1701 527 1823 594 acceperit,

227 612 262 666 ad
276 628 387 682 vorsum
402 603 441 666 ibi
453 611 601 666 dicendum
617 613 759 668 observat:
784 616 857 686 quod
873 616 896 669 si
918 617 970 670 lroc
993 617 1022 670 in
1064 620 1104 671 vel
1121 617 1143 671 si
1159 616 1263 685 absque
1279 633 1311 668 ea
1323 615 1357 667 de
1368 611 1538 666 monasterio
1548 611 1652 672 exierit,
1667 613 1711 668 sed
1721 613 1824 668 inimii-

227 699 427 755 consuetudine
449 699 581 755 habuerit
600 703 752 774 negligere,
771 705 948 776 inclamatur.
970 705 1021 759 ilt-
1064 705 1149 760 duum
1164 721 1219 758 nnn
1235 703 1360 757 redierit.
1377 702 1450 756 Sane
1464 715 1519 754 non
1536 699 1624 754 aulum
1636 715 1767 772 prosapta
1779 701 1826 756 dic·

224 789 317 844 tendit
329 805 440 862 quoque
453 791 477 845 si
491 797 605 846 notatos
614 793 643 846 in
650 793 747 847 tabula
757 791 974 860 lbinominator,
990 799 1023 849 ut
1063 795 1109 853 tis.
1123 795 1171 849 sed
1188 795 1250 848 aliis
1265 791 1431 862 quibusdam
1443 787 1619 860 negligentiis
1628 789 1826 846 venisiarienda.

225 882 294 933 tunc
312 879 446 947 inclinet;
463 886 492 935 et
505 881 529 934 si
547 879 785 937 hebdomadarius
807 881 845 936 ibi
865 882 1022 954 appellatus
1063 885 1141 941 Sicut
1155 888 1206 937 est.
1223 882 1246 936 si
1265 881 1378 942 librum,
1395 865 1488 950 quiin
1507 876 1579 932 levia
1592 879 1686 948 quinta
1698 879 1828 950 quadrage·

223 965 318 1032 luerit,
334 969 391 1022 sive
402 969 463 1034 hoc,
480 969 538 1024 sive
551 970 694 1041 proprium
706 987 808 1026 nomen
831 971 869 1024 ibi
882 973 1019 1042 audierit3
1062 975 1141 1029 simae
1156 974 1180 1028 ei
1192 971 1274 1026 datus
1285 975 1337 1032 est,
1353 969 1425 1023 inira
1437 979 1542 1022 anirum
1552 983 1608 1021 nou
1621 968 1758 1038 perlegerit
1770 987 1775 1034 3
1788 985 1828 1039 pro

225 1061 254 1110 et
285 1057 396 1130 quando
420 1057 559 1113 festivitas
578 1057 682 1137 aliqua,
705 1077 767 1129 quae
795 1059 823 1114 in
847 1061 951 1132 Cappis
979 1066 1021 1115 est
1062 1083 1116 1138 quo
1132 1061 1345 1119 tameav·eniam
1357 1058 1483 1112 revoluto
1497 1056 1827 1122 aonoineodemdielacit

224 1147 343 1218 agenda,
353 1145 391 1201 lbi
401 1147 582 1219 pronuntiata
591 1147 677 1202 fuerit
686 1166 692 1212 ;
701 1147 1021 1203 simililerelincllnante
1061 1156 1085 1211 si
1100 1153 1244 1225 corporale
1259 1151 1300 1203 vel
1314 1140 1487 1202 bffertorium
1504 1147 1547 1200 vel
1561 1147 1677 1200 linteum
1690 1145 1721 1199 ad
1735 1153 1828 1216 pomp.

227 1235 330 1291 domno
346 1235 466 1303 abbate3
483 1237 531 1290 sed
543 1242 571 1291 et
582 1237 693 1307 quando
707 1237 780 1291 idem
796 1238 1018 1306 domuusabbas‚
1062 1245 1112 1300 dos
1124 1243 1234 1304 calices,
1255 1239 1297 1292 rel
1313 1227 1347 1291 ad
1363 1241 1494 1308 patenam
1510 1235 1700 1288 involvendam
1713 1241 1827 1303 aptatum,

225 1325 292 1398 (oo.)
308 1324 354 1379 vel
368 1326 493 1396 ordinem
515 1333 614 1380 tenens
638 1327 714 1400 priqr
734 1327 836 1381 dixerit
859 1331 1018 1383 Benedicite.
1061 1338 1096 1391 de
1107 1337 1167 1405 ejus
1178 1327 1385 1402 negligentiaad
1397 1333 1502 1380 terram
1514 1325 1661 1390 ceciderit;
1675 1324 1828 1378 allectionem

224 1410 367 1469 inclinat*
378 1415 438 1478 Quo
450 1415 533 1476 dicto,
550 1414 585 1468 ob
596 1431 912 1486 quamcunquerausam
926 1419 1020 1473 exiens
1062 1439 1140 1478 suam
1156 1420 1198 1473 vel
1214 1416 1421 1488 responsorium
1437 1415 1551 1468 omnino
1562 1410 1751 1482 neglexerit;sv
1761 1413 1829 1464 talem

225 1503 282 1558 sive
296 1503 475 1574 ingrediens;
492 1503 546 1557 nisi
565 1519 627 1558 cum
648 1505 750 1558 domno
764 1503 873 1566 abbate,
892 1507 934 1559 vel
956 1523 1020 1561 cum
1062 1510 1184 1564 sonitum
1201 1509 1229 1561 in
1244 1505 1408 1559 dormitorio
1424 1509 1509 1558 noctu
1522 1502 1628 1560 feeerit.
1645 1517 1775 1572 perquem
1786 1500 1830 1552 im-

224 1594 316 1648 nudus
340 1593 441 1663 aliquis
463 1591 618 1655 intraverit,
644 1591 712 1646 dicit
734 1595 882 1648 Berredicite
892 1613 899 1656 ,·
920 1594 960 1649 ita
977 1601 1019 1656 ut,
1062 1605 1120 1654 tres
1135 1591 1315 1668 inquietavit3
1332 1595 1354 1647 si
1368 1593 1396 1646 in
1410 1591 1574 1656 infirmaria,
1589 1590 1632 1644 vel
1655 1591 1683 1644 in
1697 1591 1760 1644 cella
1772 1589 1831 1642 novi·

224 1681 272 1754 qul
286 1698 372 1753 prope
382 1680 496 1754 capituli
512 1681 610 1735 sedent
623 1681 780 1746 introitum,
805 1683 951 1738 audientes
975 1701 1021 1739 re·
1062 1688 1166 1741 tiorum
1183 1703 1231 1756 pro
1253 1682 1444 1737 misericordia
1463 1680 1586 1734 donnire
1610 1679 1763 1748 permissus,
1781 1684 1831 1731 autc

222 1771 380 1842 spondeant
394 1770 536 1824 Dominam.
555 1771 609 1824 Sed
629 1771 652 1823 si
676 1771 798 1842 aliquem
822 1773 1018 1841 introduxerit,
1029 1751 1212 1832 Bnocturnos
1228 1773 1338 1836 biberit,
1355 1770 1482 1842 quamvis
1493 1785 1575 1823 mane
1590 1769 1650 1822 sine
1668 1768 1832 1822 licentiainde

223 1860 349 1930 apertius
365 1858 571 1928 aliquantulum
589 1857 619 1912 id
632 1860 709 1926 dicit,
735 1867 763 1914 et
784 1865 851 1914 tunc
870 1868 1021 1917 conventus
1060 1883 1116 1921 non
1136 1864 1253 1919 exierit:
1268 1861 1291 1916 si
1306 1860 1489 1914 mutatorium
1504 1874 1586 1912 suum
1603 1857 1633 1911 in
1654 1857 1786 1912 Dominico
1798 1855 1832 1910 die

221 1948 382 2020 respondet.
402 1947 432 2002 Si
446 1947 501 2002 duo
522 1949 564 2002 vel
578 1947 672 2018 plures
685 1950 860 2018 intraverint,
871 1951 918 2006 ille
933 1953 1019 2020 solus,
1061 1955 1090 2010 in
1110 1953 1233 2025 capitulo
1248 1950 1395 2010 invenerit,
1405 1949 1461 2002 sive
1475 1947 1564 2018 pridie
1578 1945 1832 2000 inmonasterioloe-

223 2037 271 2108 qui
285 2033 426 2109 praecedit,
444 2037 594 2090 Benedictio
613 2037 689 2091 dicit.
1061 2046 1100 2098 rit
1111 2043 1152 2097 vel
1168 2057 1235 2096 nou.
1256 2041 1285 2095 Si
1307 2038 1374 2110 quid
1396 2039 1462 2099 tale,
1482 2037 1555 2091 sicut
1574 2041 1617 2090 est
1641 2037 1728 2105 major
1745 2049 1831 2096 cereus,

507 2125 624 2180 CAPUT
637 2125 733 2180 XLIX·
1060 2132 1184 2204 fregerit,
1201 2129 1356 2202 perdiderit
1376 2128 1417 2182 vel
1438 2125 1613 2198 prodiderit,
1637 2125 1660 2179 si
1688 2125 1749 2195 qaid
1768 2123 1833 2176 vesti-

394 2217 433 2269 Ne
446 2231 589 2269 conversus
603 2232 621 2268 a
635 2231 758 2269 tertione
769 2218 847 2270 desii.
1061 2221 1148 2276 menti
1163 2221 1206 2274 sui
1220 2217 1403 2290 pejeraverim
1418 2216 1461 2270 vel
1476 2215 1497 2270 si
1509 2215 1660 2285 corrigiam
1674 2213 1832 2274 rasoriorum,

255 2306 267 2330 '
280 2303 387 2360 Verum
403 2319 553 2358 conversus
568 2304 603 2357 ad
620 2320 776 2358 sermonem
793 2321 828 2358 ne
841 2303 921 2368 desit,
938 2323 1017 2360 surn-
1057 2309 1137 2364 itaut
1154 2309 1244 2363 eidem
1257 2309 1332 2362 ultro
1346 2305 1410 2360 usui
1422 2321 1478 2358 non
1492 2305 1592 2375 prosit,
1609 2301 1751 2368 inciderit;
1773 2301 1792 2353 si
1808 2299 1833 2352 li-

221 2398 419 2465 moperecavet
430 2411 436 2460 ;
448 2409 511 2447 cum
525 2391 646 2446 maxime
657 2399 771 2463 propter
780 2393 851 2447 tales
863 2395 924 2448 lieri
936 2397 1015 2451 solet.
1058 2397 1151 2459 brom,
1167 2399 1196 2452 in
1212 2413 1266 2468 quo
1285 2395 1320 2449 ad
1343 2393 1520 2448 refectorium
1547 2392 1632 2447 debet
1653 2391 1716 2466 legi,
1740 2390 1770 2444 de
1786 2389 1833 2458 ejus

219 2482 296 2538 Infra
306 2498 388 2554 quern
400 2481 515 2536 etiamsi
524 2481 1017 2554 dormierit,inclavuatur.Postquam
1059 2487 1186 2558 neglectu
1197 2487 1226 2539 in
1239 2491 1366 2556 tempore
1380 2483 1419 2536 ibi
1429 2481 1557 2545 defuerit,
1570 2481 1596 2535 is
1605 2479 1717 2552 probis,
1728 2479 1832 2549 inquam,

220 2577 315 2625 autem
331 2575 472 2624 ateneute
484 2569 610 2623 ordinem
624 2569 743 2623 dicitur:
762 2573 920 2638 loquimini
934 2571 965 2626 cle
975 2589 1018 2626 or·
1059 2575 1189 2632 omnibns
1204 2589 1259 2628 non
1272 2573 1441 2628 inclamatus
1450 2571 1560 2625 veniam
1576 2575 1664 2641 petat,
1684 2575 1712 2623 et
1722 2567 1800 2623 oratio
1814 2565 1833 2616 ei

219 2659 294 2729 dina,
307 2664 335 2713 et
349 2658 384 2713 ad
399 2659 536 2713 actionem
553 2657 666 2732 capituli
686 2663 799 2713 ventum
814 2659 1018 2733 lueritexspe·
1059 2683 1109 2736 pro
1132 2663 1309 2734 indulgentia
1331 2663 1510 2731 injungatur3
1533 2659 1561 2713 ni
1586 2665 1646 2712 tam
1672 2657 1791 2728 hequem
1812 2659 1835 2706 'et

220 2751 323 2817 emtor,
338 2749 363 2802 si
378 2747 440 2824 quis
452 2747 582 2802 lnilrmus
601 2743 639 2800 ibi
660 2747 706 2811 sit,
725 2748 773 2818 qul
798 2765 849 2820 pro
867 2750 1017 2805 reiectione
1057 2753 1122 2809 talis
1136 2755 1173 2808 sit
1196 2754 1288 2823 culpa,
1308 2765 1369 2824 quae
1388 2749 1476 2822 priori
1492 2749 1632 2814 videatur,
1650 2757 1705 2802 uon
1731 2746 1766 2801 sic
1785 2758 1835 2797 esse

219 2836 320 2902 camis,
334 2853 418 2908 quam
434 2835 574 2902 habuerit,
585 2835 696 2890 veniam
710 2841 806 2907 petere
819 2837 929 2902 debeat,
946 2843 974 2893 et
993 2840 1016 2894 si
1058 2843 1268 2898 remittendam.

219 2925 377 2993 circatores,
394 2925 441 3004 qui
456 2927 562 2997 primas
580 2925 795 2980 inclamationes
810 2927 925 2987 faciunt,
948 2927 1015 3000 quid
1091 2931 1196 2987 Tamen
1210 2933 1318 2985 restant
1331 2927 1396 2992 tria,
1419 2943 1471 2998 pro
1496 2941 1619 2997 quorum
1640 2925 1762 2996 neglectu
1781 2925 1835 2977 item

216 3013 513 3087 loqulhabeant;(ou.
530 3021 601 3085 aar.)
618 3014 718 3069 deinde
741 3015 764 3070 si
787 3015 855 3085 quid
874 3017 900 3070 ei
921 3033 1016 3071 exces-
1056 3027 1155 3094 sponte
1171 3037 1222 3075 sua
1236 3020 1345 3076 veniam
1360 3022 1446 3088 petat,
1461 3016 1508 3070 sed
1539 3021 1637 3070 tamen
1653 3015 1781 3086 judicium
1800 3027 1837 3068 ne

216 3119 264 3158 sus
279 3103 458 3176 aliquomodo
470 3103 595 3174 contigit,
612 3119 663 3175 pro
679 3121 733 3176 quo
744 3105 804 3159 siue
817 3104 1016 3160 inclamatione
1058 3127 1199 3181 quaquam
1215 3107 1329 3165 evadat:
1346 3106 1450 3161 scillcet
1463 3105 1486 3159 si
1497 3105 1560 3176 quis
1571 3111 1603 3158 et
1614 3105 1648 3158 de
1662 3103 1705 3158 lais
1716 3103 1837 3173 negligen-

217 3189 301 3247 debet
311 3193 420 3248 veniam
432 3193 755 3264 petere,neinclamctur
764 3195 823 3265 ipse
833 3195 1013 3265 preveniens
1057 3199 1112 3261 tiis,
1131 3215 1192 3269 qum
1206 3197 1235 3251 in
1249 3193 1486 3264 abbatiscapitulo
1500 3193 1693 3258 inveniuntur,
1703 3192 1731 3246 in
1740 3205 1836 3261 corpore

217 3279 275 3336 slve
290 3281 361 3336 alius
375 3282 453 3346 vidit,
479 3282 536 3336 sive
552 3297 617 3345 non,
638 3283 748 3336 veniam
772 3283 852 3354 petit,
877 3299 1015 3356 suamque
1057 3289 1099 3342 vel
1114 3286 1252 3356 sanguine
1269 3283 1382 3339 Domini
1396 3283 1454 3337 sive
1466 3281 1537 3336 clam
1548 3281 1607 3338 sive
1618 3283 1709 3355 palam
1719 3279 1835 3336 evenerit:

217 3370 328 3443 culpam
343 3369 456 3424 latetur.
473 3369 528 3424 Sed
543 3373 760 3441 quantacunque
770 3372 903 3434 fateatur,
920 3377 1015 3427 tamen
1056 3377 1080 3430 si
1094 3393 1143 3447 per
1155 3376 1226 3430 duas
1243 3375 1315 3428 vices
1328 3373 1356 3427 in
1369 3389 1454 3436 anno,
1469 3371 1497 3425 id
1515 3377 1558 3426 est
1581 3371 1696 3443 quando
1718 3368 1836 3426 Nativitas

215 3475 273 3513 non
284 3459 405 3530 amplius
418 3457 526 3512 veniam
540 3457 619 3529 petit,
636 3465 737 3530 praeter
751 3459 828 3513 illam
846 3477 929 3531 quam
942 3461 1015 3531 peti·
1056 3472 1085 3518 ot
1099 3464 1283 3519 Annuntiatio
1298 3461 1410 3517 Domini
1429 3461 1631 3532 pronuntiatur
1646 3461 1675 3515 in
1687 3459 1797 3531 capitulo
1813 3457 1835 3509 iu

216 3547 266 3614 vit,
282 3547 336 3600 nisi
349 3546 525 3600 inclametur.
543 3545 603 3600 ‘Et
617 3547 760 3602 sciendum
775 3547 847 3618 quod
865 3548 961 3619 plures
976 3547 1015 3603 si·
1056 3553 1105 3607 tali
1120 3560 1246 3624 tempore
1261 3551 1299 3605 ibi
1314 3550 1444 3616 nouerit,
1461 3553 1494 3603 ut
1507 3562 1572 3604 cum
1588 3554 1725 3604 conventu
1744 3545 1835 3600 veniam

218 3635 277 3690 mul
290 3651 341 3706 pro
356 3635 472 3689 diversis
487 3636 578 3689 musis
592 3637 702 3689 veniam
724 3643 820 3708 petere
845 3653 901 3692 non
918 3639 1015 3709 prohi-
1056 3644 1147 3697 iacere
1157 3641 1253 3713 possit,
1266 3641 1385 3694 maxime
1399 3655 1462 3692 cum
1473 3639 1597 3708 pulsatio
1610 3653 1673 3708 qua
1692 3638 1783 3692 eadem
1802 3647 1836 3687 oa·

216 3721 330 3786 bentur,
355 3726 383 3778 el
406 3723 480 3795 quod
502 3725 596 3779 nullus
618 3731 660 3778 est
687 3725 756 3788 dies,
781 3732 894 3797 excepto
924 3727 1015 3800 primo
1056 3731 1146 3804 pitulo
1160 3730 1293 3801 praecedit
1303 3729 1365 3782 aliis
1376 3727 1563 3798 capitulorum
1578 3725 1836 3798 pulsationibuspro

216 3811 344 3868 Paschali
361 3818 419 3866 tam
433 3813 567 3877 solemni,
583 3829 633 3884 pro
652 3813 732 3884 cujus
753 3815 910 3869 reverentia
932 3818 1013 3870 venia
1055 3820 1137 3874 linior
1149 3819 1195 3873 sit.
1212 3819 1265 3872 Sed
1277 3819 1334 3871 haec
1349 3815 1446 3887 regula
1463 3815 1503 3870 eis
1517 3821 1631 3870 tantum
1644 3815 1835 3874 estcoustitota,

215 3918 273 3958 aon
287 3901 464 3974 sltpeteuda,
487 3909 515 3957 et
538 3901 723 3974 proclamatio
743 3903 857 3958 omniuo
878 3903 1011 3972 vitanda3
1054 3909 1101 3980 qui
1117 3910 1158 3962 vel
1173 3908 1202 3961 in
1216 3905 1387 3960 monasterio
1401 3905 1527 3975 proxime
1540 3915 1625 3959 nocte
1640 3909 1786 3966 manentes,
1801 3898 1835 3952 vel

215 3990 265 4047 sed
278 3997 373 4047 tamen
388 3991 418 4046 in
429 3992 576 4063 precipuis
599 3991 677 4047 festis
700 3993 752 4048 hoc
774 3993 869 4064 agitur
889 3995 1010 4064 parcius,
1054 3997 1170 4053 eviclno
1186 3997 1366 4050 advenientes
1381 3995 1496 4065 prosola
1510 3995 1554 4048 sui
1569 3994 1742 4065 negligentia
1755 3989 1839 4063 predi·

217 4097 301 4154 quam
313 4081 342 4137 in
358 4081 421 4136 aliis
435 4079 542 4136 diebus.
1053 4088 1104 4141 ctis
1124 4085 1253 4156 capitulis
1274 4097 1330 4138 non
1350 4081 1537 4137 interfuerint.
1576 4083 1608 4138 Si
1628 4085 1697 4140 dum
1721 4081 1835 4136 mandato

532 4171 649 4226 CAPUT
668 4171 697 4226 L.
1053 4177 1140 4230 trium
1155 4189 1310 4245 pauperum
1319 4173 1476 4243 adscriptus
1484 4172 1579 4227 luerit.
1592 4187 1686 4244 neque
1698 4173 1754 4244 lpse
1762 4183 1837 4239 aeque

320 4261 374 4316 Pro
389 4263 488 4330 quibos
503 4265 593 4314 causis
608 4263 683 4315 ultro
702 4263 811 4315 ueniam
826 4265 903 4331 petit.
1054 4262 1125 4318 alius
1141 4269 1240 4333 rogatu
1253 4263 1304 4316 hoc
1318 4261 1406 4331 ipsius
1419 4260 1523 4316 iecerit.
1537 4261 1592 4324 Qui
1604 4275 1669 4316 vero
1684 4263 1711 4316 in
1720 4261 1838 4314 alterutra

249 4350 262 4373 ‘
273 4351 345 4405 Sunt
357 4361 452 4404 autem
465 4350 592 4421 quaedam
605 4349 745 4415 instituta,
763 4349 863 4421 quibus
878 4351 901 4404 si
923 4351 1045 4438 deerltn
1055 4352 1188 4424 praedicta
1204 4351 1353 4405 testivitate
1366 4349 1402 4404 de
1415 4350 1510 4421 aliqua
1526 4351 1663 4406 cellarum
1676 4347 1839 4405 relobedlen-

214 4437 289 4493 ultro
299 4439 410 4493 veniam
420 4437 499 4510 petit.
514 4439 545 4493 ld
568 4445 611 4492 est
624 4437 647 4492 si
667 4439 740 4493 inira
766 4439 903 4494 ambitum
927 4441 1012 4504 muri,
1054 4441 1167 4498 tiarum,
1185 4439 1334 4510 quaelonge
1349 4441 1612 4503 suntremotm,vel
1628 4441 1676 4511 qui
1696 4438 1837 4512 proaliquo

214 4526 258 4581 rel
269 4531 347 4581 extra
361 4527 390 4581 in
405 4524 546 4581 vicinitate
560 4544 687 4594 manens,
698 4527 780 4582 alicui
794 4528 915 4598 regulari
927 4530 1011 4593 horae,
1054 4530 1155 4584 itinere
1167 4528 1260 4582 triduo
1275 4529 1386 4590 missus,
1401 4528 1431 4582 in
1446 4527 1590 4583 redeundo
1606 4529 1767 4601 tempestive
1785 4523 1838 4596 qul-

215 4615 272 4670 sive
291 4613 347 4669 illis
362 4614 451 4669 tribus
469 4616 652 4677 orationibus,
678 4633 740 4686 quae
766 4623 832 4671 ante
850 4624 1011 4685 nocturnos,
1054 4619 1116 4672 dem
1128 4618 1242 4689 ceperit,
1259 4618 1307 4670 sed
1324 4617 1352 4670 in
1364 4617 1465 4671 itinere
1473 4619 1604 4687 jumento
1615 4631 1666 4672 sno
1679 4623 1727 4673 aut
1740 4615 1837 4677 comite,

213 4703 257 4756 vei
272 4701 301 4756 ln
317 4703 417 4774 hyeme
429 4709 494 4757 aute
511 4705 625 4757 tertiam
651 4705 732 4770 llunt,
756 4721 812 4759 non
833 4705 1011 4774 interficerit3
1055 4709 1096 4762 vel
1112 4707 1139 4761 in
1166 4707 1258 4777 seipso
1286 4705 1390 4776 aliquid
1417 4707 1473 4760 tale
1497 4707 1731 4778 impedimentum
1755 4715 1840 4776 pessus

215 4789 270 4845 nlsl
285 4789 357 4845 forte
371 4789 409 4844 sit
423 4789 552 4845 sacerdos
566 4797 594 4846 et
609 4791 723 4846 interim
739 4799 833 4847 cantet
843 4795 969 4860 missam,
985 4801 1014 4850 et
1054 4797 1147 4861 luerit,
1164 4811 1278 4866 proquo
1294 4802 1360 4850 aute
1379 4795 1534 4866 capitulum
1557 4797 1657 4851 venire
1681 4808 1735 4850 non
1754 4791 1839 4865 possit.

215 4881 277 4951 ejus
290 4879 412 4949 adjutor,
431 4881 473 4932 vel
492 4891 585 4934 costos
609 4881 730 4936 ecclesia
754 4899 817 4936 cum
836 4881 1013 4954 adjutoribus
1053 4891 1116 4956 post
1128 4885 1249 4950 veniam,
1266 4899 1351 4939 causa
1370 4883 1545 4939 necessitatis
1557 4899 1616 4941 suae
1630 4885 1763 4956 exposita,
1780 4879 1840 4934 liber

214 4969 273 5025 suis
287 4967 394 5023 hostias
413 4967 489 5034 facit,
506 4970 548 5023 vel
563 4969 665 5041 aliquis
686 4987 736 5041 pro
753 4971 917 5027 Infirmitate
941 4973 1013 5028 inira
1053 4975 1186 5029 abscedit.
1203 4975 1340 5029 Caeterum
1357 4989 1407 5044 pro
1422 4972 1466 5027 his
1480 4975 1669 5044 negligentiis.
1681 4986 1748 5046 quas
1765 4971 1841 5024 irater

215 5075 303 5114 uuam
318 5059 415 5113 horam
429 5058 550 5113 balneat.
561 5059 590 5113 Si
600 5059 763 5131 capitulum,
773 5062 815 5114 vel
825 5063 1011 5128 collationem,
1055 5079 1086 5118 ex
1097 5065 1149 5118 hoe
1161 5063 1304 5117 incurrere
1319 5063 1431 5132 poterit,
1450 5063 1494 5116 vel
1516 5064 1539 5116 si
1560 5071 1705 5118 nocturne
1724 5055 1839 5116 orationi.

215 5147 360 5211 velillam,
378 5153 519 5219 queunte
542 5148 655 5202 missam
680 5149 774 5220 agitur
796 5152 1011 5221 processionem,
1053 5153 1096 5207 vel
1111 5153 1233 5223 regulari
1244 5153 1319 5206 horae
1334 5151 1375 5205 vel
1391 5151 1506 5206 Litaniae
1520 5157 1584 5222 post
1598 5151 1730 5223 primam,
1741 5149 1779 5204 vel
1796 5161 1840 5200 ce·

213 5239 257 5294 vel
271 5254 341 5311 opus
356 5253 502 5298 manuum,
516 5238 557 5291 vel
572 5238 703 5308 generale
730 5241 894 5294 mandatum
920 5243 962 5308 (et
989 5243 1013 5296 si
1055 5242 1122 5296 teris
1136 5241 1250 5305 talibus,
1267 5257 1328 5312 quse
1341 5241 1483 5311 praemissa
1494 5248 1569 5304 sunt,
1583 5257 1640 5296 non
1656 5233 1841 5302 allueritnihil

215 5335 278 5392 post
301 5321 472 5382 lavationem
496 5327 596 5399 pedum
616 5327 772 5398 advenerit)
791 5330 834 5382 vel
852 5329 1013 5399 generalem
1055 5331 1181 5400 estquod
1197 5345 1260 5383 eum
1276 5348 1292 5383 a
1307 5331 1427 5400 petenda
1445 5331 1526 5384 venia
1548 5337 1671 5390 excuset,
1697 5329 1749 5385 nisi
1767 5329 1840 5396 rupta

212 5417 393 5472 relectionem
409 5415 564 5471 dimiserit:
579 5415 600 5470 si
613 5433 714 5470 mensa
724 5417 820 5481 lector,
835 5416 877 5470 vel
887 5420 1013 5489 coquinae
1054 5421 1186 5474 venerei
1208 5421 1241 5468 vie
1253 5419 1368 5472 naribus
1379 5420 1615 5491 liuorsangoinis3
1630 5421 1704 5474 sicut
1713 5425 1740 5472 et
1752 5417 1773 5470 si
1783 5429 1838 5468 eum

214 5505 451 5560 hebdomadarius
474 5504 503 5559 ln
524 5503 640 5560 sabbato
659 5511 771 5560 notatus
789 5505 1012 5562 benedictionem
1054 5509 1127 5562 intra
1144 5507 1354 5568 nvouasteriuvu,
1373 5509 1413 5562 vel
1426 5516 1506 5564 extra
1520 5506 1548 5563 in
1561 5501 1839 5578 vietvntateejosposi·

216 5594 383 5662 neglexerit:
400 5595 425 5648 si
434 5595 470 5650 ad
484 5611 663 5650 communem
673 5595 793 5650 fratrum
805 5611 932 5651 rasuram
943 5613 1013 5669 prve-
1052 5602 1114 5653 tum
1127 5598 1240 5652 interim
1269 5602 1435 5666 occupatum
1462 5613 1523 5653 esse
1549 5593 1704 5669 contiueat.
1731 5587 1836 5659 Quando
