4046 6186
1305 205 1319 239 0

163 267 234 333 laea
818 255 956 329 villa
976 257 1152 332 albstat.
1734 263 1803 334 talo

162 407 221 451 aon
248 394 407 460 ualerem,
427 393 556 448 modales
583 395 618 448 aa
648 395 731 450 naam
750 399 887 453 transisse
906 397 1102 460 hancillam'.
1121 399 1192 456 tium
1208 397 1382 471 crgolnhac
1396 397 1485 471 regali
1499 397 1670 460 visitatione.
1686 403 1715 457 ln
1735 413 1803 460 ecu-

163 485 317 540 nescimus.
333 485 482 554 Serpentes
495 482 631 553 siquidem
648 498 712 538 enm
728 485 907 540 manifestum
923 493 967 542 est
1006 495 1103 560 spectu
1116 489 1241 560 eiusdem
1250 495 1278 542 et
1286 486 1454 560 principum,
1467 487 1500 543 dc
1510 489 1656 560 sepultura
1665 491 1804 562 pontilicis

165 573 301 645 ejecisse;
331 587 395 626 cum
415 569 620 642 predicationis
646 579 748 628 sancta
774 573 909 637 antidoto,
930 575 966 629 ab
1006 585 1186 642 tracheretur,
1198 595 1312 633 suorum
1327 593 1442 632 assensu
1456 579 1576 634 liliorum
1592 595 1643 634 sua
1656 597 1685 635 se
1697 581 1725 637 in
1739 583 1804 639 sede

164 661 344 716 exsecrabilis
356 658 497 730 serpentis
511 659 893 717 venenosisimmissionibus
908 663 967 718 ian·
1007 675 1121 724 sanctus
1137 669 1196 740 ipse
1208 668 1406 740 praeordinavit
1420 667 1621 739 sepeliendum.
1639 669 1725 740 Cujus
1740 687 1804 728 sen-

163 751 312 821 gueutium
330 750 355 803 ai
370 749 497 818 gentium
512 747 826 805 cordaconcessumest
840 767 964 807 sanasse.
1007 763 1101 814 teatiae
1124 758 1265 813 obstinato
1290 758 1384 813 aninlo
1407 773 1454 812 rex
1479 760 1622 822 resistens,
1647 763 1806 821 suess-ionis

163 839 341 894 llortiiarum
357 837 500 892 multoties
524 837 602 902 bibit,
619 851 714 892 verum
738 840 763 893 ei
788 857 843 894 non
859 842 964 902 nocuit.
1007 863 1071 902 eum
1097 847 1242 902 constituit
1263 848 1500 907 transferendum.
1518 863 1646 903 asserens
1670 868 1700 905 se
1721 867 1806 924 super

163 943 229 984 mm
259 927 383 999 prolenis
405 941 517 996 semper
540 941 701 998 repugnans
727 929 963 1000 persuasionibus.
1006 951 1108 1007 corpus
1130 937 1190 1006 ejus
1215 934 1360 990 basilicam
1388 936 1519 990 decenter
1546 937 1759 1000 redilicaturum.
1777 946 1806 996 et

163 1027 258 1088 aeque
266 1016 387 1072 diabolo.
398 1030 489 1086 neque
498 1013 633 1080 ministris
641 1017 966 1090 ejussuccnhuitAEgros
1006 1025 1042 1078 ad
1054 1025 1165 1080 laudern
1178 1031 1206 1079 ct
1214 1024 1333 1095 gloriam
1344 1023 1445 1079 divinae
1455 1024 1609 1095 majestatis
1622 1027 1805 1084 cenobialem

164 1101 237 1159 bus
251 1121 282 1160 se
296 1105 358 1159 iecit
376 1104 497 1170 habam
512 1117 576 1158 cum
600 1121 648 1160 eos
671 1107 706 1160 ed
723 1119 792 1162 rsrae
808 1107 965 1162 fideisani·
1006 1131 1149 1169 serrorum
1166 1114 1215 1168 liei
1237 1113 1364 1184 regulam
1386 1113 1591 1168 ordinaturum.
1608 1115 1700 1172 Cessit
1720 1117 1807 1188 igitar

163 1199 265 1257 uam,
281 1194 316 1248 ac
332 1191 525 1248 inarmtsstma
539 1193 676 1248 aniame
690 1193 895 1250 incredulitate.
921 1197 967 1251 alc
1006 1203 1186 1258 beatissimus
1200 1203 1323 1274 pontifex
1336 1202 1615 1273 rcgtaatsptsiaant.
1628 1205 1805 1262 attrectasse

163 1282 262 1354 itaqua
284 1282 319 1336 ad
340 1281 526 1336 imitationem
546 1283 648 1336 summi
664 1283 799 1347 Pastoris,
815 1285 874 1356 qui,
894 1285 968 1340 sicut
1007 1307 1172 1364 scsuosquc
1202 1291 1322 1346 Domino
1343 1292 1552 1347 ‹zonrmendans
1574 1293 1653 1348 finita
1678 1295 1806 1351 oratione

162 1370 200 1426 ab
220 1387 255 1426 so
271 1371 419 1441 Evangelia
434 1370 617 1441 suscepimus.
638 1371 708 1426 alias
722 1372 828 1427 habens
844 1386 918 1440 aves,
931 1374 966 1429 de
1006 1381 1135 1452 spiritum
1162 1381 1309 1437 exhalavit.
1335 1381 1356 1434 o
1380 1379 1442 1434 felia
1464 1397 1574 1452 corpus,
1601 1381 1807 1456 teiicioremque

162 1461 277 1516 duobus
292 1475 379 1516 unum
393 1459 466 1514 oviis
478 1459 545 1513 iecit
562 1462 649 1526 (loon.
662 1467 701 1528 x).
716 1468 829 1516 sanctus
844 1463 966 1533 pontifex
1007 1470 1149 1524 animaru!
1168 1471 1239 1534 llox.
1256 1485 1353 1524 eorum
1369 1469 1526 1524 certissimo
1536 1471 1584 1541 qui
1599 1471 1717 1526 aderant
1731 1474 1808 1528 testi·

162 1548 325 1610 Hedardut·
354 1548 472 1603 feracem
497 1549 574 1602 iliam
599 1550 813 1605 flandrensium
840 1557 965 1622 gentem,
1008 1560 1111 1622 monio,
1127 1559 1187 1614 coeii
1203 1559 1293 1630 aperti
1308 1565 1384 1620 sunt.
1402 1565 1431 1613 et
1450 1559 1542 1614 divina
1565 1559 1725 1621 luminaria.
1748 1563 1806 1618 iere

163 1653 224 1693 πω
246 1638 423 1693 Nfflwfflfflti
447 1638 574 1693 Ettlffiiae
587 1639 753 1706 flstfflissliil
774 1647 802 1694 ei
817 1657 867 1712 pet
883 1641 965 1712 quill·
1009 1664 1058 1720 per
1080 1649 1199 1704 duarum
1224 1649 1356 1703 horarum
1379 1649 1510 1718 spatium.
1528 1655 1593 1704 ante
1608 1651 1703 1705 Sancti
1718 1667 1807 1723 appa-

163 1727 256 1782 dera‘m
271 1741 409 1782 sanorum
422 1727 556 1798 spartum.
571 1724 633 1782 licat
649 1729 743 1799 aliquo
759 1729 870 1784 itineris
882 1730 965 1784 intar-
975 1718 1090 1792 Bruere
1104 1737 1291 1809 praesentiam,
1313 1737 1347 1792 de
1361 1736 1484 1792 tenebris
1506 1753 1569 1792 enm
1585 1740 1755 1795 transitoriis
1770 1742 1805 1796 ad

163 1817 239 1871 vallo
251 1817 353 1872 morati
373 1823 478 1876 assem.
493 1816 529 1870 ad
543 1815 668 1870 divinum
690 1833 737 1872 eos
755 1818 862 1873 cultum
878 1818 965 1873 insor-
1006 1827 1096 1880 iucem
1112 1825 1289 1896 designantia
1308 1841 1358 1898 pro
1377 1833 1453 1880 certo
1474 1828 1609 1882 transisse
1629 1837 1804 1901 perpetuam.

165 1919 246 1960 mm
272 1905 466 1960 indtflilwniffl'
497 1906 659 1960 fliflbffliii·
688 1907 852 1971 Quindecim
884 1906 966 1962 allois
1007 1915 1066 1969 Hoc
1089 1917 1168 1969 tanto
1193 1915 1346 1969 beatissimi
1367 1915 1494 1986 praesuiis
1518 1917 1635 1971 animati
1659 1917 1804 1986 miraculo,

164 1995 346 2053 commissam
366 1989 418 2048 sibi
444 1995 579 2050 divinitus
598 1995 701 2050 insedit
719 1997 883 2051 cathedram
905 2007 911 2026 ⁴
933 2013 966 2051 eo
1008 2004 1108 2073 majpri
1123 2011 1156 2058 ut
1169 2020 1233 2058 eum
1249 2005 1435 2058 transferrent
1449 2005 1558 2058 accensi
1573 2010 1641 2060 sunt
1654 2005 1805 2065 desiderio.

164 2085 195 2139 in
215 2091 351 2155 tempore,
370 2100 422 2137 non
448 2082 508 2138 sine
531 2084 619 2138 multo
640 2084 745 2148 labore,
769 2085 968 2140 increduloset
1007 2093 1131 2163 Corpore
1160 2093 1254 2164 itaque
1284 2099 1381 2146 sancto
1408 2093 1563 2164 compositu
1591 2110 1624 2148 ac
1651 2094 1744 2150 delato
1770 2096 1806 2150 ad

164 2173 294 2229 lulidulcs
306 2173 340 2227 avi
358 2172 441 2226 tidem
452 2172 581 2226 educmit
595 2173 759 2228 catholicam
773 2193 778 2227 :
793 2175 967 2230 reediiicatis
1007 2181 1164 2247 ecclesiam,
1177 2187 1257 2235 nocte
1273 2182 1322 2235 illa
1336 2181 1522 2252 exsequialem
1538 2199 1601 2236 cum
1618 2181 1707 2238 multa
1726 2185 1808 2240 devo.

165 2261 300 2318 ecclesiis.
317 2273 366 2316 aas
378 2262 425 2332 qai
440 2261 497 2316 ileo
509 2260 576 2316 inibi
587 2262 734 2328 servirem,
745 2277 799 2318 non
811 2263 871 2318 sine
881 2276 967 2320 sacrae
1007 2269 1085 2324 tione
1099 2269 1278 2325 celebrarant
1289 2271 1413 2340 vigiliam
1423 2270 1473 2338 (til.

164 2365 267 2406 means
290 2350 470 2421 impositione
492 2350 624 2404 decenter
637 2351 825 2416 corraeos-avit,
843 2359 872 2406 et
884 2354 967 2423 quid·
1317 2361 1434 2419 CAPUT
1453 2359 1499 2418 lv,

109 2493 114 2502 .
165 2439 234 2511 quid
251 2440 306 2494 02⁰
322 2440 456 2511 lllsstiitlffl
477 2445 601 2500 mittiti-
623 2441 827 2498 infflssfflbiliier
844 2449 874 2498 02
887 2444 966 2498 inea·
1027 2453 1130 2522 Oorpas
1144 2454 1315 2510 Srrcssioncat
1340 2455 1520 2507 translatum.
1544 2453 1625 2508 Varia
1649 2457 1788 2510 miracola

164 2529 308 2600 ccgitsbiii
320 2529 468 2583 daretione
481 2529 621 2584 ordinavit
636 2527 661 2601 (a
676 2573 682 2584 .
1342 2529 1467 2592 patrata.

200 2618 246 2675 tl.
269 2617 360 2687 Hujus
379 2631 447 2688 argo
463 2618 599 2688 temporis
619 2625 762 2674 transacto
783 2621 884 2692 spatio,
901 2637 966 2676 san·
1043 2619 1086 2677 ii.
1103 2621 1186 2675 liene
1209 2636 1274 2675 vero
1298 2621 1382 2680 facto.
1403 2637 1466 2674 cum
1493 2621 1626 2692 episcopi.
1651 2623 1752 2693 quihus
1766 2625 1808 2678 in-

164 2715 242 2762 atum
259 2707 308 2762 aa
333 2706 494 2778 pontificem
521 2707 686 2776 gravissima
706 2709 824 2780 contigit
846 2710 965 2780 deprimi
1007 2715 1112 2763 teresse.
1139 2709 1327 2780 conligerem·
1348 2722 1429 2762 suum
1458 2710 1590 2764 defuncto
1620 2711 1808 2767 celebrassent

164 2797 291 2868 corporis
314 2795 489 2858 infirmitate,
511 2803 542 2850 et
565 2797 753 2852 invalescente
777 2798 874 2853 morbo
903 2815 966 2853 cor·
1007 2797 1330 2869 otircium,inopinabilis
1346 2797 1496 2852 multitudo
1509 2797 1804 2855 convenitnubliium:

164 2899 266 2959 pareas
280 2888 341 2954 eius
360 2899 460 2942 sensus
484 2885 519 2939 de
540 2885 585 2938 die
608 2886 636 2939 in
652 2886 726 2940 diem
743 2888 878 2957 paulatim
893 2888 964 2942 deii·
1007 2900 1039 2940 ex
1054 2886 1179 2940 castellis
1201 2892 1229 2940 et
1253 2886 1423 2942 civitatibus.
1440 2887 1475 2941 de
1498 2887 1574 2958 agris
1597 2893 1625 2941 et
1648 2888 1807 2960 niuniaipiis

163 2991 239 3030 carc.
258 2969 373 3031 iaccbat
384 2973 497 3045 quidem
514 2973 610 3029 Sancti
625 2987 725 3046 corpus
740 2977 815 3030 ouini
830 2990 901 3048 pene
915 2989 966 3032 sua
1007 2976 1201 3045 avlJacentlbus
1223 2975 1424 3030 inrestlnmhilia
1442 2977 1561 3031 accurrit
1576 2983 1738 3039 conventus.
1759 2977 1808 3032 aiii

159 3064 253 3135 ipsias
276 3063 379 3116 virtute
405 3061 594 3130 destituturn;
624 3064 740 3135 spiritns
768 3071 872 3127 svamm,
901 3035 1067 3136 quiaCejus
1090 3065 1188 3119 devote
1211 3060 1403 3118 desiderantes
1428 3065 1564 3119 interesse
1586 3064 1736 3136 obsequiis.
1759 3066 1808 3121 aiii

163 3165 278 3222 semper
300 3151 442 3206 Christum
466 3151 685 3212 desideraverat,
703 3153 779 3207 omni
796 3154 857 3208 nisu
873 3154 963 3225 suspi-
1006 3154 1157 3208 admodum
1182 3153 1311 3224 lugentes
1334 3159 1440 3224 patrem
1466 3154 1591 3225 separari
1616 3171 1633 3209 a
1658 3155 1733 3210 liliis.
1755 3156 1810 3211 Per

163 3241 294 3296 rabatad
314 3257 397 3307 eum;
421 3241 524 3295 lessam
546 3257 647 3313 corpus
665 3242 700 3295 ad
720 3256 800 3298 saanr
815 3243 966 3298 anhelabat
1007 3242 1113 3296 medias
1137 3256 1203 3314 ergo
1227 3243 1397 3314 plorantium
1425 3243 1564 3315 lacrymas
1579 3253 1625 3298 ren
1647 3243 1807 3316 irrumpens

164 3330 435 3386 materiameniraa
455 3345 519 3384 vero
547 3330 582 3384 ad
610 3347 671 3384 eam
697 3330 770 3385 unde
792 3336 966 3401 processerat
1006 3347 1068 3386 cum
1085 3331 1223 3403 episcvmis
1246 3337 1274 3386 et
1295 3331 1487 3402 optimatibus.
1504 3333 1562 3387 suis
1577 3330 1665 3404 ipsius
1679 3334 1806 3388 humeris

162 3419 300 3474 tandeim
318 3419 520 3473 hereditatem.
539 3418 725 3474 Contestani
745 3420 879 3490 uallique,
895 3431 965 3491 quos
1006 3437 1106 3491 corpus
1139 3420 1257 3475 sustulit
1288 3421 1495 3476 sanctissimum
1529 3421 1697 3483 suessionis,
1735 3423 1808 3477 sicut

164 3509 225 3580 ipse
240 3507 377 3579 regendos
390 3515 559 3578 susceperat,
576 3508 610 3561 ad
627 3508 746 3577 pastoris
767 3510 855 3562 sancti
873 3509 965 3579 plora·
1006 3508 1180 3580 predixerat.
1197 3509 1296 3565 elierre
1312 3511 1407 3564 volens
1422 3510 1457 3563 ad
1477 3511 1681 3581 sepeliendum.
1705 3512 1744 3566 Ea
1762 3512 1807 3566 ni-

162 3599 289 3654 bandam
317 3598 504 3652 visitationem
526 3617 532 3650 :
553 3598 732 3652 continebant
760 3597 884 3669 undique
903 3599 962 3666 iiiii,
1006 3599 1108 3652 mirum
1128 3599 1207 3660 hora,
1226 3598 1328 3670 quibus
1341 3598 1477 3653 interesse
1493 3599 1619 3670 contigit.
1636 3599 1808 3655 ineiiabiiem

163 3695 313 3760 paternam
336 3687 388 3742 sibi
408 3687 536 3756 lugentes
550 3687 635 3741 adimi
654 3687 886 3746 consolationem.
911 3688 966 3742 Vc·
1007 3687 1130 3757 lugentis
1144 3687 1237 3758 populi
1261 3703 1396 3758 expavere
1411 3688 1559 3758 gemitum.
1571 3689 1639 3742 dum
1654 3705 1709 3744 non
1725 3687 1808 3744 inodo

163 3775 239 3838 ram,
256 3778 321 3832 licet
344 3791 444 3847 eorpus
458 3783 487 3831 et
509 3791 608 3830 sensus
630 3777 690 3845 ejus
713 3793 861 3847 corporeos
874 3780 966 3848 gravis
1007 3777 1056 3831 illa
1078 3777 1106 3830 in
1121 3777 1248 3841 ecclesia,
1265 3778 1313 3831 scd
1335 3782 1364 3831 ct
1386 3794 1435 3848 per
1460 3783 1547 3832 totam
1571 3778 1713 3832 civitatem
1729 3781 1758 3833 et
1779 3777 1807 3832 in

162 3867 212 3922 illa
228 3866 328 3922 mortis
342 3871 507 3936 occupasset
519 3865 662 3919 instantia.
679 3878 735 3919 non
749 3871 843 3920 arinen
860 3881 876 3920 a
895 3881 966 3937 prra-
1007 3863 1151 3920 suburbio.
1180 3881 1230 3937 per
1255 3865 1327 3920 vicos
1352 3878 1463 3937 qaoque
1480 3873 1510 3920 et
1528 3867 1645 3937 plateas,
1672 3883 1756 3921 unam
1780 3873 1809 3922 et

162 3955 315 4012 dicationis
337 3953 429 4009 cilicio
443 3953 627 4008 sanctissimas
648 3953 737 4026 ipsius
759 3955 860 4024 lingua
876 3962 966 4009 retar-
1007 3954 1135 4008 eamdem
1162 3967 1256 4007 vocem
1280 3954 1411 4008 audirent
1434 3953 1619 4024 plorantium.
1639 3954 1809 4010 Recolebant

163 4045 288 4100 duamur
318 4043 448 4098 tacendis
491 4043 580 4097 Deum
612 4043 696 4097 corde
727 4043 902 4114 suspirabat,
936 4049 966 4098 et
1007 4039 1147 4113 siquidem
1162 4041 1240 4096 urbis
1253 4042 1328 4096 iliius
1351 4041 1490 4112 indigena
1511 4043 1602 4097 Patris
1625 4044 1805 4110 sanctissimi,

164 4143 214 4190 ora
242 4132 385 4188 retemtas
405 4150 411 4185 :
433 4132 520 4186 ileum
541 4131 910 4204 incessanterpradicabat,
939 4138 966 4188 et
1007 4137 1189 4202 quaeotenus
1203 4129 1345 4183 informati
1361 4129 1724 4200 tuscanabcnignissimam
1739 4145 1808 4200 pra«

165 4225 201 4278 ad
218 4223 304 4278 fldem
318 4221 495 4280 catholicam.
511 4237 600 4292 usqne
621 4221 656 4276 ad
679 4221 771 4292 ipsum
792 4221 891 4275 mortis
910 4237 967 4276 sue
1007 4218 1193 4285 dicationem,
1210 4216 1343 4273 dolebant
1353 4230 1418 4272 vara
1430 4224 1460 4273 et
1473 4219 1653 4272 vehementer
1664 4218 1807 4289 angeban-

165 4317 355 4373 momentum,
370 4323 551 4382 quoscunque
562 4315 674 4381 patera
687 4310 825 4365 instanter
836 4310 1067 4412 exhorta-ntur,
1089 4307 1156 4378 quia
1179 4321 1243 4362 oum
1268 4307 1380 4361 Patrem
1407 4307 1575 4370 amisissent.
1602 4305 1693 4362 Patris
1722 4307 1808 4362 etiam

165 4401 259 4458 batur.
1008 4397 1165 4468 sepuitm,
1182 4396 1257 4467 rogis
1269 4400 1298 4450 et
1312 4409 1457 4467 proceram
1474 4395 1615 4460 violentia,
1631 4395 1809 4452 frustraban-

202 4489 247 4548 22
274 4491 345 4545 Cam
367 4494 462 4543 autem
487 4487 586 4544 beatus
608 4487 654 4542 bic
676 4489 800 4560 pontifex
822 4487 885 4544 vite
903 4497 969 4561 pro-
1009 4491 1066 4540 tar.
1083 4485 1334 4557 eompstlcbantur
1347 4485 1395 4556 qui
1414 4491 1636 4556 supervenerant
1648 4485 1684 4540 ad
1699 4489 1809 4540 tantam

165 4581 321 4653 maqueret
334 4579 368 4633 ad
383 4578 501 4633 exitam.
522 4576 640 4648 contigit
652 4577 845 4632 thiethardum
862 4593 967 4648 regem,
1011 4575 1099 4647 plebis
1120 4575 1197 4629 iilius
1221 4581 1415 4646 ccrnpunctam
1435 4573 1697 4645 illacrymationem.
1714 4589 1810 4629 rerum

166 4676 317 4742 postquam
332 4667 475 4722 Chraaum
491 4665 579 4720 lilium
594 4675 676 4719 suum
691 4681 754 4720 curn
771 4680 856 4720 uxore
871 4679 922 4720 sua
936 4680 969 4720 ac
1011 4665 1077 4736 quia
1087 4665 1162 4736 regia
1178 4663 1297 4735 urgebat
1308 4663 1441 4734 dignitas,
1454 4664 1488 4718 ad
1502 4663 1673 4718 sanctissimi
1686 4663 1812 4736 corporis

167 4753 519 4811 filiabuscombusseratm
530 4751 967 4822 mffiovveravanillrttannovum.
1011 4754 1119 4809 intente
1133 4752 1303 4808 insudabant
1322 4750 1546 4808 translationem.
1563 4750 1614 4808 Vix
1630 4768 1698 4825 ergo
1712 4758 1739 4808 et
1755 4767 1812 4808 nou

165 4845 291 4917 cognita
310 4853 377 4898 veru
398 4843 483 4912 hujus
503 4841 663 4896 valetudine
688 4843 836 4913 prmtilrcis.
852 4841 888 4896 ad
906 4857 969 4896 cum
1011 4843 1072 4898 sinc
1088 4843 1178 4898 multo
1194 4841 1297 4897 labore.
1315 4847 1395 4914 patre
1411 4842 1595 4899 maerentibus
1609 4849 1637 4899 et
1651 4841 1812 4914 lugentibus

167 4935 316 4994 visendum
331 4931 477 4986 humiliter
491 4930 643 4990 testinarit.
656 4931 756 5001 ejusce
771 4947 826 4986 non
841 4931 971 4988 diilvdens
1012 4932 1077 4986 tiliis
1099 4939 1205 5003 erepto,
1222 4931 1293 4986 sicat
1316 4947 1333 4986 a
1357 4931 1433 5004 lisga
1452 4938 1626 5005 acceperant
1642 4933 1697 4988 iter
1711 4943 1813 5002 aggre-

167 5031 268 5082 cootra
280 5018 432 5076 diabolicas
446 5019 640 5074 infestationes
651 5019 843 5076 benedictione
856 5021 969 5089 muniri,
1011 5021 1136 5076 dinntur.

168 5121 198 5170 et
212 5110 414 5169 intercessione
437 5109 512 5181 apud
535 5109 658 5164 divinam
674 5111 851 5182 majestatem
871 5123 971 5166 recca·
1046 5108 1090 5167 ‘lh
1109 5108 1198 5181 liujus
1213 5111 1310 5168 cudha
1323 5112 1510 5168 translatione
1524 5107 1692 5166 sanctissimi
1706 5105 1814 5160 contes-

209 5282 243 5348 t8l
260 5283 291 5339 lu
309 5280 372 5334 l’ita
386 5279 476 5333 altem
497 5277 548 5343 ait,
570 5295 583 5332 a
608 5293 624 5332 a
648 5278 675 5334 Β.
688 5278 822 5334 liettardo
837 5280 864 5335 Β.
882 5279 973 5336 liade-
1014 5280 1180 5336 examinari.

166 5355 256 5428 gandi
286 5351 462 5434 impositum·
479 5348 573 5433 dubie.
591 5349 694 5431 velum,
726 5367 844 5422 mmqae
871 5361 973 5408 sanctae
1047 5352 1091 5420 (9)
1109 5353 1214 5409 ibidem
1232 5368 1239 5404 r
1258 5351 1410 5434 «funalia
1432 5349 1579 5433 vincebant
1602 5345 1734 5430 tenebras
1754 5363 1812 5432 praa

168 5425 354 5502 professionis
381 5431 512 5494 prtrmtns
536 5427 687 5487 initiatam,
716 5427 744 5477 et
777 5439 894 5494 quaeque
928 5440 972 5479 sa·
1014 5423 1205 5480 immensitate
1221 5424 1344 5478 luminis.
1363 5423 1508 5495 carnisque
1523 5421 1571 5477 viia
1588 5415 1701 5476 basilica
1716 5420 1814 5476 multis

169 5493 283 5572 quenda
305 5491 409 5556 iurent,
428 5507 545 5618 quaepdue
566 5489 696 5547 evitanda
723 5493 859 5548 edoctam.
879 5515 889 5544 ι
906 5493 974 5559 Quae
1015 5505 1160 5551 cereorum
1171 5491 1309 5550 adornata
1322 5493 1443 5550 lucernis
1455 5489 1661 5566 resplendebat.
1680 5510 1691 5543 ι

166 5571 304 5643 passm
325 5565 364 5622 aa
387 5566 474 5637 aare
521 5563 591 5619 aa
616 5564 651 5622 rs
672 5565 794 5636 aagasu
815 5567 974 5623 masaa
