3986 6184
123 335 708 362 ...M

131 355 1766 408 μ

764 539 847 588 tullo
861 538 965 586 oohrru
988 537 1123 585 utxxxlx

416 703 527 916 Β.
595 693 1473 915 LANFRANCUS

241 1049 626 1129 CANTUARIENSIS
661 1047 1080 1122 ARCHIEPISCOPUS
1119 1048 1178 1121 ET
1217 1048 1416 1122 ANGLIAE
1455 1050 1637 1124 PRIMAS

587 1343 1307 1482 PROLEGOMENA.

381 1713 638 1776 sonorissimo
660 1711 831 1776 ramelei
853 1711 905 1774 DE
926 1713 1067 1786 coluri,
1092 1711 1286 1775 ARMANDO
1314 1707 1523 1772 aoassorllo.

164 1848 371 1904 acerbissimus
385 1848 511 1902 animum
526 1849 606 1902 dolor
619 1847 789 1912 lancinabat,
811 1845 929 1901 serenis-
939 1852 961 1908 Α
972 1847 1049 1901 ribus
1069 1862 1213 1917 expressas
1227 1850 1256 1900 et
1267 1845 1296 1900 in
1312 1861 1424 1900 omnem
1437 1846 1631 1917 posteritatem
1646 1844 1770 1900 transfu-

128 1939 203 1992 sime
218 1938 356 2009 princeps,
367 1953 432 1991 cum
445 1937 566 1992 riderem
584 1953 718 2008 magnum
734 1935 931 1996 Lanlmncum,
973 1953 1028 2002 sas,
1043 1952 1107 1990 curn
1117 1935 1252 2006 singulari
1263 1933 1450 1989 admiratione
1460 1933 1771 1990 memoriasaeculorum

128 2027 390 2097 splendidissimum
413 2025 510 2080 mundi
530 2027 651 2092 oculum,
672 2027 728 2082 situ
751 2031 781 2080 et
803 2025 933 2096 squalore
974 2023 1138 2080 intuebitur.

129 2115 254 2168 obsitum
278 2115 404 2180 sordere,
429 2113 603 2169 densissimis
631 2113 783 2168 obductum
808 2112 933 2166 tenebris
1010 2113 1307 2176 BeatusLanfrancus,
1327 2112 1505 2182 ingeniorum
1521 2111 1638 2183 'phoenix
1659 2127 1773 2184 aureque

130 2209 299 2274 perpetuum
322 2201 383 2273 pati
399 2201 569 2272 deliquium;
592 2201 728 2273 quicum
756 2199 931 2258 eruditionis,
974 2201 1774 2267 atatismiraculum,adiddoctrinreeteruditionisrenit

129 2301 193 2346 tum
213 2291 372 2346 sanctitatis
396 2290 514 2360 facibus,
529 2291 569 2346 sic
592 2291 666 2344 inter
676 2291 782 2345 *caetem
797 2288 873 2343 orbis
888 2289 933 2343 lu·
974 2291 1050 2362 quod
1068 2291 1213 2362 superiora
1226 2291 1327 2346 saecula
1343 2290 1386 2345 vix
1400 2291 1428 2346 in
1453 2291 1508 2345 alio
1524 2290 1663 2355 viderunt,
1680 2295 1773 2361 poste·

132 2369 212 2433 mina
223 2379 365 2450 quondam
380 2379 505 2434 emicuit.
536 2421 541 2430 .
975 2379 1051 2435 riora
1060 2379 1194 2434 admirari
1210 2379 1299 2450 ¹magis
1322 2395 1407 2451 quam
1422 2379 1528 2434 imitari
1551 2385 1713 2450 potuerunt.
1731 2378 1775 2434 Ad

205 2469 300 2534 Qualis
313 2469 467 2522 discutiens
480 2469 621 2536 [rapientia
644 2469 756 2536 Lucifer
770 2473 859 2531 astra,
976 2484 1050 2534 eum,
1064 2467 1140 2522 velut
1153 2468 1189 2522 ad
1209 2467 1330 2522 alterum
1355 2467 1543 2535 Salomonem,
1560 2484 1617 2523 non
1634 2467 1716 2522 modo
1740 2466 1775 2522 ab

206 2557 275 2610 b'urn
290 2571 366 2610 roseo
381 2559 490 2610 clerum
505 2557 631 2624 prnochil
645 2571 690 2610 cre
705 2557 778 2610 diem
793 2544 839 2626 (ll.
976 2555 1083 2610 ultimis
1101 2556 1197 2612 Galliae
1212 2556 1324 2624 finibus,
1341 2556 1389 2610 sed
1410 2555 1604 2611 remotissimis
1620 2557 1704 2611 etiam
1718 2557 1776 2612 Eu-

172 2645 253 2699 Nunc
280 2651 385 2711 autem,
410 2643 503 2698 divino
527 2645 642 2699 afflante
666 2645 789 2708 numine,
814 2643 935 2720 querelis
976 2661 1051 2715 ropae
1060 2645 1208 2716 provinciis
1218 2645 1588 2717 frequentissimoconcursu
1598 2645 1775 2700 celeberrimi

133 2735 207 2788 meis
221 2733 321 2788 modus
335 2732 499 2804 imponitur,
517 2734 595 2801 dum,
607 2733 752 2788 eliminata
766 2741 846 2788 nocte
861 2740 936 2787 tene·
977 2733 1081 2804 quique
1096 2733 1290 2800 convolabant,
1308 2738 1341 2788 ut
1366 2733 1571 2805 amplissimum
1585 2735 1653 2789 illud
1676 2734 1777 2789 divinae

135 2823 308 2894 brammque
323 2822 440 2893 expulsa
456 2822 585 2894 caligine,
607 2823 795 2878 clarissimum
813 2822 842 2876 in
861 2821 937 2877 Occi·
977 2823 1122 2896 sapientire
1132 2824 1275 2878 theatrum
1289 2823 1465 2895 suspicerent
1476 2823 1524 2892 (i).
1535 2824 1660 2878 Athenas
1670 2824 1698 2878 in
1711 2825 1777 2878 Bee-

136 2912 223 2966 dente
241 2917 340 2966 nostro
358 2911 436 2966 sidus
450 2911 549 2976 oritur,
569 2911 746 2983 Galliamque
764 2910 937 2983 postliminia
978 2929 1061 2968 cense
1075 2911 1231 2967 coenobium
1240 2912 1395 2978 transtulit,
1408 2911 1544 2966 Romana
1554 2911 1638 2966 decos
1648 2912 1779 2983 eloquen-

136 3000 246 3064 inrisit,
266 3005 300 3054 ut
325 3017 454 3054 errorum
482 2999 599 3055 nebulas
622 3001 768 3072 sapientiae
796 3016 853 3054 suae
876 2999 938 3054 luce
979 3002 1025 3056 tiae
1047 3001 1077 3055 in
1094 3000 1215 3055 Galliam
1239 2999 1381 3066 evocarit3
1402 3000 1463 3070 ejus
1481 3000 1573 3066 ludus,
1590 2999 1642 3054 toti
1662 3001 1779 3072 Europoe

138 3089 280 3143 discutiat.
301 3089 336 3144 Et
349 3105 417 3143 sane
432 3089 560 3144 Ecclesiae
578 3106 636 3144 suae
650 3106 798 3160 supremus
819 3088 868 3143 ille
883 3089 940 3142 hlo-
981 3089 1092 3144 officina
1108 3088 1260 3160 sapientise,
1277 3088 1319 3143 vel
1335 3104 1423 3158 equus
1438 3089 1584 3158 Trojanus,
1603 3105 1705 3160 exque
1721 3091 1779 3144 ela-

140 3178 254 3231 derator
272 3183 431 3248 opportune
452 3178 603 3250 consuluit,
618 3194 681 3232 cum
698 3179 750 3232 hac
772 3163 1085 3250 tempestatessrissimi
1112 3179 1244 3233 doctrinae
1272 3177 1358 3232 duces
1383 3176 1411 3230 in
1430 3177 1597 3232 Christiana
1622 3177 1780 3249 reipublice

141 3265 329 3320 lanfrancum
348 3265 428 3337 quasi
449 3283 482 3321 ex
502 3266 648 3321 oblivionis
662 3267 772 3322 tumulo
786 3267 939 3321 redivivum
981 3267 1159 3322 commodum
1179 3270 1207 3321 et
1228 3271 1424 3320 ornamentum
1440 3265 1614 3337 prodierunt.
1631 3267 1669 3321 Eo
1684 3266 1782 3321 fulmi-

142 3354 283 3420 excitarit,
305 3360 338 3408 ut
357 3355 409 3408 hoc
431 3354 532 3409 saeculo
550 3355 702 3410 redivivam
730 3357 866 3410 haereseos
891 3355 940 3426 hy·
981 3363 1066 3410 nante
1086 3355 1193 3410 Graecia
1218 3355 1371 3420 exhorruit,
1401 3355 1483 3409 ltalia
1509 3355 1656 3426 ingemuit,
1690 3355 1783 3411 Gallia

141 3443 235 3507 dram,
251 3459 308 3497 non
322 3459 356 3498 ex
371 3444 495 3500 Lernaeo¹
512 3443 560 3498 sed
580 3460 613 3498 ex
635 3445 759 3498 Lemano
775 3445 837 3498 lacu
852 3459 941 3498 emer·
982 3444 1175 3515 triumpharit.
1192 3443 1237 3498 Sic
1253 3450 1279 3497 te
1294 3448 1354 3510 tua,
1371 3445 1549 3499 serenissime
1564 3447 1702 3518 princeps,
1720 3463 1782 3502 eru-

140 3547 215 3588 saur.
230 3531 328 3585 eodem
343 3549 397 3602 quo
416 3532 554 3603 perfidum
575 3533 641 3587 olim
660 3533 863 3603 Berengarium
883 3547 940 3586 auae
981 3533 1051 3588 ditio
1058 3532 1268 3603 singularistoti
1277 3531 1337 3586 orbi
1348 3533 1539 3603 spectaculum
1552 3535 1686 3601 exhibuit,
1697 3541 1782 3606 atque

141 3620 278 3674 doctrinae
294 3621 349 3674 telo
361 3621 511 3675 confodiat.
524 3623 704 3692 Pugnaturus
720 3623 885 3692 itaquecum
901 3621 942 3674 in·
983 3621 1151 3676 omniumin
1176 3625 1203 3675 te
1226 3620 1335 3675 animos
1362 3622 1512 3690 oculosque
1540 3623 1685 3678 convertit.
1714 3624 1783 3687 Quis

142 3709 311 3763 sensissimis
325 3709 389 3763 lidei
404 3708 530 3764 hostibus
544 3710 645 3765 itemm
660 3711 689 3764 in
702 3727 816 3764 arenam
831 3709 943 3764 descen·
984 3711 1058 3766 enim
1072 3711 1107 3764 ad
1118 3716 1261 3781 stuporem
1277 3726 1365 3780 usque
1376 3715 1484 3764 nonest
1495 3710 1648 3766 demiratus
1660 3719 1783 3776 mentem

143 3798 195 3862 dit,
206 3813 327 3868 eumque
337 3797 491 3868 principem
506 3798 541 3852 ad
556 3798 714 3869 perfugium
729 3799 837 3869 quaerit.
850 3797 878 3850 in
893 3813 942 3850 cu·
984 3805 1062 3854 tuam
1077 3799 1199 3869 quodam
1215 3799 1279 3868 igue
1289 3798 1440 3864 volucrem,
1453 3815 1538 3869 quam
1548 3801 1625 3854 nulla
1634 3801 1783 3855 difficultas

140 3889 190 3956 jus
203 3886 677 3953 sinuettulelafortiterdimicare,
690 3887 799 3941 vincere
810 3885 940 3956 gloriose,
984 3894 1160 3952 remoretur;
1186 3885 1367 3956 sagacitatem
1392 3884 1491 3953 animi,
1511 3886 1555 3940 cui
1584 3887 1654 3941 nihil
1677 3888 1783 3960 imper-

145 3975 290 4045 quiescere
303 3992 367 4029 curn
385 3975 487 4029 fiducia
501 3976 598 4046 possit.
616 3976 768 4030 Commode
782 3975 869 4046 igitur
882 3990 942 4028 sese
985 3975 1060 4029 vium
1071 3973 1218 4045 ohJieitur3
1232 3973 1347 4044 ingenii,
1358 3974 1491 4029 torrentis
1502 3974 1592 4030 instar
1605 3977 1783 4044 exundantis,

145 4064 183 4117 ad
197 4069 227 4117 te
240 4063 349 4134 recipit,
373 4064 403 4118 in
417 4081 473 4134 quo
488 4081 543 4119 uno
558 4065 651 4118 omnia
675 4081 737 4135 quae
758 4063 792 4118 ad
807 4064 944 4118 securita-
984 4063 1210 4118 foecunditatem?
1226 4065 1415 4133 ingenuarum
1434 4063 1537 4117 artium
1552 4081 1633 4118 succo
1650 4082 1667 4119 a
1681 4066 1785 4120 teneris

42 4175 46 4187 ·
146 4159 204 4206 tem
218 4152 391 4215 certaminis,
405 4169 484 4224 spem
493 4153 621 4216 victoriae,
636 4153 827 4208 celebritatem
842 4151 944 4206 trium·
985 4153 1104 4207 feliciter
1116 4152 1266 4216 enutritus,
1280 4151 1536 4223 splendidissimum
1552 4152 1681 4207 Minervae
1694 4169 1786 4208 sacra·

148 4241 197 4312 pbi
208 4241 369 4295 desiderare
383 4247 487 4312 posset,
503 4241 614 4296 abunde
624 4247 788 4313 reperturus
801 4246 853 4296 est.
863 4241 947 4296 Dabit
988 4241 1061 4297 rium
1075 4241 1220 4307 exstitist13
1237 4245 1265 4295 et
1277 4240 1354 4305 durn,
1371 4241 1480 4294 Caesare
1495 4241 1595 4310 major,
1606 4241 1694 4295 frater
1708 4248 1784 4310 tuus,

149 4328 202 4400 ipsi
216 4329 289 4400 regii
296 4329 408 4400 generis
420 4329 551 4400 splendor
561 4335 768 4394 ornamentum,
783 4329 871 4400 pietas
887 4345 948 4400 per7
988 4331 1118 4403 princeps
1132 4328 1491 4391 invictissimus,armorum
1500 4329 1618 4395 fulmen,
1628 4330 1787 4386 Germaniae

150 4414 270 4485 fugium,
298 4415 458 4472 humanitas
476 4418 609 4486 favorem,
632 4419 752 4474 eruditio
776 4419 947 4490 praesidinm,
990 4425 1019 4474 et
1032 4417 1120 4489 Belgii
1134 4407 1234 4482 terror,
1251 4417 1348 4472 Galliae
1364 4417 1502 4483 columen,
1523 4417 1620 4472 liortis
1634 4425 1726 4474 cestra
1743 4438 1787 4475 se-

149 4507 269 4576 seqaites
283 4505 458 4577 suffragium,
474 4506 561 4561 virtus
576 4493 795 4562 firmamentum.
957 4478 1091 4572 cctatus,
1104 4506 1162 4560 imo
1176 4506 1251 4560 Mars
1265 4506 1346 4571 alter,
1364 4504 1476 4560 bellicas
1490 4521 1540 4560 suo
1554 4521 1620 4560 ense
1634 4507 1729 4564 lauros
1743 4509 1790 4564 de·

187 4595 246 4649 Nec
256 4611 322 4650 raro
338 4611 507 4666 quemquam
519 4611 631 4650 movere
645 4595 748 4667 poterit
769 4595 844 4667 qued
860 4600 888 4650 te
906 4596 949 4650 di·
991 4596 1081 4663 metit,
1094 4601 1136 4662 tu,
1150 4594 1263 4648 mitiora
1274 4594 1521 4652 secutusllinerrae
1530 4601 1631 4660 castra,
1640 4595 1669 4650 in
1678 4597 1790 4653 umbra-

151 4683 210 4738 rini
237 4683 323 4753 hujus
343 4683 435 4754 operis
462 4689 629 4738 assertorem
655 4684 797 4755 elegerim,
818 4684 843 4738 si
868 4685 950 4740 modo
991 4682 1787 4758 tilisritaestudiisartiumlaureaspalmasquecollegisti.

151 4771 297 4842 intelligat
308 4788 354 4826 me
367 4771 516 4826 lanfranci
528 4772 617 4827 nostri
637 4773 764 4840 virtutes,
780 4773 810 4827 in
826 4778 853 4827 te
876 4774 952 4829 velut
993 4774 1028 4828 Et
1041 4773 1138 4844 primae
1150 4771 1263 4843 quidem
1278 4771 1332 4825 illm
1344 4771 1407 4826 visre
1421 4771 1638 4842 suntsurgantis
1653 4779 1790 4846 tanquam

39 4917 40 4932 ζ
146 4862 180 4914 in
195 4860 363 4915 nitidissimo
384 4862 497 4932 speculo
511 4861 675 4930 relucentes,
691 4861 866 4926 observasse,
881 4861 951 4916 adeo
992 4861 1098 4931 ingenii
1112 4860 1197 4926 faces,
1215 4859 1316 4931 quibus
1330 4859 1366 4913 ad
1379 4860 1486 4929 majora
1500 4861 1656 4930 praeludens
1669 4863 1790 4919 elusisti.

83 5941 124 6048 s,

89 5873 166 5967 alo

148 4957 186 5004 ut
207 4949 302 5004 dolere
321 4949 451 5004 desierim
472 4948 592 5004 Gelliam
612 4951 765 5005 Lanlranco
785 4949 889 5018 orbari,
904 4949 951 5005 ubi
992 4949 1126 5005 Volitavit
1148 4949 1252 5018 ingenii
1280 4948 1375 5019 vigere
1405 4947 1511 5019 inclyte
1536 4965 1587 5020 per
1610 4951 1792 5023 antiquorum

148 5044 247 5093 totum
261 5037 292 5092 in
305 5044 333 5093 te
357 5054 503 5111 superesse
524 5038 708 5106 adverterem,
734 5055 837 5110 easque
861 5039 951 5104 dotes,
993 5036 1227 5110 encycloprediam
1255 5035 1451 5101 adolescentia,
1478 5041 1506 5090 et
1530 5053 1691 5109 supremum
1714 5040 1793 5096 brevi

149 5143 227 5198 quas
241 5127 271 5180 in
296 5143 330 5182 eo
352 5127 499 5182 universus
519 5128 661 5198 quondam
680 5127 755 5182 orbis
768 5126 912 5199 obstupuit
926 5131 954 5182 et
995 5127 1176 5182 scientiarum
1203 5124 1322 5195 attigisti
1355 5125 1473 5196 apicem,
1490 5126 1665 5198 catastisque
1687 5129 1793 5200 ingenii

149 5213 253 5280 coluit,
268 5214 298 5268 in
317 5219 345 5268 te
359 5216 420 5286 pari
443 5215 549 5270 honore
570 5215 742 5292 venerandas
759 5232 951 5287 agnoscerem.
996 5215 1095 5286 pennis
1117 5210 1251 5268 subnixus
1270 5213 1301 5266 in
1321 5213 1471 5267 secretiora
1495 5214 1640 5284 theologia
1662 5220 1797 5287 mysteria

150 5305 234 5369 Quas
244 5302 359 5374 quidem
373 5320 429 5359 non
445 5304 514 5360 meis
530 5305 719 5371 lineamentis,
743 5305 792 5360 sed
807 5305 863 5359 tuis
879 5305 955 5360 colo·
996 5303 1159 5375 penetrasti.
1182 5301 1314 5366 Quamvis
1337 5306 1431 5356 autem
1452 5301 1631 5356 nobilissimis
1646 5305 1753 5363 artibus
1768 5316 1797 5364 et

190 5447 233 5518 (l)
258 5443 425 5500 Gaillelmus
444 5445 571 5502 llalmes.
597 5445 646 5502 lib.
668 5460 700 5503 111
723 5447 764 5504 De
791 5451 861 5518 gest.
887 5447 955 5519 Reg.
1036 5443 1069 5513 (fl
1085 5443 1152 5501 lllilo
1165 5443 1284 5516 Crispin.
1301 5443 1334 5499 ln
1353 5443 1418 5498 Vita
1433 5443 1464 5498 ll.
1485 5442 1649 5514 Lanfranci;
1664 5447 1798 5504 hlalmes-

147 5533 327 5606 Angiorum,
341 5549 428 5606 egens
441 5535 476 5590 de
489 5535 655 5592 heniranco.
999 5533 1073 5602 bur,
1096 5533 1144 5590 lib.
1165 5549 1175 5588 ι
1196 5531 1300 5589 Pontif.
1315 5531 1480 5604 Anglorum.
1501 5531 1631 5591 chronic.
1650 5535 1798 5596 Beccense.

279 5634 403 5698 rinos
436 5635 494 5696 ca
520 5615 528 5628 ”
1659 5641 1672 5698 r
