3882 6172
97 285 149 344 ose
701 283 1126 344 cunonrconenccensn.
1678 287 1732 350 654

97 411 149 482 pie
166 409 312 467 memoria
330 410 444 466 domino
462 409 584 466 letardo
602 411 691 482 ipsius
708 412 762 466 loci
780 409 890 466 abbate.
899 419 925 479 Α
969 411 1051 466 Anno
1058 407 1327 466 Dominimillesimo
1334 411 1487 466 centesimo
1496 411 1731 485 quinquagesimo

131 501 163 555 lu
177 501 231 555 hoc
250 516 325 555 anno
344 499 610 570 controversiaque
626 505 687 556 erat
705 501 781 555 inter
795 515 895 554 mona-
935 515 1019 566 nono,
1047 497 1180 555 Kalendis
1204 499 1334 570 Augusti,
1352 499 1491 558 &bertus
1512 501 1547 556 de
1561 501 1730 576 Norcburgo

96 588 161 644 elios
174 587 266 654 Becci,
277 595 306 643 et
320 587 469 643 canonicos
479 587 721 644 Ermelordienses
735 605 787 661 pro
800 587 895 643 Eccle-
935 587 1126 644 vicedominus
1136 587 1224 642 totius
1242 587 1467 656 Northmanniae,
1482 590 1526 644 vir
1538 605 1647 662 magnae
1667 609 1732 664 pru·

95 677 136 731 sia
149 677 186 732 de
204 677 391 742 Bellomonte,
419 675 545 746 Papisius
564 677 594 732 in
613 677 764 749 presentia
788 675 895 732 domini
936 677 1038 732 dantia
1048 681 1078 732 at
1085 677 1228 744 bonitatis,
1239 677 1377 733 multatus
1387 677 1563 746 infirmitate,
1578 679 1671 736 factm
1687 687 1732 738 est

96 764 747 837 papreEugenii,terrninataest1taquedicti
765 764 895 821 monachi
936 767 1091 822 monachus
1107 765 1252 822 moeensls
1270 765 1409 836 Ecclesia,
1425 783 1476 823 sua
1490 767 1585 823 omnia
1605 770 1730 842 propria,

96 854 175 909 becci
192 858 394 910 remanserunt
411 855 440 909 in
459 853 594 926 predicta
611 855 738 911 ecclesia.
938 873 999 928 quea
1014 871 1118 927 magna
1127 859 1218 922 erant,
1234 855 1313 927 prius
1327 855 1497 927 pauperibus
1511 856 1626 928 largiter
1634 857 1732 914 distri·

131 941 217 998 Circa
235 943 289 998 hoc
307 959 377 1014 opus
403 942 498 998 euenit
524 943 692 1000 miraculum
718 959 769 1016 per·
795 942 896 1022 merite
936 943 1238 1022 buens20biitautem
1252 945 1337 1000 tertio
1351 944 1733 1020 KalendasSeptembris,qui

99 1031 184 1086 beetae
202 1031 281 1088 Fidis
293 1031 409 1103 virginis
423 1035 453 1086 et
470 1033 615 1104 martyris,
635 1049 652 1087 e
670 1033 728 1088 Deo
741 1035 894 1104 patratum,
937 1033 1060 1106 quinque
1075 1034 1134 1088 lere
1156 1031 1341 1088 hebdomadis
1359 1034 1513 1090 monachus
1528 1034 1658 1103 existens,
1674 1053 1732 1094 sue

98 1121 126 1175 in
139 1137 262 1193 persona
276 1120 384 1175 dunfini
397 1119 512 1176 Turoldi
521 1121 664 1192 quondam
678 1120 800 1193 episcopi
811 1121 896 1190 Bajo-
936 1119 1732 1192 abstinentie,etadmirandereligionis,rirtutumetiarn

99 1209 195 1270 censis,
205 1215 237 1264 et
246 1225 298 1280 pro
312 1213 379 1264 tnnc
390 1209 519 1264 monachi
534 1210 624 1276 Becci,
635 1209 896 1280 germeniHugonis
937 1209 1062 1264 omnium
1077 1209 1107 1265 in
1123 1209 1199 1264 breui
1214 1209 1265 1264 Dei
1279 1209 1382 1264 virtute
1397 1208 1512 1275 ditatus,
1528 1209 1663 1281 auspicio,
1674 1227 1733 1268 om·

100 1297 347 1366 Enremodiensis3
364 1298 399 1354 de
412 1298 492 1368 cuius
509 1297 635 1369 Hugonis
652 1297 823 1370 patrimonio
832 1297 896 1352 lun·
936 1297 1019 1352 nibus
1027 1297 1154 1353 Ecclesiae
1163 1296 1318 1368 majoribus
1325 1297 1396 1352 bene
1404 1297 1633 1370 vivendireliquit
1641 1315 1734 1356 exem·

99 1386 179 1441 datus
187 1386 244 1441 fuit
253 1386 396 1458 prioratus
402 1386 497 1442 Sancti
505 1387 650 1442 Laurentii
666 1387 700 1442 de
710 1385 895 1454 Ewremcdlo,
937 1385 1024 1458 plum,
1037 1401 1101 1441 curn
1119 1389 1203 1440 antea
1216 1384 1304 1450 dives,
1319 1399 1394 1440 nunc
1408 1385 1522 1458 quidam
1536 1387 1733 1459 pauperrimus

99 1475 306 1530 amonasterio
326 1475 361 1530 de
387 1475 474 1530 Becco
498 1475 627 1531 Herluini
646 1475 819 1548 dependens.
843 1473 897 1540 Qui
937 1478 1050 1530 secutus
1064 1477 1108 1528 est
1123 1472 1278 1528 Ohnetum.

100 1563 241 1634 quondam
261 1562 419 1634 episcopus,
439 1568 468 1619 et
481 1568 549 1619 tunc
566 1565 730 1632 monachus,
745 1562 898 1620 vexabatur

101 1650 220 1722 quadarn
234 1650 401 1706 infirmitate
417 1667 478 1722 qua
487 1653 640 1724 vulgariter
646 1658 765 1724 ruptura
771 1663 897 1721 vocatura

101 1755 188 1810 aqua
216 1729 385 1795 infirmitate
416 1739 583 1796 mirabiliter
601 1757 651 1812 per
676 1741 777 1796 merita
796 1756 930 1842 supra·B
976 1722 1127 1791 flssil'ifflm
1139 1725 1291 1790 additium
1301 1723 1678 1792 Prdm'istrilfflllfflimml

101 1827 178 1884 dictae
190 1826 284 1882 beatae
297 1827 412 1898 virginis
424 1833 452 1883 at
465 1829 599 1901 martyris
611 1829 687 1884 Fidis
701 1835 817 1886 miratus
833 1828 896 1894 fuit,
974 1811 1026 1865 11⁶⁶
1037 1813 1112 1879 imi
1120 1812 1153 1864 ²¹²³
1168 1812 1276 1866 ‘umuli'
1285 1811 1415 1866 R⁰WW³
1424 1811 1456 1865 αθ
1470 1810 1621 1882 Mindi·

102 1921 181 1988 prout
190 1921 273 1988 patet
288 1917 398 1986 plenius
412 1917 443 1972 in
455 1915 526 1972 libro
541 1917 679 1989 passionis
694 1919 821 1989 ejusdem
840 1917 898 1972 vir-
977 1899 1314 1968 (immmundiora,
1330 1901 1381 1967 Μ
1395 1903 1484 1954 imum
1493 1903 1615 1956 munli
1628 1919 1735 1974 &lumi

101 2004 179 2075 ῥῶ,
976 1988 1058 2042 Hunc
1070 1987 1157 2056 fociot
1171 2001 1234 2042 vere
1243 1987 1374 2057 paradisi
1382 2003 1469 2056 repon
1482 1990 1584 2044 videre.
1599 1991 1697 2048 Amen.

134 2093 216 2147 Anno
231 2092 386 2148 Dominicn
411 2093 616 2150 lucamationis
635 2093 782 2150 millesimo
804 2099 900 2149 cente-
975 2095 1057 2148 Anno
1080 2092 1191 2148 Domini
1214 2091 1365 2148 millesimo
1387 2093 1542 2150 contesimo
1560 2097 1737 2169 sexagesimo

103 2181 170 2236 rimo
189 2181 408 2253 quadragesimo
434 2197 520 2252 nono,
545 2182 615 2238 obiit
643 2189 747 2239 sanctae
773 2183 901 2238 recorda·
940 2182 1042 2254 primo,
1054 2180 1124 2236 obiit
1133 2179 1300 2237 venembilis
1310 2181 1452 2238 memorie
1463 2183 1593 2240 dominus
1603 2185 1738 2242 'l'hcobal-

104 2269 184 2325 tionis
207 2271 343 2326 dominus
370 2271 519 2336 Letardus,
535 2275 630 2328 sextus
648 2271 735 2328 abbas
753 2272 900 2327 Beccensis
941 2272 1003 2337 dns,
1018 2269 1243 2342 archiepiscopus
1263 2269 1486 2338 Cantauriensis,
1501 2272 1550 2343 qui
1564 2273 1637 2328 rexit
1651 2273 1738 2331 abba·

104 2359 235 2415 Ecclesia.
940 2359 1011 2415 tiam
1025 2359 1105 2414 Becci
1115 2357 1224 2414 duobus
1238 2359 1331 2426 annis,
1341 2364 1370 2413 et
1380 2359 1507 2428 dimidio,
1516 2361 1737 2436 archiepiscopa-

136 2447 207 2503 Huic
226 2453 326 2504 sanem
353 2447 413 2503 vim
440 2448 576 2504 successit
600 2448 732 2504 dominus
750 2449 898 2521 hogerius,
941 2454 1003 2504 tum
1015 2453 1109 2504 eutem
1121 2446 1221 2518 viginti
1236 2447 1345 2504 duobus
1359 2449 1451 2518 annu,
1459 2448 1558 2506 diebus
1570 2452 1738 2522 totidem‚et

104 2535 183 2606 hujus
201 2537 320 2591 nomine
335 2537 451 2609 primus,
471 2537 501 2592 iu
516 2542 637 2609 auoque
650 2538 830 2593 Testamento
849 2555 900 2611 ap·
940 2537 1031 2593 tribus
1044 2535 1198 2592 mensibus.

105 2623 191 2696 prime
204 2624 343 2692 eruditus,
360 2641 482 2682 necnon
500 2625 621 2682 clericali
632 2641 665 2682 ac
673 2627 794 2682 scholari
809 2627 900 2682 scien·
977 2627 1081 2682 Eodem
1097 2641 1171 2681 anno
1184 2625 1362 2681 intraverunt
1369 2627 1498 2683 monachi
1508 2627 1589 2685 Bocci
1597 2629 1627 2685 in
1634 2645 1738 2690 novum

1183 1609 1347 1652 serrarium
1356 1609 1487 1653 EIUSDEM.

105 2713 140 2768 tia
156 2713 432 2778 decantaremus,
448 2721 477 2770 et
493 2714 528 2769 ab
539 2715 615 2770 omni
630 2716 776 2787 aeqaaliter
788 2732 903 2788 congre-
943 2731 1013 2785 opus
1027 2714 1159 2782 ecclesiae,
1170 2713 1201 2768 in
1212 2713 1309 2784 vigilia
1319 2713 1532 2786 Assumptionis
1539 2716 1737 2790 beataeilarin,

103 2803 214 2872 gaticne
229 2803 347 2869 electus,
362 2805 392 2857 in
405 2801 475 2875 ipsis
488 2803 602 2862 octavis.
618 2803 748 2860 videlicet
761 2805 902 2876 apostolo·
943 2807 1080 2875 praesente
1101 2801 1224 2857 Rotmdo
1238 2801 1368 2874 episcopo
1384 2803 1556 2873 Ebroicensi,
1578 2805 1625 2876 qui
1639 2812 1739 2878 postea

104 2907 164 2945 rum
179 2891 257 2946 Petri
271 2896 301 2946 et
314 2892 405 2947 Pauli.
426 2892 480 2958 Qui
500 2891 664 2948 benedictus
678 2894 752 2966 apud
767 2894 902 2949 Sanctum
943 2890 998 2946 fuit
1011 2890 1238 2962 archiepiscopus
1253 2889 1498 2961 Rothomagensis.

105 2977 358 3051 vandregesillum,
385 2980 414 3035 in
442 2981 488 3036 die
513 2981 672 3038 festivitatis
700 2983 789 3037 sancti
808 2981 903 3038 Jacohi
979 2979 1061 3032 Anno
1082 2977 1194 3032 Domini
1212 2977 1363 3033 millesimo
1385 2979 1538 3035 centesimo
1563 2981 1740 3054 sexagesimo

1 3081 2 3084 ’
105 3069 232 3140 apostoli,
250 3085 268 3123 a
287 3067 439 3124 venerabili
454 3067 1076 3143 Hugoneltothomagensiarchi-ceccundo,
1101 3066 1222 3121 'ihomas
1245 3066 1350 3122 Bechet
1381 3065 1592 3126 (lantuariensis
1610 3069 1741 3126 mnam

105 3157 243 3229 episcopo.
272 3159 379 3213 Extunc
400 3175 484 3230 super
501 3177 615 3231 gregem
634 3159 688 3214 sibi
711 3160 899 3226 commissum,
943 3156 1157 3212 archidiaconus
1171 3156 1394 3212 etcancellarius
1405 3158 1480 3228 regis
1495 3159 1741 3228 ilenrici,ordiua-

105 3261 153 3316 pm
163 3261 247 3318 posse
261 3263 323 3313 suo,
340 3247 385 3302 die
397 3263 429 3303 ac
440 3256 521 3302 nocte
536 3247 667 3304 decenter
686 3248 848 3319 invigilans.
869 3249 904 3302 Et
943 3251 990 3301 tus
1003 3251 1032 3300 et
1044 3249 1223 3300 consecratus
1247 3249 1292 3300 est
1316 3245 1543 3320 archiepiscopus
1567 3247 1738 3318 Cantuarias,

106 3333 155 3388 hoc
175 3349 253 3391 auno
276 3335 347 3390 obiit
364 3335 495 3391 dominus
514 3335 674 3392 bernardus
695 3335 781 3391 abbas
800 3336 903 3391 Montis
943 3334 1027 3390 tertio
1041 3335 1137 3390 Nonas
1156 3333 1243 3389 iunii.
1539 3351 1543 3358 ·

107 3423 200 3478 Sancti
216 3423 370 3488 ldrchaells,
386 3425 539 3480 monachus
549 3423 706 3486 beccensis,
723 3426 771 3497 qui
781 3425 903 3481 multum
979 3421 1334 3478 AnnoDominimillesimo
1344 3423 1498 3480 centesimo
1508 3426 1741 3500 sexagesimoten

106 3511 179 3567 intus
195 3517 225 3567 ct
238 3512 307 3568 foris
319 3513 392 3570 idem
407 3513 608 3569 monasterium
620 3513 788 3569 emendavit.
942 3512 993 3574 tio,
1017 3511 1175 3567 Alexander
1195 3527 1268 3584 papa
1289 3513 1382 3568 tenuit
1395 3513 1544 3570 concilium
1558 3515 1587 3570 in
1601 3516 1742 3571 Taronica

138 3603 221 3656 Anno
234 3601 384 3657 millesimo
393 3601 548 3658 centesimo
557 3603 792 3674 quinquagesimo
806 3619 904 3658 secun·
944 3601 1066 3666 civitate,
1092 3600 1123 3656 in
1148 3617 1204 3672 quo
1226 3601 1349 3657 Thomas
1373 3603 1599 3675 archiepiscopus
1619 3605 1693 3660 sedit
1710 3604 1741 3660 in

107 3687 150 3754 do,
165 3689 283 3762 qnidam
294 3690 449 3746 monachus
467 3691 625 3758 Beccensis,
641 3692 757 3747 nomine
772 3691 903 3759 hlichacl,
943 3690 1059 3744 dextera
1072 3695 1162 3762 parte,
1186 3694 1215 3744 et
1229 3689 1367 3761 Rogerius
1386 3691 1448 3762 [ol.,
1464 3691 1617 3764 Rotrodns]
1641 3693 1742 3750 Ebroi-

107 3776 195 3833 iactus
219 3783 263 3834 est
282 3779 368 3834 abbas
390 3781 528 3844 Pratellis,
544 3781 573 3834 in
595 3781 667 3836 sesto
682 3779 772 3835 sancti
790 3781 904 3836 Thomae
943 3778 1034 3833 censis
1049 3778 1077 3832 in
1094 3777 1218 3832 sinistra.
1235 3779 1268 3834 ln
1282 3779 1381 3834 eodem
1402 3779 1521 3835 concilio
1539 3797 1588 3836 rex
1604 3781 1742 3838 henricus

107 3867 234 3939 apostoli.
245 3867 351 3923 Eodem
357 3884 432 3924 anno
441 3870 563 3925 ioannes
574 3869 717 3924 Romanus
724 3869 772 3941 qui
787 3887 803 3924 a
815 3885 903 3941 puero
944 3867 1170 3932 consuetudines,
1187 3881 1257 3938 quas
1268 3867 1357 3922 eritas
1369 3867 1539 3941 appellabat,
1551 3869 1633 3942 petiit
1642 3873 1742 3927 contir-

108 3955 200 4012 luemt
224 3957 380 4013 monachus
403 3958 499 4013 Sancti
526 3957 616 4024 Sabae,
647 3962 677 4014 et
700 3963 798 4030 postea
817 3957 903 4013 abbas
946 3955 1381 4027 mariadomincpapa,sedn0n
1394 3956 1639 4023 obtinuit‘l'homa
1652 3960 1742 4016 archi-

109 4045 215 4101 Sancte
224 4045 320 4101 hiariae
332 4047 360 4100 in
370 4045 507 4117 capitolio
517 4047 653 4112 Romano,
661 4052 689 4102 ct
698 4047 795 4102 relicta
805 4045 903 4102 eadem
945 4043 1074 4116 episcopo
1089 4044 1247 4099 Cantuariae
1257 4044 1415 4100 resistente.
1472 4079 1476 4086 ·

109 4132 218 4190 abbatia
245 4135 335 4190 lactus
366 4135 458 4190 luerat
485 4135 639 4190 monachus
668 4134 758 4199 Becci,
782 4135 904 4207 perrexit
980 4134 1061 4187 Anno
1079 4131 1191 4187 Domini
1215 4132 1363 4187 millesimo
1383 4132 1535 4188 centesimo
1567 4133 1741 4206 sexagesimo

110 4223 234 4292 Romam,
247 4224 351 4279 atinde
361 4224 474 4280 rediens
485 4229 515 4292 8
525 4230 609 4297 ceput
622 4223 697 4280 beati
712 4223 812 4280 Felicis
828 4241 903 4281 mars
945 4227 1055 4293 quarto,
1072 4222 1145 4292 apud
1160 4221 1350 4276 Olaredunum
1364 4221 1400 4276 ad
1411 4221 1491 4292 regni
1504 4221 1613 4292 anglice
1627 4239 1742 4279 consue-

112 4313 188 4382 lyn's,
200 4313 270 4368 socii
283 4313 413 4380 Adaucti,
430 4313 526 4369 attulit
535 4329 640 4380 secum,
657 4320 686 4370 et
694 4315 819 4386 gratuito
830 4310 1057 4406 donentudines
1067 4309 1257 4365 observandas
1270 4309 1359 4364 coacti
1372 4315 1440 4364 sunt
1461 4310 1599 4383 episcopi;
1614 4317 1743 4368 emucto·

110 4399 185 4456 dedit
200 4402 271 4458 illud
288 4401 416 4458 Ecclesia
427 4403 567 4459 Beccensi.
945 4399 1046 4454 risatos
1059 4404 1174 4470 propter
1186 4397 1326 4469 flagitium
1345 4397 1461 4454 clericos
1476 4413 1524 4453 rerr
1534 4398 1645 4455 dicebat
1656 4401 1742 4458 curias

142 4491 222 4546 Anno
235 4491 388 4546 millesimo
401 4491 553 4548 centesimo
564 4492 796 4565 quinquagesimo
809 4491 903 4560 tertio,
944 4488 1106 4553 tradendos,
1121 4492 1151 4542 et
1167 4487 1242 4542 illico
1253 4486 1421 4558 puniendos,
1438 4487 1663 4562 archiepiscopus
1676 4505 1742 4548 cou-

108 4578 176 4634 obiit
187 4578 352 4636 (luilbertus
366 4580 402 4635 de
420 4581 512 4648 Clara,
528 4581 603 4636 lilius
617 4579 749 4636 Richardi
764 4581 903 4648 declara,
946 4575 1116 4644 tradicebat;
1133 4575 1309 4648 quiquidem
1320 4575 1556 4649 archiepiscopus,
1567 4578 1739 4652 insciorege,

109 4671 137 4722 et
148 4669 277 4741 sepultus
291 4673 336 4724 est
349 4670 424 4741 apud
443 4669 558 4726 Glemrn
572 4669 603 4725 in
616 4669 696 4738 calle,
719 4685 804 4742 quam
823 4669 904 4725 Gnil-
946 4681 1046 4721 narem
1060 4664 1186 4720 ascendit
1200 4667 1318 4737 propter
1332 4665 1406 4738 quod
1422 4665 1498 4738 regis
1517 4665 1636 4723 incurrit
1652 4667 1742 4726 ollan-

108 4755 203 4814 bertus
216 4758 253 4814 de
268 4757 362 4826 Olera,
371 4760 519 4832 avusejus,
530 4759 646 4816 dederat
660 4759 805 4815 monachis
814 4758 904 4826 Becci,
946 4771 1017 4812 sam.

107 4847 376 4918 qnirocaturSto13
390 4848 435 4904 cui
446 4849 580 4904 successit
590 4848 727 4921 Rogerius
737 4849 812 4904 lilius
826 4848 900 4920 ejus.
981 4843 1055 4899 Note
1064 4843 1220 4914 quodanno
1230 4841 1324 4898 obitus
1333 4841 1514 4902 nobilissime
1524 4843 1744 4921 hlotildisimpe-

140 4937 222 4994 Anno
233 4937 503 4996 Dominimillesimc
511 4939 663 4994 centesimo
674 4937 905 5010 quinquagesimo
945 4932 1064 4999 retritis,
1083 4931 1139 4988 tria
1158 4931 1238 5003 signe
1252 4930 1281 4985 in
1296 4931 1366 4987 ccelo
1379 4931 1439 4986 visa
1457 4940 1542 5002 suut;
1558 4950 1625 4991 nem
1644 4952 1742 4993 mense

5 5047 6 5062 ¹
108 5033 217 5098 quarto,
241 5031 321 5083 sexto
341 5027 482 5084 Kalendas
501 5027 588 5095 iunii,
610 5027 680 5083 ferie
703 5027 811 5099 quinte,
832 5026 906 5082 inira
947 5021 1048 5077 hlertic
1060 5026 1170 5076 comete
1181 5019 1211 5074 in
1226 5017 1318 5075 Gallie
1331 5021 1481 5092 apparuit;
1497 5037 1593 5079 manse
1607 5023 1680 5080 Julio
1691 5025 1744 5080 cir·

5 5173 6 5196 ]
109 5123 219 5172 macras
232 5115 423 5184 Pentecostes,
444 5117 647 5172 monesterium
669 5116 749 5172 Beati
763 5115 906 5171 Michaelis
946 5113 1027 5167 culus
1051 5110 1189 5165 aethereus
1215 5109 1289 5165 circa
1311 5109 1399 5165 solem
1425 5111 1616 5182 resplenduit;
1644 5127 1741 5168 manse

5 5201 6 5204 ’
109 5204 143 5259 de
164 5205 293 5262 Periculo
315 5207 410 5274 maris,
432 5211 495 5278 post
517 5204 730 5261 tribulationem
744 5221 829 5277 quarn
855 5219 906 5276 per
947 5205 1045 5273 postea
1056 5199 1214 5271 Septembri
1229 5198 1322 5254 medie
1335 5203 1427 5265 nocte,
1441 5199 1576 5254 lunatota
1588 5198 1743 5269 sanguinea

110 5293 335 5367 quinquennium
344 5294 402 5350 lere
408 5295 504 5366 jugem
515 5311 629 5367 passum
636 5295 738 5372 dierat,
754 5295 812 5348 Deo
820 5293 905 5349 mise-
947 5290 1053 5346 diutius
1077 5289 1136 5344 visa
1149 5293 1191 5344 est
1215 5287 1328 5358 regibus
1348 5287 1456 5358 Angliae
1477 5291 1506 5340 et
1529 5287 1663 5352 Francia,
1679 5291 1743 5358 post

108 5389 200 5453 mute,
220 5383 430 5455 aliquantulum
449 5384 607 5456 respiravit,
623 5382 713 5439 electo
734 5381 907 5439 unanimiter
947 5379 1055 5435 Pascha
1067 5393 1197 5450 sequens,
1213 5377 1249 5431 ad
1268 5392 1300 5431 se
1321 5375 1439 5430 incivem
1457 5372 1691 5429 discordantibus.
1707 5375 1744 5432 Et

109 5469 145 5525 ab
158 5471 235 5528 omni
247 5479 387 5529 conventu
400 5472 523 5530 lieberto
535 5474 569 5530 dc
577 5474 721 5548 l'ougepo,
730 5473 824 5546 priore
834 5472 908 5529 clau·
948 5468 1026 5524 misit
1048 5468 1202 5540 imperator
1220 5463 1403 5528 Alemanniae,
1432 5477 1495 5517 cum
1518 5460 1589 5515 duce
1616 5461 1743 5520 Saxonis

109 5559 346 5618 stralillecceasis
360 5562 535 5620 monasterii.
948 5562 1050 5632 tlepota
1064 5558 1135 5629 ejus,
1150 5555 1265 5612 annuos
1277 5553 1312 5609 ad
1327 5567 1423 5623 regem
1444 5549 1552 5623 Anglin
1573 5567 1679 5623 genero
1697 5553 1744 5624 [f.,
