3872 6162
222 277 288 338 tull
733 273 762 328 S.
783 271 978 328 GUILLELMI
997 273 1150 328 ABBA'I'IS
1169 274 1340 330 HlRShUG.
1763 276 1817 336 luit

218 405 324 461 brevia.
340 402 421 469 Quod
434 401 458 456 si
474 401 538 455 talis
549 415 614 456 eum
626 399 776 456 infirmitas
785 401 973 472 occupaverit,
983 403 1080 465 utAsi
1097 419 1158 474 quae
1170 404 1242 459 forte
1261 403 1297 458 ab
1321 402 1416 472 aliquo
1441 415 1538 455 erutum
1557 399 1709 470 negligitur,
1728 402 1820 458 merab
1913 427 1914 432 .

221 492 370 550 conventui
382 491 518 546 interesse
530 505 587 544 non
597 490 696 561 possit,
711 495 778 545 tunc
788 491 821 544 ad
833 490 1016 546 infirmariam
1057 491 1176 547 istorum
1192 493 1286 564 aliquo
1302 489 1465 562 imponitur.

219 580 393 651 irejubetur,
408 584 435 632 et
450 579 507 632 illic
517 594 573 632 non
589 577 690 632 minori
706 577 861 648 diligentia,
873 594 905 632 ac
915 577 1018 634 siesset
1343 578 1460 634 CAPUT
1478 575 1581 634 XXIII.

219 671 250 724 in
265 673 413 735 conventu,
429 667 641 737 custoditusque
656 665 741 720 etiarn
752 665 790 720 ibi
803 667 940 722 laternam
951 684 1017 740 por·
1378 669 1413 722 lic
1427 668 1562 720 armario.

217 763 271 813 tat.
1093 759 1343 828 (depraecemur,
1354 758 1402 830 qui
1421 763 1450 812 et
1465 755 1613 819 arcuarius,
1623 755 1729 810 armarii
1742 771 1827 811 nonen
1913 813 1914 840 ,

255 847 353 902 Adhuc
374 851 469 900 nutem
486 845 601 916 quidam
617 845 745 914 juvenes,
761 844 809 915 qui
824 861 840 898 n
854 844 956 914 majori
969 860 1019 897 cu·
1060 843 1191 913 obtinuit,
1208 864 1241 902 eo
1252 848 1325 918 quod
1341 847 1369 902 in
1381 847 1443 918 ejus
1457 861 1542 900 manu
1558 844 1628 899 solet
1637 860 1694 898 esse
1706 843 1828 900 bibiictbe·
1913 855 1914 864 ¹

220 935 508 1001 stodiasuntsoluti3
528 933 733 1005 quidamv’ero,
763 933 810 1004 qui
832 933 1020 1004 nunquamin
1062 933 1829 1006 ca,qureetalionominearmariumappellatur.'Hee
1913 941 1914 964 ¹

219 1024 378 1079 custodiam
388 1021 557 1094 suntpositi,
566 1021 1022 1092 sedtarnensuspicionejuventu·
1061 1028 1105 1078 est
1118 1024 1288 1091 obedientia,
1305 1041 1389 1096 quam
1407 1039 1528 1080 exmore
1543 1022 1637 1076 nullus
1654 1027 1773 1087 meretur,
1786 1021 1829 1076 nisi

218 1113 256 1168 tis
270 1112 324 1184 (cui
335 1113 477 1168 interdum
490 1127 556 1166 rara
570 1111 639 1165 fides
664 1115 708 1164 cst
734 1110 902 1193 adhibenda)
919 1110 1020 1165 minori
1061 1113 1185 1176 nutritus
1213 1114 1259 1178 sit,
1282 1115 1324 1168 vel
1339 1114 1440 1184 aliquis
1460 1111 1577 1184 quilibet
1601 1111 1635 1166 ad
1656 1111 1704 1165 hoc
1729 1110 1830 1164 officium

219 1202 363 1268 custodiae,
385 1218 419 1256 ea
441 1201 601 1256 conditione
616 1199 813 1271 subjiciuntur,
836 1205 1021 1272 utnusquam
1063 1201 1191 1270 idoneuS,
1203 1203 1275 1258 sicut
1288 1203 1453 1258 econtrario
1467 1201 1530 1256 ilias
1544 1198 1720 1264 obedientias,
1731 1215 1831 1270 quarum
1913 1253 1914 1276 ,

219 1297 298 1348 extra
308 1295 476 1346 conventum
488 1289 594 1361 absque
608 1289 723 1344 custode
735 1291 776 1343 ire
786 1295 1020 1360 praesumantme·
1066 1307 1149 1361 supra
1166 1292 1280 1346 memini
1295 1297 1323 1348 et
1337 1292 1429 1347 adhuc
1447 1297 1491 1346 est
1504 1289 1829 1353 animusreeminisse,non
1913 1281 1914 1352 l

222 1397 276 1452 que
307 1379 504 1434 dormitorium
530 1379 604 1432 inira
627 1379 797 1432 matutinum
831 1378 890 1432 sine
905 1378 1022 1432 laternis
1062 1377 1831 1452 merentur,nisiquijamaetatemajusculanutriericier·
1913 1393 1914 1442 ς

221 1468 371 1523 ascendere
387 1468 518 1523 audeant.
531 1467 572 1522 Ad
593 1467 646 1521 hoc
659 1467 750 1521 solum
760 1473 826 1520 ante
845 1467 932 1520 altare
948 1468 1021 1537 quod
1063 1470 1207 1535 stiterunt,
1219 1477 1248 1525 et
1257 1487 1307 1541 per
1321 1471 1404 1537 vices,
1419 1470 1441 1524 si
1455 1469 1503 1541 qui
1517 1469 1552 1523 de
1566 1467 1621 1522 alio
1632 1467 1832 1521 monasterioad·
1913 1529 1914 1534 ἵ

223 1563 267 1612 cst
281 1573 368 1628 prope
382 1557 485 1611 ostium
501 1555 633 1621 ecclesiae,
649 1560 692 1609 tot
705 1555 820 1608 laternae
831 1571 849 1608 a
866 1556 1027 1613 camerario.
1062 1559 1215 1624 venientes,
1229 1559 1390 1630 iterumque
1403 1559 1476 1630 apud
1489 1574 1540 1612 nos
1549 1557 1833 1627 prolitentestempro-

221 1651 250 1702 et
261 1646 383 1702 candelae
399 1645 546 1700 esacrista
564 1649 631 1698 sunt
645 1644 790 1714 ponendae,
803 1644 911 1714 quoted
920 1642 1020 1712 hujus·
1031 1639 1054 1699 B
1065 1645 1148 1700 babili
1169 1648 1380 1702 conversatione
1399 1645 1566 1718 aliquandiu
1581 1645 1654 1698 inter
1667 1659 1715 1696 nos
1728 1643 1831 1698 luerunt.

220 1733 297 1788 modi
312 1733 509 1788 necessitatem
526 1731 634 1802 possint
647 1733 784 1786 sufficere.
816 1731 851 1784 Hi
870 1730 942 1785 tales
965 1745 1021 1784 non
1062 1748 1108 1788 un.
1123 1735 1213 1804 igitur
1223 1736 1286 1790 iste.
1300 1736 1340 1804 de¹
1351 1751 1406 1806 quo
1421 1735 1515 1805 agitur
1528 1732 1662 1797 officialis,
1688 1730 1737 1784 rite
1760 1747 1831 1785 unum

220 1822 344 1877 habeant
353 1822 492 1888 custodes,
506 1820 554 1876 sed
569 1820 699 1891 quotiens
711 1820 774 1890 quis
789 1836 886 1874 eorum
908 1820 943 1872 de
958 1835 1023 1872 con·
1062 1823 1148 1877 habet
1159 1824 1379 1894 suffraganeum,
1390 1825 1437 1894 qui
1453 1829 1482 1878 et
1496 1822 1590 1894 pueris
1600 1825 1700 1885 cantet,
1716 1819 1773 1874 siin
1786 1821 1833 1874 loco

219 1917 305 1966 ventu
319 1911 404 1967 habet
418 1911 468 1977 ire,
497 1910 581 1964 alicui
604 1910 638 1963 ad
663 1910 716 1964 hoc
737 1907 1022 1979 idoneoetexpedito
1063 1918 1138 1977 sunt,
1169 1918 1198 1967 et
1215 1912 1326 1968 brevem
1344 1914 1428 1968 saciat
1440 1914 1474 1968 de
1488 1911 1588 1967 litania
1602 1917 1630 1966 et
1642 1910 1802 1981 responsorio
1813 1917 1835 1964 et

221 1999 333 2070 signum
343 2001 438 2067 saciat,
454 1999 541 2070 quiet
555 2016 619 2054 eum
632 1997 727 2052 statim
748 1998 828 2069 sequi
847 2014 903 2052 non
917 1996 1019 2052 renuit.
1063 2000 1126 2054 aliis
1141 2001 1290 2072 obsequiis.
1306 2003 1444 2057 Caeterum
1459 2002 1578 2056 fratrum
1594 1999 1705 2055 nomina
1718 2015 1767 2053 non
1777 1999 1834 2052 alius

221 2087 373 2144 Sciendum
384 2093 480 2143 autern
496 2087 569 2158 quod
580 2085 650 2140 nulli
658 2087 805 2157 juvenum,
822 2085 919 2140 sivein
930 2089 1022 2139 custo·
1063 2105 1147 2160 quam
1162 2091 1222 2162 ipse
1233 2091 1320 2162 ponit,
1336 2091 1390 2146 nisi
1405 2091 1476 2147 sorte
1489 2091 1591 2160 etipse
1605 2089 1646 2144 ita
1657 2087 1777 2156 voluerit,
1789 2088 1835 2156 eju·
1913 2119 1914 2124 κ

219 2177 323 2244 diasit,
339 2177 396 2232 sire
407 2193 474 2240 non,
489 2175 523 2230 ad
536 2176 660 2246 aliquam
677 2175 776 2229 cellam
791 2174 867 2228 solus
885 2173 945 2226 sine
963 2171 1018 2226 alio
1059 2194 1129 2249 sque
1150 2180 1289 2236 secundus
1307 2181 1393 2250 hujus
1407 2181 1445 2235 sit
1458 2179 1616 2246 industriae,
1639 2177 1770 2248 hujusque
1787 2189 1835 2228 seu·

219 2266 402 2338 provectioris
413 2264 596 2320 aetatissratre
610 2264 651 2318 ire
670 2263 714 2316 vel
728 2263 819 2316 redire
834 2261 1016 2332 permittitur,
1059 2284 1116 2321 sus,

220 2355 287 2427 quia
315 2355 398 2410 nimie
425 2353 548 2409 notabile
563 2358 646 2417 esset,
663 2352 779 2407 sisoius
795 2350 1019 2406 benedictionem
1096 2355 1137 2410 De
1153 2357 1215 2426 ejus
1229 2361 1325 2412 autem
1337 2363 1396 2412 tam
1409 2356 1543 2412 continua
1552 2355 1740 2427 occupatione,
1754 2359 1783 2408 ut
1796 2350 1835 2406 ali.
1913 2375 1914 2406 ,

219 2443 373 2515 accepisset
386 2463 393 2512 3
411 2443 458 2515 qui
473 2443 557 2498 eliam
571 2443 643 2496 scire
657 2440 749 2506 debet,
761 2441 785 2495 si
799 2440 890 2495 adhuc
903 2440 969 2495 dum
980 2438 1020 2493 sic
1063 2459 1118 2513 qua
1130 2445 1329 2516 perstringam,
1344 2450 1404 2499 tota
1416 2445 1515 2500 divinae
1525 2441 1834 2500 servitutisordinetioin
1913 2491 1914 2496 ,

221 2533 364 2588 emittitur
374 2533 410 2590 de
425 2533 552 2588 custodie
566 2532 608 2586 rel
620 2531 654 2586 de
669 2531 768 2592 forma,
783 2547 839 2584 non
854 2535 898 2584 est
911 2529 1020 2584 absolu·
1061 2532 1178 2588 ecclesia
1192 2550 1277 2605 super
1287 2534 1396 2589 nullum
1405 2533 1518 2605 pendet,
1528 2539 1667 2605 quantum
1675 2547 1753 2603 super
1760 2530 1834 2594 illum,
1913 2575 1914 2580 ,

218 2623 305 2679 tusin
320 2623 413 2678 reditu
426 2639 488 2690 suo,
511 2620 621 2676 etiamsi
634 2637 684 2691 per
699 2620 795 2674 decem
813 2635 903 2674 annos
917 2617 1019 2672 alicubi
1060 2637 1112 2676 nec
1123 2621 1157 2676 de
1173 2623 1225 2678 hoc
1238 2623 1323 2677 habet
1338 2623 1423 2677 alium
1439 2623 1559 2694 aliquem
1576 2621 1749 2692 magistrum,
1766 2633 1836 2689 quan
1913 2603 1914 2676 Ῑ

220 2711 419 2784 permanserit,
430 2711 478 2765 sed
493 2710 596 2765 iterum
610 2709 668 2762 siro
691 2707 721 2761 in
742 2707 898 2762 custodiam
913 2707 970 2760 sive
984 2706 1020 2760 ed
1061 2717 1139 2764 extra
1153 2711 1309 2777 ecclesiam,
1325 2717 1354 2766 ct
1367 2712 1403 2766 ad
1418 2711 1581 2774 huiusmodi
1598 2727 1694 2764 omnes
1716 2705 1836 2762 debentei

219 2800 339 2856 lormam
355 2799 437 2854 redit.
464 2798 517 2862 Qui
532 2813 596 2852 vero
610 2801 722 2867 propter
738 2795 859 2866 aliquem
876 2811 1018 2850 excessum
1060 2798 1340 2870 semperobedientes
1350 2817 1421 2854 esse.
1435 2800 1463 2856 Si
1475 2799 1541 2870 quid
1557 2805 1656 2854 tarrren
1670 2803 1761 2852 contra
1768 2811 1835 2850 usum
1913 2785 1914 2858 ἷ

219 2889 427 2944 inalterutram
442 2887 597 2942 custodiam
616 2885 747 2950 mittitur,
765 2902 828 2940 rnox
842 2884 877 2939 ab
894 2901 927 2938 ea
938 2883 1019 2939 abso·
1060 2889 1280 2961 praesumpserit,
1295 2890 1338 2944 vel
1348 2888 1511 2959 neglexerit,
1528 2889 1582 2943 hoc
1607 2887 1718 2943 interim
1741 2884 1836 2940 omnino
1913 2883 1914 2896 ¹

222 2977 300 3035 lutus
310 2978 345 3032 ad
352 2978 499 3051 parietem,
512 2974 693 3030 sistationem
705 2979 790 3028 antea
799 2972 900 3028 ibidem
910 2973 1017 3039 habuit,
1060 2976 1272 3045 dissimulatur;
1287 2994 1376 3049 usque
1399 2979 1465 3032 dum
1489 2977 1516 3031 in
1541 2977 1667 3049 capitulo
1681 2974 1835 3030 reclametur.

219 3067 389 3138 regreditur.
411 3065 529 3121 «Iuvenis
544 3081 593 3135 per
611 3079 693 3134 quem
720 3062 798 3135 prior
817 3063 846 3116 in
870 3025 1143 3135 relectoriocpar.)
1155 3067 1197 3120 dd
1211 3077 1323 3121 cantum
1334 3066 1488 3137 Evangelii,
1510 3066 1688 3138 advesperos
1708 3071 1735 3118 et
1746 3064 1777 3117 ad
1790 3077 1836 3116 ma·

218 3155 387 3210 charitatem
404 3171 485 3209 suam
510 3151 657 3224 impendit,
674 3167 774 3221 penem
801 3166 885 3205 suurn
899 3157 928 3204 et
937 3149 1019 3219 justi·
1060 3156 1184 3208 tulinum
1195 3155 1378 3226 antiphonam
1389 3154 1649 3226 inrponit3cxcepto
1659 3153 1837 3225 quoddemnus
1913 3203 1914 3208 ,

216 3242 286 3298 tiam
302 3259 364 3299 curu
376 3241 515 3298 cochleari
530 3241 564 3295 ed
581 3255 707 3294 mensam
719 3244 815 3311 portat
833 3244 862 3293 et
875 3245 1014 3310 reportat.
1059 3241 1154 3310 abbas,
1171 3260 1203 3297 eo
1220 3243 1346 3311 absente,
1367 3244 1395 3297 in
1411 3243 1558 3298 duodecim
1574 3241 1737 3298 lectionibus
1747 3245 1785 3296 est
1795 3239 1837 3292 im·
1913 3271 1914 3274 =

217 3332 248 3390 Si
260 3331 508 3388 adconsessionem
518 3329 577 3384 uult
591 3327 696 3391 venire,
721 3344 739 3381 a
761 3327 878 3382 custode
893 3344 944 3382 suo
954 3344 1019 3382 cou-
1059 3331 1217 3401 positurus.
1237 3332 1337 3396 *Quas
1353 3331 1377 3386 si
1392 3347 1448 3386 non
1461 3337 1536 3386 recte
1550 3330 1726 3403 imposuerit,
1739 3328 1836 3383 reltan-

216 3420 316 3475 sessori
332 3419 516 3491 permittitur,
543 3434 595 3489 per
622 3432 704 3486 quem
720 3414 806 3470 etiam
825 3416 897 3470 lactu
914 3415 1019 3471 contes-
1058 3425 1119 3474 tum
1135 3435 1191 3473 non
1203 3421 1324 3490 proprie,
1338 3419 1366 3474 id
1382 3426 1434 3485 est,
1448 3418 1647 3482 modulaverit,
1661 3416 1836 3474 alterutercol·

215 3508 304 3577 sione,
316 3508 357 3562 illi
373 3509 454 3579 juxta
470 3505 616 3561 introitum
626 3504 741 3575 capituli
751 3503 922 3576 exspectanti
936 3506 1016 3560 redu·
1059 3507 1183 3562 lateralis
1197 3510 1269 3578 ejus,
1285 3515 1317 3563 ut
1327 3509 1459 3580 corrigat,
1476 3509 1629 3564 surnmissa
1639 3526 1703 3564 voce
1720 3508 1836 3562 admone·

214 3597 301 3653 citur.
1057 3613 1087 3650 re
1107 3597 1221 3667 poterit.
1250 3600 1331 3666 lucau)
1355 3598 1388 3652 ln
1414 3597 1514 3668 psalmi
1534 3614 1602 3652 vero
1627 3597 1801 3669 susceptione,
1817 3593 1836 3646 si

252 3685 292 3750 Si,
309 3684 383 3756 quod
396 3683 478 3751 absit,
491 3682 608 3738 officinae
631 3682 745 3738 claustri
759 3681 959 3752 incenduntur,
971 3684 1016 3754 ju·
1057 3685 1174 3750 fallitur,
1203 3703 1221 3740 a
1236 3685 1360 3756 quolibet
1373 3687 1458 3740 sriolo
1473 3686 1542 3741 etin
1556 3687 1656 3742 eodem
1667 3687 1748 3742 choro
1759 3687 1836 3738 stante

215 3789 372 3828 vanescum
387 3772 448 3827 aliis
462 3771 498 3826 ad
514 3771 747 3842 exstinguendum
760 3787 815 3825 non
828 3776 955 3837 currunt,
966 3771 1015 3825 sed
1057 3773 1216 3844 arljumtur.
1235 3774 1315 3838 Quod
1325 3774 1350 3828 si
1364 3775 1393 3828 in
1408 3775 1502 3846 aliquo
1525 3779 1594 3830 tono
1610 3781 1729 3840 ematur,
1747 3773 1835 3828 nullius

215 3863 329 3918 interim
344 3878 408 3916 curn
419 3860 582 3916 custodibus
596 3861 655 3914 suis
670 3859 699 3913 in
714 3859 798 3914 choro
820 3859 855 3912 ad
886 3858 1016 3914 litaniam
1057 3862 1173 3917 scientia
1183 3863 1346 3934 praejudicat
1354 3863 1405 3926 illi,
1418 3879 1482 3917 cum
1494 3879 1559 3917 eum
1568 3865 1745 3935 potissimum
1756 3875 1837 3915 omnes

216 3952 373 4008 canendam
384 3967 414 4006 se
433 3954 625 4022 prosternunt.
641 3947 803 4003 Notandum
819 3953 925 4012 autem,
941 3949 1015 4020 quod
1057 3950 1216 4016 attendant,
1229 3957 1257 4006 et
1271 3959 1491 4023 sequanturun.
1502 3951 1630 4007 Domnus
1640 3952 1724 4008 abbas
1731 3948 1837 4022 quandiu

214 4040 309 4098 nullus
324 4057 423 4095 eorum
446 4039 564 4094 sedile'a
582 4036 679 4092 domni
701 4035 810 4091 abbatis
822 4036 902 4092 sedili
916 4037 1012 4103 situm,
1055 4040 1136 4094 estin
1149 4047 1296 4106 conventu,
1312 4041 1452 4095 armarius
1466 4057 1522 4094 non
1535 4057 1567 4095 se
1581 4048 1663 4097 notat
1674 4042 1708 4096 ad
1719 4037 1837 4096 ullamle·

215 4130 269 4186 nisi
280 4147 312 4185 eo
322 4135 459 4200 ternpore,
472 4127 583 4199 quando
591 4125 699 4198 priores
710 4131 788 4179 stant
802 4131 898 4180 contra
914 4127 1012 4192 altare,
1055 4129 1176 4184 ctionem
1196 4131 1238 4184 rel
1253 4129 1472 4201 responsorium,
1488 4135 1520 4184 ut
1534 4130 1559 4184 si
1573 4130 1623 4185 ille
1635 4131 1705 4186 sorte
1714 4145 1767 4184 non
1778 4127 1838 4196 lege·

214 4218 349 4286 intrabit;
369 4217 419 4272 sed
434 4222 463 4271 et
476 4223 543 4271 tunc
558 4215 628 4270 nulli
645 4231 743 4269 eorum
756 4215 784 4268 in
803 4216 869 4270 sede
885 4215 919 4270 de
931 4215 1014 4272 altari
1055 4217 1102 4283 rit,
1118 4218 1178 4288 ipse
1193 4236 1244 4291 pro
1258 4235 1291 4274 eo
1306 4219 1391 4290 legat.
1407 4221 1418 4242 '
1434 4218 1551 4283 Quando
1561 4236 1629 4275 vero
1639 4220 1755 4274 domnus
1766 4214 1838 4270 abbas

215 4313 307 4362 astare
322 4307 425 4372 licebit,
438 4305 492 4360 nisi
506 4305 569 4359 alba
578 4304 695 4358 indutus
708 4303 755 4358 sit.
778 4303 821 4357 Ad
844 4320 974 4375 vesperos
987 4310 1016 4360 et
1056 4305 1145 4374 abest,
1161 4307 1221 4380 ipse
1236 4307 1271 4362 ad
1286 4306 1434 4362 lectionem
1443 4309 1485 4362 vel
1498 4307 1532 4362 ad
1546 4309 1751 4380 responsorium
1761 4299 1839 4360 notari

215 4397 387 4452 matutinum
402 4395 444 4449 vel
458 4395 493 4448 de
507 4393 637 4448 omnibus
651 4392 765 4457 sanctis,
788 4393 948 4463 antiphona
969 4382 1046 4448 su·D
1056 4400 1158 4466 potest.
1173 4396 1216 4450 Ad
1235 4396 1312 4450 aliud
1329 4402 1424 4451 autem
1441 4396 1563 4451 officium
1578 4413 1732 4470 nunquam,
1748 4392 1797 4449 nisi
1808 4390 1837 4444 ad

215 4500 265 4557 per
279 4485 441 4556 psalmoset
463 4481 571 4554 hymni,
589 4481 748 4552 antiphonae
772 4480 807 4534 ad
831 4481 953 4536 oisrcium
968 4481 1015 4537 de·
1055 4485 1202 4556 coquinam
1219 4490 1247 4540 et
1272 4485 1308 4540 ad
1338 4486 1503 4540 mandatum
1525 4485 1613 4540 trium
1639 4499 1796 4558 pauperum.
1809 4477 1838 4533 ad

214 4573 375 4630 tunctorum
389 4571 425 4626 ab
441 4571 476 4626 iis
486 4572 678 4642 imponuntur,
694 4574 723 4623 et
736 4568 1014 4641 breviaresponsoria
1054 4574 1233 4628 collationem
1243 4590 1364 4645 quoque,
1382 4574 1406 4628 si
1420 4575 1489 4640 vult,
1506 4575 1600 4646 legere
1615 4580 1715 4646 potest.
1725 4570 1839 4641 (aomo

213 4669 371 4719 cantantur.
1054 4662 1098 4717 lus
1110 4662 1158 4718 ille
1168 4679 1224 4718 non
1234 4663 1462 4734 reprehenditur,
1482 4664 1506 4718 si
1517 4679 1602 4735 quam
1614 4663 1790 4737 antiphonam
1803 4656 1839 4712 vel

249 4749 378 4816 Interim,
393 4749 461 4803 dum
476 4764 585 4803 cororm
600 4747 712 4803 novitiis
726 4747 756 4803 in
766 4748 851 4803 chora
865 4747 1014 4818 designem·
1053 4752 1262 4824 responsorium
1277 4752 1465 4808 nominaverit
1492 4751 1598 4824 absque
1625 4753 1706 4818 libre,
1727 4750 1838 4805 indicens

213 4845 270 4906 tur,
281 4837 317 4893 eb
330 4837 549 4892 hebdomadario
570 4838 682 4908 juvene,
709 4837 817 4909 antiph.
844 4838 882 4891 ra
903 4853 929 4892 es
943 4840 1012 4893 Deus
1053 4824 1137 4896 alicui
1150 4841 1241 4908 tratri,
1254 4847 1287 4896 ut
1301 4846 1404 4897 cantet.
1421 4844 1432 4864 '
1448 4841 1553 4896 Omnes
1566 4835 1839 4912 quoqueversusolle·

213 4932 272 4999 qui,
289 4927 528 4999 etc.,imponitur,
550 4934 579 4980 et
592 4925 692 4982 litania
709 4931 775 4982 erate
783 4925 898 4981 missam
908 4925 1012 4996 abipso
1053 4929 1147 4984 rendae
1169 4930 1206 4984 nd
1231 4931 1367 5000 majorem
1390 4929 1506 4984 missam
1528 4928 1660 4999 imponit.
1675 4927 1717 4983 nd
1732 4936 1838 4996 quorum

212 5017 385 5091 praecinitur.
401 5015 505 5070 Versus
519 5014 634 5070 omnino
643 5014 678 5070 ab
692 5014 746 5081 his,
762 5014 786 5068 si
803 5019 845 5068 tot
859 5021 933 5080 sunt,
946 5031 1012 5087 pro·
1052 5016 1228 5090 singulorum
1256 5017 1465 5089 impositionem
1479 5017 1509 5072 iu
1522 5017 1669 5073 duodecim
1688 5010 1838 5070 lectionibus

212 5106 404 5174 nuntiantur;
425 5105 468 5160 sin
496 5110 602 5172 autem,
634 5110 694 5158 tam
721 5102 756 5158 ab
775 5103 837 5157 eliis
861 5103 1012 5174 juvenibus
1052 5113 1118 5162 ante
1134 5113 1163 5162 et
1189 5112 1265 5162 retro
1280 5106 1356 5172 fecit,
1387 5105 1442 5160 nisi
1461 5105 1496 5160 ad
1516 5106 1661 5161 Orientem
1687 5119 1779 5159 versus
1796 5099 1837 5162 sit,

213 5212 297 5267 quam
324 5195 360 5250 ab
378 5193 441 5250 istis
461 5193 602 5248 dicuntur.
612 5194 682 5248 ltcm
693 5191 728 5247 ab
738 5193 842 5247 eisdem
851 5192 959 5264 antiph.
975 5192 1011 5248 ed
1052 5195 1119 5248 tune
1133 5197 1244 5248 tanturn
1257 5192 1382 5261 inclinat,
1394 5192 1467 5247 sicut
1485 5197 1514 5248 et
1525 5191 1642 5264 privatis
1655 5189 1761 5254 diebus,
1776 5200 1836 5257 qua-

212 5284 346 5356 suliragia
362 5290 523 5340 sanctorum
544 5281 726 5354 incipiuntur,
748 5287 777 5336 et
790 5287 858 5336 tunc
879 5280 1011 5354 imposita
1052 5297 1162 5352 euinque
1186 5288 1266 5353 parte
1289 5282 1366 5338 chori
1381 5282 1473 5336 locum
1488 5281 1599 5336 habeat.
1614 5282 1678 5352 lpse
1696 5279 1776 5334 etiam
1790 5275 1837 5328 Pa-

212 5375 337 5446 qualibet
352 5373 461 5444 antiph.
487 5371 596 5426 naurdiu
621 5370 724 5426 debent
751 5377 837 5434 stare,
865 5386 1011 5441 quousque
1052 5371 1139 5425 schali
1154 5376 1280 5442 tempore
1295 5370 1412 5443 priuatis
1432 5369 1530 5426 diebus
1547 5376 1658 5426 tantum
1676 5369 1791 5424 Attalida
1805 5359 1836 5414 ad

212 5461 628 5519 dicaturorernusasacerdote.
655 5459 774 5531 Insuper
798 5458 926 5531 quotiens
940 5458 1012 5514 anti·
1052 5460 1168 5514 missam
1181 5459 1311 5532 imponit.
1333 5461 1477 5532 llymnunu
1501 5475 1568 5515 vero
1589 5450 1837 5529 nunquam,nislin

212 5551 314 5622 phone
328 5568 346 5607 a
359 5551 517 5607 senioribus
528 5550 564 5605 ad
575 5548 745 5606 matutinum
756 5553 823 5605 sunt
835 5547 1013 5619 imponenda
1053 5547 1201 5632 deodecim
1215 5547 1392 5620 lectionibus,
1408 5547 1433 5604 si
1447 5554 1477 5604 et
1489 5555 1557 5606 tunc
1570 5542 1799 5606 hebdomadarius
1811 5539 1835 5594 in
