4046 6186
129 238 202 296 aare
527 188 723 289 'numeror
743 230 948 288 asareem
968 226 1054 282 asu.
1074 225 1353 282 rasrxuarvrou.
1703 225 1773 284 ress

125 369 212 435 atque
225 360 306 416 laicis
322 354 519 413 obedientibus
533 355 567 410 R.
584 355 733 411 venerabili
745 356 931 427 archiepisco·
943 357 1058 423 Aquam
1083 350 1244 421 episcopum
1268 350 1498 416 andegavensem
1522 356 1551 405 et
1573 350 1726 406 monachos
1739 351 1776 406 ad

124 471 161 525 po
176 449 343 512 Turonensi,
359 447 482 502 divinam
498 444 620 513 gratiam
638 452 667 500 et
681 462 771 500 suam.
973 448 1076 496 sancte
1089 438 1163 494 sedis
1181 439 1377 509 Lugdunensis
1392 457 1517 501 examen,
1533 441 1672 509 justitiam
1686 441 1776 495 factu·

163 541 254 606 Quam
270 539 341 592 mira
356 535 524 590 crudelitate
543 533 626 588 Fulco
640 551 732 589 comes
748 535 932 604 Andagaven-
975 545 1020 584 ros
1036 535 1064 582 et
1078 536 1241 598 accepturos
1256 529 1419 583 invitamus
1435 529 1540 593 Quibus
1553 531 1588 583 ad
1602 530 1675 583 diem
1690 535 1778 584 statu·

127 631 167 685 sis
180 629 279 684 matris
296 626 424 682 Ecclesiae
438 625 609 678 Turonensis
634 623 785 678 visceribus
807 624 933 694 gladium
975 623 1046 676 tum.
1061 617 1199 687 judicium
1229 633 1279 688 per
1305 618 1462 672 absentiam
1489 617 1672 688 fugientibus,
1695 626 1724 673 et
1748 619 1776 672 in

128 735 187 773 suae
200 715 401 789 persecutionis
412 712 592 775 immerserit,
620 729 704 783 quam
729 713 935 784 superbaprae-
977 707 1160 778 perversitate
1185 722 1237 759 sua
1263 706 1450 771 manentibus,
1478 707 1636 778 episcopum
1665 707 1779 777 quidem

129 808 291 878 sumptione
322 805 456 859 adversus
485 801 612 855 eamdem
643 806 761 855 matrem
790 802 935 856 ecclesiam
976 797 1206 865 Audegavensem
1222 795 1257 848 ab
1277 796 1428 866 episcopali
1443 797 1651 850 etsacerdotali
1677 796 1778 863 olllcio,

131 895 263 952 monachi
278 894 393 964 Majoris
415 889 578 946 Monasterii
597 891 809 949 insurrexerint,
827 890 935 944 nullum
978 885 1051 955 quod
1073 891 1102 938 et
1127 901 1194 938 suus
1218 885 1442 955 archiepiscopus
1462 885 1486 939 ei
1511 885 1701 950 interdixerat,
1717 903 1780 940 sus·

131 990 258 1039 vestrum
273 982 414 1036 credimus
429 979 569 1050 ignorare.
583 979 640 1032 Nec
654 996 702 1032 vos
719 979 788 1032 latet
801 977 937 1033 Gauii-ido
978 973 1126 1044 pendimus
1143 992 1147 1027 :
1167 973 1317 1027 Falconem
1334 991 1473 1028 varocum
1492 975 1636 1028 monacbis
1651 975 1783 1044 Majoris-

131 1071 329 1142 indagavensi
351 1069 480 1141 episcopo
499 1083 556 1122 non
579 1067 678 1121 deesse
700 1072 871 1138 potestatem
890 1083 937 1120 co·
978 1062 1141 1117 lllonasterii
1165 1079 1197 1116 ex
1216 1063 1383 1118 auctoritate
1406 1064 1435 1117 Β.
1465 1063 1539 1118 Petri
1563 1071 1647 1136 atque
1670 1063 1784 1119 Domini

132 1161 220 1235 gandi
234 1161 386 1215 Fulconem
400 1158 435 1212 ad
456 1157 529 1211 tanti
548 1156 681 1210 facinoris
700 1157 935 1220 emendationem,
980 1152 1107 1222 Hugonis
1121 1152 1250 1222 primatis
1274 1159 1303 1206 et
1326 1153 1459 1207 Romanae
1484 1153 1611 1208 Ecclesia
1635 1154 1721 1225 legati
1735 1170 1784 1208 ex·

135 1251 161 1308 si
173 1248 275 1306 divinis
286 1265 370 1321 quam
378 1246 534 1319 tyrannicis
548 1245 698 1316 preceptis
705 1245 818 1300 obedire
831 1245 943 1316 praeeli-
983 1240 1244 1295 communicationis
1263 1241 1357 1312 gladio
1376 1242 1576 1312 percussimus.
1595 1242 1699 1298 Omnes
1714 1260 1785 1315 quo-

135 1345 227 1413 geret.
264 1345 293 1394 et
322 1337 397 1408 apud
434 1351 499 1390 eum
532 1333 717 1389 districtionis
747 1334 941 1388 ecclesiasticae
984 1346 1038 1401 que
1049 1330 1174 1384 fautores
1190 1346 1297 1396 eorum,
1314 1348 1363 1384 seu
1379 1348 1442 1384 cum
1458 1331 1526 1402 ipsis
1544 1332 1786 1388 communicantes

137 1427 347 1503 quantumlibet
354 1425 480 1480 studium
487 1422 601 1494 vigeret.
616 1424 679 1494 lpse
692 1439 757 1478 vero
766 1424 942 1495 propositum
985 1420 1036 1476 sub
1062 1421 1160 1475 eadem
1182 1421 1468 1476 excommunicatione
1483 1421 1680 1477 conclusimus.
1698 1421 1788 1479 Obse-

135 1535 195 1574 suae
209 1515 390 1590 professionis
404 1513 522 1572 violans.
534 1529 585 1567 nec
600 1511 701 1566 divitus
724 1513 875 1576 mandatis,
891 1528 942 1566 neo
985 1515 1096 1564 orantes
1110 1516 1206 1565 autem
1221 1511 1427 1565 fraternitatem
1452 1517 1573 1566 vestram
1596 1512 1745 1568 hortamur
1756 1517 1789 1567 ut

136 1605 344 1678 archiepiscopi
359 1603 402 1659 sui
418 1601 531 1657 monitis
546 1601 679 1656 obediens
696 1617 759 1657 cum
770 1601 904 1656 fratribus
914 1601 943 1655 in
985 1599 1085 1653 matris
1098 1605 1196 1654 vestras
1211 1600 1364 1663 doloribus,
1383 1601 1456 1655 sicut
1474 1601 1547 1672 patri
1569 1601 1621 1656 tilii
1640 1602 1790 1657 condolen-

141 1695 333 1753 defensionem
354 1691 472 1770 justitie
501 1690 712 1754 desudantibus,
737 1707 785 1744 eor
808 1707 891 1744 suum
915 1689 1039 1776 inBtes,
1057 1689 1111 1759 ipsi
1127 1694 1187 1743 tota
1200 1689 1305 1743 virtute
1324 1689 1449 1743 solatiari
1474 1689 1612 1744 studeatis
1626 1695 1655 1744 et
1669 1690 1790 1746 Radrdso

140 1786 198 1842 otio
213 1789 242 1840 et
256 1782 362 1838 deliciis
373 1780 501 1836 nutriens
509 1779 579 1834 fovit
593 1779 683 1850 magis
696 1795 781 1849 quam
796 1779 946 1850 impugna·
988 1778 1049 1848 ejus
1059 1777 1278 1849 archiepiscopo,
1294 1777 1366 1832 sicut
1381 1778 1453 1849 patri
1470 1784 1561 1832 vestro
1580 1780 1706 1834 totaliter
1724 1778 1791 1834 obe-

140 1875 180 1930 vit
194 1871 350 1945 supradicti
375 1869 504 1926 Fulconis
521 1869 668 1924 malitiam.
687 1869 757 1923 Cum
772 1885 839 1938 ergo
863 1886 947 1941 super
987 1866 1081 1929 dietis,
1100 1883 1151 1921 nee
1173 1885 1236 1922 cum
1256 1867 1426 1939 supradictis
1445 1869 1693 1923 excommunicatis
1714 1885 1791 1924 com-

140 1965 186 2019 his
201 1962 333 2018 omnibus
348 1961 454 2015 clamor
471 1959 642 2013 Turonensis
667 1957 797 2012 Ecclesiae
821 1965 947 2012 nostram
988 1955 1147 2021 muuicetis,
1175 1972 1211 2010 ne
1239 1956 1347 2011 animas
1367 1962 1475 2011 vestras
1499 1956 1792 2030 aliomsfaciuoribus

141 2055 286 2126 pulsasset
306 2049 532 2116 sollicitudinem,
558 2053 618 2103 mm
642 2046 793 2104 Fulcouem
818 2047 950 2103 comitem
991 2045 1158 2114 aggravetis.
1174 2045 1281 2100 Valete.

143 2210 325 2286 processione
339 2209 464 2281 recipere
477 2208 637 2276 uoluerant,
652 2224 717 2263 cum
738 2212 799 2262 toto
821 2223 895 2278 pago
907 2225 952 2263 ex·
992 2206 1199 2276 Lugdunensis,
1229 2213 1345 2262 vacante
1360 2211 1428 2263 tunc
1449 2213 1513 2280 post
1534 2211 1654 2264 mortem
1674 2208 1796 2265 Gebuiui

144 2283 431 2340 communicarentur.
458 2279 594 2334 Fulconis
617 2280 702 2334 etiam
734 2285 828 2350 partes
861 2285 952 2334 secta-
992 2277 1195 2349 archiepiscopi
1226 2278 1407 2349 Lugdunensi
1440 2279 1565 2344 ecclesia,
1592 2282 1673 2351 cujus
1698 2297 1796 2338 curam

144 2356 252 2411 bantur
266 2351 562 2422 llajoris-Monasterii
578 2351 717 2411 monachi.
735 2351 777 2404 uti
792 2367 843 2404 nos
852 2351 953 2406 docent
994 2354 1061 2404 tune
1073 2350 1194 2420 gessisse
1208 2348 1312 2406 dicitur
1325 2350 1473 2422 episcopus
1486 2351 1709 2408 Matiscoueusis.

144 2428 250 2482 litters
259 2423 405 2495 menonis
421 2429 450 2478 et
463 2421 585 2477 aliorum
595 2423 790 2494 episcoporum
805 2421 953 2493 provinciae

779 2833 873 2880 iuvas
894 2835 1002 2882 buxula
1023 2837 1183 2884 affixi-itt

285 3035 684 3176 ODALRICI
732 3035 1202 3175 PRAEPOSITI
1252 3039 1673 3176 REMENSIS

734 3308 1231 3424 vasvxuauvuu

159 3535 277 3618 (Galba
290 3535 476 3615 Christano,
491 3555 564 3600 nov.
576 3535 650 3600 edit.
663 3539 688 3601 t.
700 3537 739 3615 X,
755 3536 914 3616 append,
926 3556 958 3616 p.
971 3536 1021 3613 27,
1034 3555 1139 3600 exms.
1152 3537 1224 3600 cod.
1236 3537 1436 3602 bibliothecae
1447 3538 1636 3602 cathedralis
1648 3539 1804 3621 ecclesie)

197 3830 233 3888 In
254 3831 368 3887 nomine
391 3837 494 3888 sancte
517 3837 546 3887 et
568 3831 719 3887 individuae,
733 3831 891 3896 Trinitatis,
912 3835 995 3903 egoc
1007 3833 1157 3904 quotannis
1172 3833 1201 3886 in
1216 3833 1308 3904 prima
1320 3837 1467 3892 Dominica
1487 3835 1630 3891 Adventus
1644 3835 1757 3891 Domini
1772 3835 1808 3891 ad

163 3922 322 3979 Onstmcus
340 3927 445 3976 sanctae
467 3922 613 3976 Remensis
640 3921 768 3975 Ecclesiae
790 3922 965 3993 prepositus,
1009 3921 1189 3975 dividendum
1205 3920 1320 3978 interse
1335 3939 1419 3994 txxu,
1440 3921 1518 3978 debit
1535 3925 1620 3976 etiam
1639 3923 1667 3976 in
1686 3923 1808 3979 secunda

162 4011 204 4066 ita
217 4015 421 4064 testamentum
437 4025 530 4064 meum
543 4011 573 4064 in
590 4010 645 4064 vita
657 4010 744 4066 statui
759 4011 900 4075 ordinare,
917 4011 969 4065 sic·
1008 4009 1079 4063 ferio
1093 4016 1122 4064 et
1135 4009 1255 4080 septima
1270 4013 1357 4067 totius
1380 4013 1523 4068 Adventus
1541 4012 1682 4066 canonicis
1694 4012 1724 4066 in
1737 4011 1809 4066 refe-

164 4115 220 4171 que
236 4099 300 4153 lites
315 4100 358 4154 vel
372 4100 577 4154 controversias
592 4116 654 4170 quae
669 4105 784 4171 possent
802 4099 904 4155 exoriri
919 4100 969 4154 de·
1010 4097 1098 4151 ctorio
1111 4114 1225 4165 cascos3
1243 4099 1317 4168 quod
1328 4099 1351 4153 si
1361 4099 1512 4154 incurrerit
1529 4099 1666 4154 festivitas
1681 4101 1722 4154 vel
1734 4100 1810 4171 jeju-

165 4187 258 4241 tinire.
1011 4185 1099 4251 nium,
1111 4202 1168 4239 non
1178 4185 1257 4240 dabit
1266 4203 1316 4241 nec
1324 4188 1496 4242 restaurabit
1507 4205 1514 4253 ;
1529 4203 1563 4241 ex
1577 4187 1812 4243 omnibusautem

199 4277 308 4330 Notum
323 4275 385 4329 volo
403 4276 463 4330 fleri
477 4282 535 4330 tam
554 4276 737 4346 presentibus
756 4293 841 4348 quam
865 4275 968 4330 futuris
1012 4291 1081 4345 quos
1092 4275 1206 4329 babebit
1219 4292 1269 4347 per
1279 4280 1370 4331 totum
1384 4293 1490 4331 annum
1501 4277 1535 4331 de
1550 4277 1659 4332 vacaria
1671 4279 1811 4348 persolvet

165 4364 241 4438 quod
257 4363 380 4418 alodium
400 4365 434 4419 de
450 4365 621 4420 Olcbininro.
646 4366 720 4438 quod
742 4383 793 4436 ego
811 4365 941 4420 tenebam
954 4381 972 4418 a
1012 4364 1150 4418 decimam
1166 4365 1269 4418 Sancto
1279 4365 1421 4437 Dionysio,
1440 4366 1512 4420 sicut
1525 4371 1554 4420 et
1572 4382 1623 4436 ego
1644 4366 1697 4420 feci
1712 4366 1742 4421 in
1756 4367 1814 4421 vita

165 4453 308 4510 canonicis
325 4453 433 4508 Sanctae
456 4456 549 4508 blavae
568 4456 601 4508 ad
622 4465 778 4510 trecensum
803 4455 909 4509 scilicet
921 4471 971 4525 pro
1012 4468 1093 4518 mea;
1108 4451 1251 4506 residuum
1268 4470 1334 4508 vero
1348 4453 1370 4506 si
1385 4454 1459 4526 quod
1472 4453 1566 4519 fuerit,
1582 4453 1704 4509 servabit
1715 4456 1751 4509 ad
1764 4456 1813 4510 de-

164 4543 511 4614 solidisv1,augmentavi
534 4562 618 4615 ‹quzuu
644 4545 743 4598 melius
767 4545 855 4616 potui.
876 4543 972 4615 acqui·
1014 4541 1157 4595 tinendam
1182 4541 1331 4596 vacariam.
1352 4543 1432 4597 Unde
1458 4559 1507 4597 oro
1532 4544 1604 4598 hanc
1629 4561 1647 4598 a
1673 4544 1814 4600 canonicis

165 4631 255 4687 rendo
278 4631 314 4685 ad
338 4631 543 4686 incrementum
570 4634 644 4686 illius
667 4641 757 4688 terres
780 4633 910 4688 videlicet
937 4632 972 4686 de
1013 4631 1238 4696 retributionem,
1259 4636 1290 4685 ut
1309 4630 1337 4685 in
1359 4632 1487 4702 sequenti
1503 4632 1571 4686 feria
1585 4639 1650 4704 post
1671 4641 1814 4706 acceptam

165 4737 267 4791 campo
278 4719 326 4791 qui
337 4726 452 4775 vocatur
461 4721 565 4780 Limon,
579 4737 641 4776 cum
664 4723 772 4778 caeteris
787 4723 860 4782 aliis,
877 4721 973 4776 multi·
1014 4719 1176 4791 praedictam
1187 4719 1409 4773 benedictionem
1421 4719 1522 4776 animae
1540 4738 1608 4776 meae
1622 4723 1727 4778 iaciant
1738 4740 1816 4778 oom-

165 4809 298 4883 plicando
320 4825 436 4864 censum
464 4827 572 4865 necnon
598 4811 729 4880 vinatica,
753 4811 783 4865 in
807 4828 862 4882 quo
887 4811 973 4865 etiam
1015 4807 1233 4862 mandationem.
1250 4807 1328 4870 Quod
1346 4808 1379 4872 si,
1396 4808 1570 4879 exigentibus
1580 4813 1710 4882 peccatis,
1728 4829 1816 4868 vaccae

166 4898 313 4955 construxi
324 4899 456 4954 dcariam
474 4917 584 4966 meam;
605 4901 680 4972 quod
699 4901 739 4955 ita
761 4909 873 4955 auctum
888 4908 973 4972 atque
1014 4897 1171 4952 illaeomnes
1181 4903 1299 4951 mortuae
1311 4897 1352 4952 vel
1363 4898 1529 4969 depredatae
1537 4899 1652 4967 fuerint,
1662 4903 1735 4973 quod
1743 4918 1817 4974 saepe

166 4989 302 5044 vestitum
317 4989 516 5060 relinquocum
531 4990 613 5044 vinee
622 4990 826 5045 indominicata
833 4989 974 5045 canonicis
1015 4985 1162 5057 contingit,
1175 5003 1224 5040 oro
1234 4987 1383 5041 canomcos
1395 4993 1453 5042 tum
1473 4994 1624 5059 praesentes
1639 5005 1723 5061 quam
1739 4989 1817 5044 futu·

169 5078 282 5133 Sanctae
295 5077 390 5133 Mariae
411 5079 557 5134 Remensis
579 5081 712 5145 ecclesia,
731 5085 817 5152 etque
839 5087 870 5135 ut
890 5080 974 5135 sitin
1015 5093 1071 5142 ros,
1089 5093 1139 5148 pro
1155 5077 1211 5129 Deo
1222 5082 1250 5130 et
1260 5091 1309 5147 pro
1320 5076 1484 5130 remissione
1496 5083 1675 5147 peccatorum
1690 5093 1815 5146 suorum,

168 5166 299 5222 custodia
313 5166 390 5221 illius
400 5168 449 5240 qui
460 5169 688 5241 eritpraepositus
702 5170 737 5225 de
754 5169 830 5224 mille
839 5169 911 5240 fagis
921 5169 976 5224 dis-
1016 5170 1049 5220 ut
1067 5181 1124 5220 non
1135 5165 1282 5220 annullare
1296 5165 1463 5236 permittant
1473 5166 1524 5220 boc
1534 5181 1683 5220 commuue
1696 5181 1818 5222 commo·

168 5273 255 5330 pono,
271 5255 321 5326 qui
336 5256 477 5327 persolvet
490 5258 632 5326 qenonicis
647 5260 798 5334 quotannis
812 5258 976 5330 praedictum
1017 5256 1084 5310 dum
1099 5255 1220 5310 illorum.
1233 5256 1306 5326 quod
1317 5255 1363 5326 pia
1374 5254 1521 5310 devotione
1531 5254 1671 5319 ordinevi;
1683 5255 1731 5309 sed
1743 5257 1818 5327 quod

168 5349 342 5408 trecensum,
372 5345 479 5399 scilicet
502 5346 605 5400 solidos
629 5363 686 5414 sex,
715 5353 744 5402 et
768 5347 846 5401 dabit
866 5338 977 5401 vacario
1019 5345 1066 5398 ille
1081 5344 1208 5399 minister
1221 5345 1255 5398 de
1266 5342 1421 5398 redditibus
1437 5342 1513 5396 illius
1528 5343 1612 5398 alodii
1626 5343 1820 5416 redintegrare

170 5432 332 5488 mercedem
343 5449 426 5488 suam
440 5434 475 5488 de
485 5451 571 5490 censu
587 5441 615 5490 et
630 5436 758 5490 vinaticis
774 5452 835 5507 quae
850 5435 919 5490 inibi
928 5435 977 5489 de·
1019 5450 1076 5488 non
1103 5435 1216 5504 poterit,
1246 5433 1400 5488 concedant
1424 5430 1484 5485 lieri
1512 5432 1547 5486 de
1570 5433 1721 5488 communi.
1749 5435 1819 5492 Volo

169 5521 286 5586 beatur,
303 5527 332 5577 et
347 5523 421 5594 quod
445 5523 590 5579 residuum
603 5524 699 5592 fuerit,
717 5524 839 5580 servabit
853 5524 889 5579 ad
904 5523 977 5579 deti·
1019 5523 1104 5578 etiam
1128 5529 1157 5577 et
1178 5523 1295 5594 dispono
1319 5528 1353 5576 ut
1377 5519 1504 5575 canonici
1528 5521 1623 5578 Sancti
1642 5522 1767 5595 dionysii
1790 5526 1821 5583 iu

169 5609 297 5670 nendam
311 5611 470 5682 reculam
486 5613 522 5669 de
536 5613 624 5670 caseis
646 5629 713 5671 vero
736 5612 816 5671 dabit
836 5611 978 5670 muouicis
1018 5612 1146 5670 custodia
1160 5610 1286 5668 habeant
1299 5615 1328 5668 et
1341 5609 1471 5667 excolant
1483 5609 1609 5670 alodium
1629 5613 1665 5670 de
1689 5615 1822 5676 mutatio·

295 5707 431 5782 Panos.
457 5711 518 5780 cb.
1659 5711 1701 5778 te
