3896 6170
105 246 179 308 itti
705 239 915 302 DISCIPLINA
931 237 1141 298 ransmissa.
1666 241 1739 304 itio

105 373 157 428 dos
169 370 235 428 cum
247 369 386 427 ministris
402 373 431 427 et
444 369 570 427 inalbent
585 369 639 442 tlt)
652 387 693 426 se.
709 369 860 426 Venientes
875 367 936 429 int
947 365 1081 436 Epistola,
1094 363 1212 421 Stabunt
1221 368 1304 435 justi.
1314 366 1444 429 Alleluia,
1458 368 1657 437 stabilatjusti.
1669 367 1741 426 item

104 463 192 517 choro
203 461 306 528 denuo,
321 460 434 531 signum
447 461 561 533 pulsent
574 459 713 516 ethoram
727 458 856 514 reddant.
870 457 904 512 Et
944 456 1074 510 Alleluia.
1090 453 1307 522 Confitebuatur.
1325 455 1371 510 Ad
1396 471 1535 527 resperas,
1557 458 1688 527 Alleluia,
1707 475 1741 514 ex

103 567 177 624 puer
185 551 299 606 Inchoat
307 550 453 618 litaniam3
467 549 685 605 adulterandam
694 548 798 603 vadant
808 561 903 618 quem·
943 541 1106 614 antiphonis
1129 542 1218 615 ipsius
1236 543 1292 599 diei
1316 557 1402 600 unam
1424 548 1548 614 tantum,
1569 549 1597 600 et
1619 545 1741 620 psalmos

104 640 258 696 admodum
273 655 334 696 mos
348 645 400 694 est.
416 639 503 694 Sexta
524 637 595 694 seria
617 653 741 710 namque
754 651 838 707 agere
852 635 903 689 de-
944 631 1145 702 apostolorum.

103 729 173 786 bant
186 730 303 785 missam
317 733 421 784 sancta
441 727 548 784 crucis.
565 728 632 783 Post
653 742 757 783 nonam
772 727 905 780 exeuntes
981 719 1112 776 lnvanno
1130 735 1238 778 sineru
1258 736 1362 778 caucis.
1375 724 1419 778 Ad
1432 740 1579 796 vesperam
1592 741 1742 798 responso-

105 835 139 874 ex
156 817 315 884 refectorio,
332 815 527 872 coadunentur
539 815 569 872 in
584 816 716 889 capitulo,
737 819 765 870 et
785 813 905 868 domnus
945 808 1029 876 duni,
1042 811 1132 879 Super
1140 813 1244 866 omnia.
1258 812 1428 883 Antiphone,
1440 813 1595 882 draciliano
1605 818 1636 869 in
1646 830 1739 882 carae,

103 903 581 971 abbasdicattribnsricibus,Deus,
591 905 805 974 inadjutorium
811 919 904 958 meum
944 901 1070 966 alleluia,
1086 902 1212 954 alleluia.
1226 900 1330 956 Psalmi
1346 917 1379 956 ex
1393 901 1463 956 feria
1475 901 1565 974 ipsius
1579 902 1644 958 diei.
1657 903 1742 976 llapi-

102 999 235 1060 inundo:
251 999 375 1056 Domine,
396 995 433 1049 od
447 997 640 1064 warantum
654 1010 697 1050 rue
710 996 823 1063 festina.
835 992 904 1048 Tres
944 987 1045 1050 tulum,
1059 990 1128 1043 Iliti
1143 993 1237 1043 aulem
1247 990 1326 1044 absit.
1341 990 1569 1062 Responsorium,
1581 992 1670 1061 Super
1682 1009 1743 1048 om·

101 1086 177 1142 ricae
188 1101 284 1158 genna
305 1083 384 1139 nullo
397 1089 524 1155 tempore
538 1083 569 1138 in
583 1083 635 1138 hac
650 1097 732 1154 prece
747 1079 904 1136 curvabun-
945 1079 1004 1130 uia.
1018 1077 1157 1148 Hymnus,
1174 1079 1284 1133 Vexilla.
1299 1078 1470 1142 versiculus,
1488 1081 1542 1136 Hoc
1555 1083 1668 1149 uacuus
1682 1097 1745 1136 eru·

100 1181 158 1232 tur.
169 1173 312 1244 Inprimis
326 1171 602 1244 agaturreverentia,
617 1169 808 1244 etquetabula
825 1185 904 1224 sone-
945 1167 991 1219 cis.
1016 1165 1189 1238 Antiphone,
1212 1167 1331 1222 Ocruo.
1353 1168 1477 1232 Oramus,
1497 1169 1586 1240 ipsius
1610 1170 1666 1225 diei
1686 1187 1693 1224 ε
1715 1175 1743 1225 et

100 1268 158 1319 tur.
185 1263 316 1328 Oramus,
335 1263 414 1316 Pater
427 1264 527 1315 noster.
542 1261 577 1316 Et
595 1277 630 1315 ree
644 1265 702 1315 nos.
723 1259 904 1328 Aululariam
944 1258 1074 1327 repetant
1088 1255 1271 1328 antiphonam
1283 1255 1318 1311 de
1331 1257 1445 1312 sanctis.
1458 1256 1549 1314 Statio
1563 1259 1615 1314 ilat
1628 1259 1664 1314 ad
1676 1275 1744 1314 san·

102 1359 221 1408 notrum
235 1353 391 1405 innomine
399 1351 694 1404 Dominilleaediolte.
708 1347 737 1404 Si
751 1346 813 1419 quis
827 1346 903 1401 hora
943 1347 1019 1398 ctam
1043 1360 1176 1414 cmoem3
1200 1345 1409 1417 responsorium
1432 1351 1461 1402 et
1486 1363 1598 1402 oremus
1620 1348 1655 1403 de
1681 1348 1744 1420 ipsa

102 1454 184 1494 nonae
211 1455 269 1493 non
281 1452 405 1511 praesens
419 1435 505 1491 luerit
518 1436 609 1491 somni
621 1435 802 1507 negligentia,
818 1434 848 1488 in
860 1450 904 1489 ca·
943 1447 1035 1488 cruce.
1054 1435 1142 1488 Venite
1156 1450 1174 1488 a
1187 1432 1296 1489 duobus
1317 1434 1427 1490 dicatur
1437 1436 1467 1490 in
1482 1437 1588 1508 cappis.
1607 1439 1741 1502 Alleluia,

102 1527 193 1600 pitulo
203 1525 422 1583 satisfactionem
437 1524 523 1580 iaciat
535 1523 665 1580 omnibus
676 1523 826 1579 stantibus.
841 1521 905 1577 Alia
944 1522 1028 1578 sicuti
1057 1520 1156 1578 diebus
1187 1523 1335 1578 dominicis
1366 1524 1480 1579 solitum
1513 1530 1575 1590 est3
1610 1527 1742 1598 hymnus,

102 1631 237 1687 namque,
252 1614 326 1670 iacta
346 1629 436 1682 sacra,
452 1612 596 1669 liniantur.
619 1613 760 1668 Exeuntes
775 1611 841 1666 inde
855 1611 901 1666 ln·
943 1612 1056 1666 AEteruo
1071 1611 1185 1667 Otristi.
1199 1611 1344 1668 Lectiones
1359 1619 1422 1668 octo
1439 1613 1474 1668 de
1488 1615 1602 1670 sanctis.
1622 1616 1746 1688 Respon-

101 1705 246 1760 clinentur
259 1708 325 1758 ante
335 1706 364 1758 et
377 1706 462 1768 retro,
472 1705 501 1756 et
513 1707 613 1774 pergat
622 1701 815 1773 unusquisque
825 1699 900 1771 quod
911 1700 1061 1772 flsorIum,
1069 1701 1192 1755 Pretiosa
1202 1719 1210 1755 :
1219 1705 1362 1772 quartum,
1372 1707 1499 1757 octavum
1510 1708 1539 1758 et
1547 1703 1743 1759 duodecimum

102 1794 128 1851 ei
140 1793 302 1865 iujnnctum
316 1791 411 1846 luerit.
424 1790 467 1846 lid
481 1807 611 1862 resperas
625 1806 758 1863 namque,
776 1789 902 1845 exeunti·
943 1787 999 1842 duo
1026 1787 1129 1844 iratres
1156 1788 1318 1849 decantent.
1345 1791 1388 1845 Ad
1415 1791 1553 1846 canticum
1577 1792 1742 1864 antiphona,

102 1882 154 1939 bus
168 1880 354 1938 servitoribus
373 1880 408 1936 de
429 1879 588 1949 refectorio,
604 1885 721 1936 sonetur
734 1879 857 1950 signum,
873 1883 902 1934 et
943 1877 1075 1940 Alleluia,
1085 1878 1741 1950 dulcelipnurn,velProplerlipaumdlanticum,

102 1971 275 2027 conueniant
287 1969 380 2026 cuncti
391 1969 421 2026 in
431 1985 528 2038 ιιιιιιιιι,
540 1975 569 2026 et
581 1975 683 2042 agatur
693 1969 816 2025 cilicium
829 1983 902 2023 mor·
942 1965 1069 2028 llomioe.
1089 1967 1198 2033 audiui,
1219 1967 1293 2038 quod
1312 1967 1454 2023 dividatur
1471 1968 1500 2023 in
1523 1968 1621 2038 binas3
1647 1969 1743 2026 Gloria

103 2067 229 2118 tuorum.
943 2057 1081 2127 videlicet,
1098 2060 1234 2128 Nunquid
1248 2064 1279 2115 in
1293 2063 1458 2132 {luminibus
1470 2081 1478 2117 .·
1488 2061 1594 2129 Gloria,
1609 2063 1698 2118 Pristi
1712 2065 1744 2119 ia

399 2147 516 2205 cnPU'r
529 2147 608 2204 VIII.
943 2149 1071 2202 salutem.
1098 2147 1222 2203 Homilia
1239 2147 1274 2204 do
1298 2149 1458 2222 Evangelio,
1482 2151 1551 2204 Erat
1569 2151 1658 2214 bomo,
1678 2166 1744 2206 cuns

205 2241 352 2296 dominico
364 2240 461 2308 prime
472 2243 533 2308 post
548 2243 671 2314 comeam
687 2235 803 2291 Pascha.
946 2235 1119 2307 expositione
1142 2236 1279 2307 ejusdem.
1303 2235 1338 2291 In
1356 2237 1486 2293 laudibus
1504 2237 1664 2310 antiphonae
1683 2255 1745 2310 quae

140 2328 265 2386 sabbato
284 2327 320 2383 ad
342 2343 487 2400 vesperam
510 2324 732 2398 responsorium,
757 2325 811 2392 Epo
834 2325 906 2379 sicut
945 2329 1121 2396 promantur,
1137 2324 1264 2381 breviata
1280 2325 1458 2399 responsoria
1471 2326 1532 2381 sine
1550 2327 1745 2382 Benedicomus

104 2421 181 2477 citis.
193 2416 399 2482 Inritatorium,
410 2417 542 2471 Altiaia.
554 2416 587 2471 In
600 2415 692 2487 primo
701 2417 849 2479 nocturno,
860 2413 907 2467 Al-
945 2415 1072 2479 Domino,
1086 2414 1296 2478 tammonem,
1308 2430 1392 2486 quam
1405 2416 1440 2470 ad
1451 2431 1580 2487 vesperas
1588 2415 1668 2487 pueri
1678 2419 1744 2471 ants

106 2511 205 2574 letoio,
219 2522 266 2574 eoo
280 2522 353 2561 sum.
368 2505 462 2560 Lectio
476 2505 511 2560 de
527 2503 694 2577 Apocalypsi
706 2502 822 2558 loannis
837 2517 906 2574 apo·
946 2502 1051 2574 gradus
1079 2503 1261 2574 proclament.
1282 2501 1479 2559 Matutinalem
1504 2503 1617 2558 missam
1637 2520 1672 2559 ax
1691 2503 1743 2560 SS.

105 2595 184 2650 stoli.
209 2593 439 2665 Responsorium,
464 2593 571 2662 Ilipaus
593 2608 631 2662 es,
651 2594 776 2660 Domine,
796 2589 906 2646 duabus
947 2590 1055 2646 Eventii
1066 2591 1234 2647 ctTheodoli
1245 2592 1382 2648 Natalitia
1393 2592 1497 2648 taciani
1508 2611 1515 2648 ι
1527 2594 1664 2664 majorem
1678 2609 1744 2649 vero

105 2681 303 2739 hebdomadis.
947 2684 1098 2752 antequam
1112 2669 1256 2752 incipiant,
1269 2681 1427 2737 sacerdotes
1442 2687 1527 2753 atque
1542 2682 1632 2737 levitae
1646 2697 1744 2737 omnes

140 2771 283 2826 Domuum
298 2769 334 2836 Il,
346 2769 420 2825 deut
431 2769 461 2825 in
475 2769 576 2841 prima.
588 2767 809 2841 Responsorium
821 2767 906 2823 breve
946 2774 1015 2824 sunt
1037 2769 1131 2824 amicti
1157 2770 1262 2842 cappis.
1287 2769 1401 2841 Septem
1423 2770 1592 2826 candelabra
1614 2771 1746 2826 ordinent

105 2858 183 2914 dicat
197 2859 294 2913 schola
306 2873 369 2914 cum
386 2858 482 2915 Gloria
502 2861 591 2914 Patri.
613 2859 646 2914 In
658 2857 759 2930 primo,
776 2857 905 2914 Surreait
946 2861 1013 2911 ante
1033 2856 1123 2912 altare
1136 2872 1200 2912 cum
1216 2856 1281 2922 illis,
1297 2873 1360 2928 quae
1373 2858 1499 2913 conversi
1519 2857 1657 2913 deterunt.
1673 2857 1745 2914 Oili-

105 2950 246 3004 Dominus
255 2949 287 3003 dc
300 2950 432 3018 sepulcro.
444 2946 477 3002 ln
486 2946 620 3014 secundo,
630 2947 760 3005 Surreail
771 2949 905 3003 Dominus
946 2943 1020 2999 cium
1034 2948 1150 3000 teneant
1162 2950 1292 3018 quatuor,
1304 2945 1407 3017 ipsum,
1418 2947 1473 3002 Nos
1486 2953 1590 3001 autern.
1606 2945 1742 3019 Epistola,

105 3052 178 3092 aere.
195 3036 229 3092 In
243 3035 338 3102 tertio,
354 3035 447 3090 (Iatioi
459 3041 527 3089 suut
546 3035 696 3104 discipulis
709 3035 802 3091 adhuc
816 3025 935 3106 usqueG
947 3032 1056 3100 confido
1068 3034 1187 3088 deuotis
1200 3037 1232 3088 ia
1245 3035 1372 3089 llorniac.
1382 3037 1513 3097 Alleluia,
1530 3035 1608 3089 dulce
1617 3037 1742 3103 lipsium.

106 3125 252 3182 Kalendas
266 3122 439 3196 Septembris
448 3122 579 3179 dicantur
589 3124 749 3196 propriaad
759 3124 834 3179 diem
844 3140 906 3196 per·
947 3120 1029 3186 Item,
1050 3120 1183 3185 Alleluia,
1199 3123 1325 3186 alleluia,
1341 3122 1465 3178 Ebrietas
1484 3138 1638 3191 resuraeas.
1655 3121 1746 3179 Evan-

104 3212 238 3277 tiuentia,
259 3217 362 3286 preter
386 3212 498 3282 quaudo
519 3211 637 3267 historia
656 3213 779 3285 ponitur,
797 3229 859 3284 quse
873 3227 907 3267 cx
946 3209 1062 3282 galium,
1082 3211 1151 3264 Erat
1165 3211 1264 3266 tomo:
1279 3227 1330 3283 per
1343 3210 1427 3266 horas
1442 3211 1573 3268 dicantur
1585 3211 1745 3284 antiphona

105 3303 167 3375 ipsa
178 3301 303 3372 maiores
316 3299 419 3355 iratres
433 3305 573 3372 promant.
588 3301 622 3356 In
634 3301 840 3357 resurrectione
853 3300 909 3356 Do·
947 3298 982 3353 de
1000 3297 1185 3353 hebdomada.
1207 3298 1251 3353 hd
1265 3314 1409 3371 vesperam
1427 3300 1591 3373 antiphona,
1611 3302 1742 3368 Alleluia,

105 3393 178 3446 mini
199 3388 351 3446 servitores
377 3393 511 3444 exeuntes
535 3405 569 3444 ex
591 3388 738 3445 refectorio
764 3393 831 3446 eant
856 3405 908 3461 per
947 3387 1742 3456 crucifioensPsalthioitdominusconytletor,beatus,

105 3480 234 3535 scholam
253 3479 283 3534 in
298 3477 419 3533 oratorio
440 3483 543 3532 sancta
558 3477 653 3532 Marias
667 3479 791 3534 suaviter
803 3478 907 3533 decan·
948 3476 1073 3539 landola·
1093 3475 1226 3548 hymnus,
1248 3477 1358 3542 Vecillo,
1378 3493 1497 3532 oremus.
1515 3477 1650 3532 cantores
1668 3491 1747 3550 repe·

105 3568 205 3633 lando,
221 3568 347 3622 liiserere
360 3569 424 3629 mei,
442 3566 523 3621 Deus.
536 3565 637 3620 Totum
654 3565 781 3620 astitum
794 3570 907 3636 tempus
948 3568 1012 3619 tant
1029 3564 1213 3636 antIphonam
1227 3564 1262 3620 de
1273 3565 1378 3620 sanctis
1389 3581 1453 3621 cum
1468 3565 1573 3622 Gloria.

105 3657 152 3712 hic
169 3655 288 3719 iaciant,
311 3655 336 3709 si
358 3653 401 3709 bis
424 3653 577 3710 comessuri
596 3658 662 3708 sunt
684 3654 736 3708 :in
756 3669 820 3708 sora
842 3668 907 3708 vero
983 3652 1121 3707 Douimcn
1145 3665 1233 3708 ruma
1258 3670 1327 3709 nnus
1350 3655 1533 3722 musmones,
1558 3669 1614 3709 non
1636 3653 1747 3708 dicatur

106 3745 172 3801 lndc
182 3759 242 3800 non
252 3741 496 3814 retrocedanlmed
507 3758 558 3814 per
567 3741 656 3798 altum
666 3741 819 3798 claustrum
826 3743 908 3814 juxta
947 3743 1138 3814 psalmus,1ld
1151 3745 1302 3799 Dominum
1317 3761 1381 3799 oum
1397 3745 1559 3807 tribularer,
1572 3759 1624 3799 nec
1635 3743 1672 3798 Ile
1684 3759 1748 3812 pro-

106 3831 345 3906 promptuarium.
947 3832 1055 3901 suadis,
1068 3847 1119 3904 pro
1128 3831 1281 3900 detunctis3
1294 3832 1362 3904 quia
1372 3832 1428 3888 illis
1440 3831 1531 3888 tribus
1542 3831 1640 3888 diebus
1648 3831 1747 3907 festive
1780 3901 1783 3908 Ι

141 3924 286 3981 hammon
301 3919 341 3978 Ill
363 3923 429 3990 post
450 3923 562 3975 octavas
584 3919 708 3976 Pascha.
735 3917 857 3975 Sabbata
871 3917 908 3973 ad
948 3918 1173 3976 celebrabuntur.

107 4027 266 4086 vesperam
283 4009 513 4080 Responsorinm,
535 4010 664 4063 Viderunt
683 4013 707 4062 tc
722 4023 809 4078 apua,
825 4011 904 4064 Deus.
984 4009 1016 4064 In
1035 4007 1219 4065 Roosrronon
1240 4021 1337 4065 nsanos
1351 4009 1387 4063 od
1401 4009 1567 4066 matutinale
1581 4009 1747 4081 obsequium

107 4102 140 4159 In
152 4099 280 4157 mantino
293 4096 427 4168 legantur
440 4097 476 4152 de
491 4103 599 4168 septem
611 4096 737 4170 epistolis
749 4096 903 4155 canonicis.
948 4094 1045 4166 legant
1058 4097 1190 4168 epistolas
1200 4097 1349 4153 canonicas
1358 4103 1473 4166 exscte;
1489 4098 1603 4154 veniant
1615 4099 1644 4154 in
1658 4099 1746 4154 alium

108 4186 340 4262 Responsorium,
361 4185 394 4242 Si
412 4187 512 4241 oblitus
528 4187 608 4254 sucro
632 4188 684 4241 lui.
706 4185 802 4257 Usque
823 4185 852 4240 in
867 4201 910 4240 as-
948 4181 1075 4249 choium,
1091 4189 1248 4256 canentque
1262 4182 1301 4240 ibi
1317 4185 1470 4239 matutinas
1489 4184 1614 4239 omnium
1628 4185 1747 4240 Sancto-

109 4294 193 4335 censa
206 4274 331 4333 Domini.
949 4286 1023 4338 rum,
1035 4276 1120 4343 atque
1132 4265 1307 4328 mortuorum
1320 4272 1381 4328 sine
1399 4272 1570 4345 antiphonis.
1585 4273 1747 4345 &demque

143 4367 176 4423 ln
190 4363 344 4420 iestirItate
357 4361 549 4434 apostolorum
565 4362 688 4436 Philippi
703 4368 732 4419 et
745 4361 850 4419 lacobi.
865 4363 907 4419 Ad
916 4359 1055 4434 niaciant
1068 4377 1192 4433 vespere.
1209 4360 1279 4418 Post
1292 4362 1478 4433 expletionem
1492 4363 1618 4435 ipsorum
1630 4362 1747 4416 matuti-

108 4469 258 4529 rosperam
279 4451 366 4523 quina
392 4450 563 4506 candelabra
587 4457 654 4507 ante
675 4451 775 4508 altare.
803 4451 907 4518 Lectio,
950 4464 1061 4516 norum,
1077 4449 1220 4506 venientes
1233 4450 1748 4523 indormitoriumrequiescant.Post

110 4545 232 4602 Stabunt
249 4543 333 4610 justi.
362 4539 581 4612 Responsorium
585 4579 675 4596 ........
703 4539 854 4596 aduobus
880 4541 909 4595 in
950 4538 1071 4610 primam
1092 4543 1187 4594 sutem
1206 4539 1339 4610 psalmus,
1361 4540 1490 4594 Miserere
1504 4542 1567 4608 mei,
1583 4541 1663 4603 deus,
1682 4544 1709 4595 el
1723 4539 1748 4595 si

109 4631 207 4706 cappis
221 4629 343 4693 dicatur,
353 4629 484 4692 Alleluia,
496 4643 542 4696 epo
552 4643 615 4682 sum
629 4631 702 4683 vilis.
714 4629 861 4684 Lectiones
874 4630 913 4690 da
950 4626 1052 4696 aliquis
1067 4627 1191 4698 psalmus
1205 4628 1354 4699 impositus
1367 4627 1462 4694 inerit,
1478 4633 1545 4684 aute
1559 4629 1653 4703 ipsum
1668 4628 1747 4683 dica·

108 4715 242 4790 passione
264 4711 401 4786 ipsorum.
419 4711 648 4781 Responsoriom.
669 4713 772 4768 Virtute
794 4729 908 4783 mapao.
949 4718 1007 4770 tur.
1023 4715 1129 4771 Deinde
1143 4717 1382 4788 sequunturhanc
1394 4715 1591 4789 psalmodiam,
1604 4719 1685 4781 Deus,
1698 4735 1750 4772 uu·
1767 4769 1772 4790 ,

108 4805 262 4870 Quartum,
276 4805 415 4864 octavum,
438 4799 636 4855 dnodecImnm
654 4800 694 4857 ibi
713 4801 907 4858 decantentur.
950 4804 1029 4858 ribus
1043 4807 1155 4869 uostris,
1169 4819 1233 4858 cum
1252 4803 1411 4876 quindecim
1428 4804 1544 4875 psalmis
1561 4805 1749 4878 procamium

106 4892 143 4950 In
154 4891 244 4948 tertio
256 4889 399 4944 Nocturna
415 4887 499 4942 lectio
514 4889 696 4959 expositionis
707 4891 850 4962 Evangelii
865 4893 910 4963 ip-
950 4891 1187 4958 tribulationibus,
1206 4908 1269 4947 cum
1287 4893 1495 4964 precationibus
1515 4894 1573 4950 sive
1585 4911 1748 4951 remunera-

105 4982 167 5038 sius
175 4979 243 5037 diei.
254 4977 287 5033 ln
297 4975 521 5042 matutinalibus,
537 4976 691 5048 antiphona
707 4979 762 5044 Epo
775 4994 839 5033 sum
852 4982 909 5046 oio,
951 4980 1073 5036 tionibus
1082 4980 1304 5051 benefactorum,
1315 4996 1366 5036 nec
1376 4997 1433 5036 non
1448 4987 1477 5036 et
1489 4998 1542 5054 pro
1553 4983 1749 5038 defunctorum

104 5085 173 5126 cum
186 5067 254 5123 aliis
272 5064 456 5138 responsoriis
472 5069 594 5137 quatuor
607 5061 692 5137 atque
713 5068 910 5123 Benedicamus
950 5070 1064 5140 requie;
1092 5069 1216 5142 quinque
1242 5085 1366 5141 namque
1393 5069 1494 5140 psalmi
1522 5085 1573 5141 pro
1599 5069 1749 5136 defunctis,

104 5160 226 5215 Domino
240 5159 356 5210 cautent
372 5159 438 5209 ante
452 5170 531 5209 aram
543 5155 624 5226 pueri
641 5172 647 5208 :
671 5159 700 5210 et
713 5156 909 5213 matutinalem
949 5155 1051 5212 deinde
1060 5164 1167 5228 septem
1179 5156 1288 5230 psalmi,
1303 5163 1332 5212 et
1344 5157 1453 5213 litania.
1469 5157 1581 5211 Missam
1595 5156 1749 5212 matutina·

103 5261 220 5304 noram
239 5259 273 5299 ex
288 5259 321 5298 eo
336 5247 430 5314 agant.
447 5241 555 5299 Debent
564 5260 624 5300 esse
638 5261 736 5300 omnes
750 5247 909 5302 sacerdotes
948 5243 1004 5300 lem
1019 5245 1114 5301 dicant
1126 5246 1216 5319 ipsius
1230 5246 1296 5310 diei,
1320 5251 1349 5301 et
1361 5244 1518 5309 collectam,
1539 5260 1589 5315 per
1606 5244 1703 5299 omnia
1717 5248 1750 5300 ut

102 5331 340 5406 atquelaritsaad
352 5332 490 5402 majorem
505 5333 619 5388 missam
634 5333 664 5389 in
674 5335 785 5407 cappis;
801 5341 909 5408 septem
949 5333 1012 5390 aliis
1025 5335 1133 5402 diebus,
1150 5341 1179 5390 et
1191 5334 1215 5389 si
1237 5334 1339 5407 aliquis
1362 5337 1476 5388 sanctus
1489 5330 1575 5386 luerit
1597 5330 1749 5403 aliquando

101 5423 181 5479 cerei
194 5425 263 5476 ante
277 5418 382 5476 altare:
395 5425 518 5492 quatuor
530 5421 632 5478 tratres
644 5429 761 5482 teneant
773 5423 906 5495 officium,
948 5423 1009 5496 ipso
1019 5422 1292 5494 die,dicaturoratio
1302 5423 1421 5478 adhunc
1431 5435 1550 5484 sacram
1562 5421 1750 5493 adjungentes

142 5527 201 5600 (ii)
214 5525 295 5584 mnis
309 5525 483 5582 reinduant.
