3856 6176
101 295 147 368 es
567 299 1252 400 nemmeraooauuasuuauuu

101 438 245 504 perpauca,
257 428 286 478 et
295 424 465 490 mutavimus
474 426 619 494 nonnulla,
628 427 928 506 etmaximeincele-A
1192 431 1309 499 CAPUT
1328 430 1482 500 PRIMUM.

101 507 210 565 tundis
220 509 488 594 quibusdam'testis,
501 511 682 580 excellentius
696 515 833 584 innostra
847 515 895 572 ltc-
1142 533 1319 586 onnrusmuu
1339 534 1437 588 corius
1456 533 1536 587 aaut.

101 599 177 655 etesia
191 605 322 672 oportere
337 617 371 657 aa
384 599 430 673 agi
444 609 600 674 censentes,
612 609 727 678 propter
745 607 895 686 primatem
979 609 1115 670 Sauciet.
1127 609 1206 664 -Ab
1223 607 1331 675 Octobri
1343 611 1380 664 ad
1393 611 1548 674 Adventum
1562 609 1686 670 Dentini.

101 687 236 746 sedemln
249 689 351 762 quibus
365 689 505 748 necnobis
516 693 563 764 qui
573 699 725 778 presentes
735 706 896 762 summotae
974 697 1107 754 Kalendis
1121 695 1249 753 Octobris
1263 698 1410 764 remaneat
1427 697 1584 763 meridiana
1596 714 1682 770 quatu
1695 696 1736 764 ia·

101 777 130 832 iis
147 775 196 852 qui
210 783 277 862 post
289 791 342 834 nos
355 781 468 836 uenturi
487 787 563 849 sunt,
581 781 611 836 in
625 779 719 858 aliquo
732 783 897 855 praejudica—
938 801 1001 841 cere
1016 785 1108 841 solent
1122 783 1251 840 monaehi
1264 784 1292 840 in
1318 789 1431 854 astate3
1460 802 1477 852 a
1491 785 1738 858 Dominicaprima

101 881 166 932 mus,
180 869 217 922 ut
228 879 286 922 non
301 867 343 922 vel
359 868 400 923 eis
415 867 582 940 addere,rel
596 870 684 926 abeis
698 871 897 937 tollere,velin
937 875 1022 946 hujus
1037 873 1142 930 mensis
1157 879 1296 940 cantetur,
1313 879 1342 928 et
1360 874 1471 944 legatur
1484 875 1518 929 ds
1532 873 1611 934 libris
1622 874 1738 933 Macha-

101 956 308 1034 eispermutare
322 957 417 1029 aliqua
430 959 581 1026 valeamus,
599 960 622 1014 si
635 959 717 1016 aliter
730 977 764 1015 ea
777 977 898 1016 comnm-
938 963 1063 1020 baeorum
1076 963 1210 1036 usquead
1223 963 1403 1018 festivitatem
1423 963 1548 1024 omniurn
1559 964 1737 1030 sanctorm

101 1044 156 1099 dius
172 1059 258 1117 posse
270 1045 342 1116 fieri,
358 1045 401 1101 vel
426 1050 563 1120 magistra
589 1049 708 1114 ratione,
723 1050 767 1104 vel
794 1051 898 1105 doctio·
938 1053 1083 1108 Canantur
1092 1053 1189 1124 hymni
1201 1051 1355 1107 Dominicis
1366 1051 1463 1106 diebus
1477 1068 1566 1124 usque
1578 1052 1614 1106 ad
1626 1052 1738 1115 Adraa

102 1149 157 1188 mm
168 1135 339 1191 auctoritate
361 1137 565 1208 intelligamus.
587 1139 800 1204 Quantumlibet
823 1139 897 1194 enim
938 1145 999 1195 turn
1009 1127 1134 1208 Domini,
1148 1140 1183 1194 ad
1198 1145 1337 1197 nocturna
1351 1143 1446 1194 Primo
1459 1142 1570 1194 dierum
1590 1143 1737 1208 ninnium

106 1223 250 1296 quisquam
266 1225 402 1297 pronciat,
420 1225 558 1282 maximus
572 1227 597 1282 ei
608 1228 732 1284 defectus
745 1233 789 1286 est
804 1228 898 1283 existi-
939 1230 974 1284 ad
987 1229 1084 1284 laudes
1098 1231 1214 1284 AEterne
1224 1245 1320 1284 rerum
1342 1227 1481 1284 conditor.
1497 1228 1618 1286 Privatis
1630 1227 1738 1296 diebus,

103 1325 174 1366 mare
188 1327 219 1367 se
234 1313 312 1367 ultra
325 1327 382 1374 non
403 1329 485 1387 posse
499 1315 652 1388 prolicere3
677 1331 743 1372 narn
764 1333 899 1372 numerus
939 1325 1003 1392 post
1018 1318 1159 1373 matutina
1177 1317 1315 1396 usquead
1331 1316 1513 1384 festivitatem
1528 1317 1653 1372 omnium
1668 1318 1741 1376 Suu·-

103 1401 215 1456 lratrum
226 1409 338 1470 auctus,
354 1404 397 1458 sel
423 1403 588 1472 diminutus,
601 1407 748 1462 facultates
762 1407 897 1475 locorum,
940 1413 1059 1474 ciorum,
1074 1411 1250 1461 revertantur
1260 1407 1296 1460 ad
1307 1406 1393 1460 lectos
1406 1422 1471 1460 suos
1481 1425 1487 1474 ;
1499 1405 1677 1462 illucescente
1691 1421 1740 1466 au-

103 1491 217 1545 mrietas
243 1505 350 1556 rerum,
377 1507 438 1564 quae
466 1507 539 1566 sape
567 1495 707 1562 eueniunt,
723 1495 899 1550 diversitates
939 1494 1741 1570 tentdie,pulseturacustodeEcclesiaeparvulumsiguum

102 1591 243 1648 sensuum,
256 1577 332 1652 quod
343 1581 390 1636 alii
401 1581 515 1654 quidem
525 1583 610 1649 sinet
621 1583 668 1638 alil
677 1583 895 1655 steintelliguut,
940 1585 1059 1643 modice.
1073 1587 1225 1658 Surgentes
1236 1584 1338 1641 iratres
1356 1583 1385 1638 in
1400 1581 1612 1652 nocturnalibus
1627 1583 1695 1652 auis,
1712 1587 1742 1652 ct

102 1669 230 1742 pleraque
257 1669 307 1725 diu
334 1677 454 1738 servate,
471 1671 636 1746 plerumque
664 1673 748 1727 aliter
774 1674 899 1728 ordinari
939 1673 1071 1740 infantae,
1087 1679 1116 1728 et
1130 1675 1243 1744 juvenes
1257 1689 1320 1727 cum
1334 1671 1520 1726 luminaribus
1543 1672 1610 1740 suis,
1627 1671 1742 1730 veniant

103 1757 271 1829 compellunt
281 1779 288 1822 ς
300 1759 367 1813 hino
375 1764 418 1813 est
426 1758 499 1831 quod
510 1760 588 1815 nulla
597 1761 655 1816 tere
663 1761 785 1816 Ecclesia
794 1761 901 1816 imitari
911 1750 971 1822 liin
987 1763 1141 1828 ecclesiam,
1163 1767 1192 1817 et
1205 1763 1278 1818 sacta
1299 1762 1424 1816 oratione
1439 1766 1554 1816 cantent
1567 1762 1699 1834 primatu,
1711 1765 1742 1822 at

103 1845 180 1900 sliam
194 1859 248 1918 per
264 1848 361 1902 omnia
373 1853 475 1919 potest.
491 1848 564 1904 illud
576 1855 672 1904 tamen
687 1851 899 1906 cautissimeat-
941 1851 1063 1925 psalmos
1078 1851 1230 1916 familiares
1251 1867 1315 1918 cum
1344 1850 1403 1904 suis
1429 1839 1572 1918 collectis,¹
1582 1855 1611 1906 et
1630 1853 1741 1922 septem

103 1935 273 1990 tendendum
289 1942 332 1990 est
343 1942 377 2014 ut
391 1953 425 1992 ea
439 1937 499 1991 sine
514 1937 615 2011 quibus
627 1939 724 1993 anima
732 1939 833 1994 salvari
842 1957 899 1994 non
941 1933 1062 2012 psalmos
1071 1939 1243 2004 etlitaniam.
1257 1939 1325 2010 lnde
1339 1944 1473 1994 exeuntes
1485 1937 1603 1996 sedeant
1619 1938 1648 2004 in
1662 1938 1741 2000 clau·
1767 1945 1770 1950 '

102 2029 189 2094 potest
204 2024 339 2079 omuibus
359 2025 451 2080 modis
473 2025 606 2081 inviolata
629 2034 794 2082 serventur:
814 2029 900 2084 tidem
942 2033 1010 2082 stro.
1027 2027 1110 2082 Pueri
1125 2043 1190 2080 vero
1205 2027 1335 2098 primitus
1350 2027 1406 2080 alte
1421 2027 1526 2100 legant,
1542 2032 1571 2096 et
1593 2031 1700 2098 postea,
1716 2025 1743 2082 si

103 2113 168 2179 dieo,
184 2117 382 2185 contemptum
407 2115 517 2180 mundi,
533 2117 709 2184 charitatem,
732 2117 899 2190 castitatem,
943 2131 1013 2188 opus
1022 2115 1473 2191 merit,cantent.0mnitempore,
1485 2107 1637 2186 antequam
1645 2115 1743 2188 legant

103 2202 299 2269 bumilitatem,
312 2203 490 2274 patientiam,
506 2203 703 2268 obedientiam,
713 2207 748 2260 de
760 2213 903 2282 perpetra·
944 2195 1076 2268 inientes,
1085 2205 1180 2259 nullus
1195 2205 1223 2258 in
1241 2205 1363 2260 claustro
1373 2205 1449 2276 legat
1462 2211 1512 2272 aut
1525 2209 1628 2274 cantet,
1645 2203 1700 2262 uisi
1711 2203 1743 2266 iu

102 2291 134 2344 tis
146 2292 238 2362 culpis
251 2293 468 2378 poenitudinem,
484 2309 636 2365 earumque
650 2295 785 2350 humilem
797 2295 902 2350 confes·
944 2293 1065 2360 silentio,
1075 2293 1167 2348 necad
1176 2293 1380 2350 contessionem
1400 2300 1508 2368 pergat.
1525 2295 1684 2364 Antequam
1698 2308 1744 2354 tu·

102 2379 216 2446 alonem,
232 2381 397 2451 trequentes
413 2383 563 2448 orationes,
578 2389 739 2456 competens
758 2383 901 2439 silentium
943 2389 992 2438 net
1006 2382 1118 2452 signum
1133 2383 1167 2452 ad
1183 2387 1349 2463 apparatum
1377 2382 1468 2454 tertiae
1489 2382 1583 2454 nullus
1595 2382 1699 2438 calceet
1710 2398 1743 2450 sc

102 2469 283 2541 multaquein
292 2470 367 2524 bunc
378 2471 626 2526 modumllaecubi
635 2479 792 2539 servantur,
803 2474 902 2527 rectis·
943 2471 1119 2527 diurnalibus
1127 2472 1194 2536 suis,
1203 2472 1326 2542 exceptis
1340 2471 1375 2528 iis
1385 2469 1486 2546 quibus
1501 2477 1579 2536 extra
1588 2472 1743 2540 claustrum

101 2557 166 2610 sime
178 2562 276 2628 potest
287 2557 342 2612 dici
357 2559 484 2630 regulam
500 2561 575 2615 beati
591 2561 743 2628 Benedicti,
760 2568 789 2616 et
803 2577 901 2616 mona·
943 2575 1010 2615 cura
1033 2559 1197 2615 obedientiae
1229 2561 1357 2645 inpuncta
1386 2565 1437 2626 est,
1459 2565 1487 2613 et
1519 2559 1549 2631 lii
1577 2561 1743 2638 priusquam

102 2647 216 2702 chorum
230 2647 405 2704 ibiordinem
416 2651 561 2715 custodiri,
572 2666 683 2723 quoque
698 2653 782 2706 modo
793 2651 902 2710 vertens
943 2655 1044 2704 exeant
1053 2649 1261 2720 aliquantulum
1276 2649 1304 2703 in
1320 2649 1442 2718 claustro
1458 2649 1556 2703 sedere
1580 2649 1693 2720 debent,
1713 2655 1744 2714 et

100 2743 144 2789 tur
157 2745 272 2802 caetera,
285 2755 347 2809 quaa
360 2755 410 2809 pro
422 2738 540 2794 arbitrio
551 2740 725 2794 diversorum
737 2741 767 2794 in
783 2739 902 2810 dirersis
943 2743 1104 2810 exspectare
1118 2743 1150 2792 ut
1164 2737 1243 2810 prius
1257 2738 1379 2794 infantes
1402 2737 1431 2808 in
1457 2737 1536 2792 stolis
1559 2738 1618 2795 suis
1635 2739 1743 2812 legunt.

102 2839 164 2887 sunt
177 2831 317 2904 coenobiis
340 2836 489 2906 instituta;
512 2836 669 2910 cujusmodi
691 2843 757 2900 sunt
777 2839 851 2908 quod
874 2837 904 2902 in
945 2825 1744 2906 01111]ὓβΡΐθΡῑῡῆῦἃνθΐὶῖῐθΰψΰὸῙῑθΐίθΐθΐῐέθιρῡῑδβῖϋξ

100 2934 247 3012 pmcrpns
275 2935 503 2992 solemnitatibus
522 2935 589 2991 auu
608 2936 638 2990 m
658 2936 760 2996 tumen
779 2942 901 3002 rantum,
945 2915 1126 2970 secretae
1142 2915 1252 2980 modice
1267 2915 1379 3018 sianum
1400 2913 1560 3013 uinique,
1576 2930 1661 3012 quom
1675 2914 1744 3013 sku-

103 3048 169 3104 quos
184 3033 279 3100 {rocos
293 3038 403 3100 vocant,
419 3040 448 3090 et
462 3031 527 3093 alibi
550 3033 579 3106 iu
605 3033 675 3100 albis
690 3040 718 3090 et
732 3035 827 3112 cappis
841 3049 934 3122 cape
945 3005 1001 3060 lam
1017 3003 1077 3074 (59)
1084 3008 1193 3070 uocant,
1207 3009 1234 3058 et
1242 3008 1338 3058 statim
1353 3009 1473 3080 pergant
1487 3019 1516 3060 rn
1536 3003 1744 3072 dormtton-uut,

104 3137 176 3186 tores
190 3131 227 3188 ad
258 3147 390 3204 resperas
415 3133 624 3208 responsorium
639 3139 761 3199 cauuut;
783 3133 857 3210 quod
875 3132 905 3190 iu
945 3183 988 3238 d.
1173 3187 1183 3218 s
1220 3182 1225 3193 .
1495 3180 1501 3191 .
1589 3197 1595 3210 ,

102 3227 203 3300 eudem
216 3229 429 3300 festivitatibus,
445 3230 475 3300 ,in
490 3231 553 3302 eliis
567 3231 635 3296 locis
657 3231 687 3301 in
708 3230 778 3288 albis
798 3232 904 3294 solunt-
965 3181 1046 3237 effide
1061 3183 1095 3236 ad
1111 3183 1278 3300 lavam-rum
1288 3181 1400 3250 vadant’
1418 3185 1538 3280 etdmus
1551 3181 1646 3282 ladem
1656 3197 1694 3246 ὅθ’
1715 3183 1746 3242 'et

255 3327 262 3339 .
331 3328 347 3340 ..
465 3329 470 3340 .
531 3329 537 3340 .
615 3329 620 3340 ,
697 3331 703 3343 ,
944 3277 1043 3346 postea
1054 3269 1353 3343 pectinent,debtncad
1363 3270 1509 3340 ecclesiam
1517 3274 1746 3342 venrant,aquam

101 3328 191 3395 'nm'
208 3332 239 3390 a
252 3344 284 3390 ω
299 3328 374 3394 ⁸¹¹¹⁸’
391 3343 487 3400 “⁹⁹¹⁸
501 3335 586 3392 ΜΨ
613 3329 705 3390 ”mun
729 3329 901 3401 prmum*
945 3357 1122 3416 benedictam
1136 3362 1258 3426 sumant,
1275 3359 1305 3414 in
1319 3359 1436 3430 chorum
1458 3358 1570 3428 vadant,
1594 3364 1623 3427 et
1635 3359 1747 3420 incuua-

103 3425 172 3494 quod
187 3426 218 3479 in
233 3424 407 3496 quibusdam
418 3426 551 3480 coenobiis
565 3427 664 3492 viceni,
674 3426 716 3481 vel
731 3426 841 3492 triceni,
854 3431 905 3480 aut
944 3449 1042 3505 hemps
1052 3455 1134 3503 terr„
1144 3448 1265 3512 infantes
1273 3452 1444 3520 exspectent·
1465 3447 1535 3520 Cum
1545 3463 1611 3518 ,epo
1625 3447 1748 3518 infames

103 3524 170 3594 pius,
196 3529 250 3578 md
274 3524 370 3578 minus
384 3521 469 3578 timui
494 3524 524 3579 in
540 3525 635 3592 aiteiss,
648 3529 678 3578 Oi
692 3526 723 3580 iil
736 3524 904 3613 iliiibllssdflm
944 3541 995 3594 loti
1004 3539 1119 3608 fuerint,
1129 3543 1158 3593 et
1167 3555 1197 3592 se
1211 3537 1353 3608 pectinare
1362 3536 1536 3612 isscoepei'jsst,
1548 3537 1677 3609 pulsetur
1688 3551 1748 3600 mg.

101 3622 202 3693 singuli
218 3623 250 3676 in
270 3621 389 3692 singulis
410 3623 511 3676 eatinis
533 3623 619 3694 pedes
644 3623 673 3676 in
698 3623 819 3677 claustro
839 3627 905 3702 ante
944 3632 991 3700 jus
1001 3627 1113 3698 signum
1129 3627 1162 3680 ad
1178 3621 1286 3698 horem.
1304 3625 1474 3686 decedentes
1488 3631 1517 3680 et
1530 3625 1584 3698 ipsi
1598 3625 1633 3696 ad
1643 3636 1747 3700 aquam

103 3717 907 3792 mandatumabluunt;quodpleraquemonasteriamense
944 3711 1124 3774 'benedictam
1139 3717 1168 3771 iu
1183 3716 1300 3788 chorum
1315 3715 1439 3786 veniant,
1455 3720 1492 3788 et,
1516 3714 1632 3784 dimisso
1655 3714 1748 3798 siguo,

102 3807 267 3876 Februario,
284 3815 430 3863 transacta
445 3800 534 3879 beatas
556 3809 650 3864 itariae
673 3807 834 3880 testivitate,
850 3809 909 3864 0m-
949 3823 1047 3863 omnes
1060 3805 1144 3860 simul
1169 3810 1226 3859 tres
1242 3805 1385 3860 orationes
1411 3803 1524 3874 iaciant.
1541 3803 1648 3873 Quibus
1666 3802 1748 3872 factis

103 3897 175 3950 rium
185 3903 368 3967 moratorum
387 3902 452 3968 post
469 3903 563 3980 254
583 3913 714 3969 vesperas
725 3897 818 3953 dicere
837 3897 907 3952 inci·
948 3896 1076 3973 pulsetur
1091 3895 1183 3956 minus
1198 3894 1321 3966 signum.
1337 3881 1596 3962 etcanaturtertia.
1607 3892 1749 3979 'Iucheaio

104 3985 191 4054 piant,
205 3979 474 4058 etpleraqueusque
485 3979 521 4041 ad
544 3979 784 4058 septuagesimam
795 3991 908 4058 praesto-
949 3988 1057 4060 psalmo
1071 3985 1197 4039 Miserere
1211 3986 1275 4050 met,
1297 3984 1377 4060 lieres,
1394 3987 1541 4064 surgentes
1559 3982 1674 4050 missattt
1686 3997 1749 4046 tua-

104 4067 208 4142 buntur.
221 4072 435 4146 llujusgeneris
446 4076 570 4148 plurima
580 4077 636 4130 alia
653 4077 776 4132 existunt
785 4066 846 4148 quae
857 4091 908 4148 pro
949 4073 1098 4130 'tutinaiern
1111 4073 1262 4146 celebrent,
1276 4075 1342 4144 ante
1357 4075 1385 4128 et
1399 4075 1475 4125 retro
1491 4070 1606 4142 iaciant,
1623 4074 1651 4142 et
1664 4085 1694 4134 ss
1708 4069 1749 4131 iu-

105 4165 145 4216 sni
155 4161 320 4234 prolixitate
327 4160 451 4220 breviter
461 4165 622 4220 enumerari
635 4183 693 4220 non
707 4173 833 4236 possunt.
844 4154 909 4236 liaeo
950 4164 1036 4218 duere
1050 4167 1179 4235 pergant.
1194 4159 1341 4224 Celebrate
1367 4159 1453 4232 missa
1468 4159 1584 4214 sedeant
1602 4173 1699 4228 omues
1717 4157 1749 4214 iu

1 4319 2 4326 ἵ
105 4257 198 4320 minen
213 4253 288 4324 ipsa,
299 4259 450 4324 postquam
466 4254 603 4309 servanda
614 4247 746 4325 subjectis
760 4269 778 4308 a
792 4254 910 4327 pastori·
950 4240 1159 4322 choro,'prseter
1172 4249 1281 4321 aliquos
1295 4265 1453 4319 conversos,
1469 4247 1516 4322 qui
1527 4246 1747 4318 sacerdotemet

106 4337 156 4394 bus
171 4335 356 4414 ordinantur,
372 4339 408 4396 ab
435 4341 481 4408 iis,
512 4359 632 4416 quorum
653 4332 715 4416 t'ota
730 4343 787 4397 vita
805 4343 833 4398 in
845 4331 911 4412 obe·
951 4354 999 4395 eos
1009 4335 1102 4410 qui'ad
1112 4337 1226 4400 missam
1236 4334 1654 4408 servieruntadjuvaredebent.
1667 4335 1748 4420 Quod

106 4427 216 4484 dientia
230 4429 350 4496 sita'est,
367 4429 428 4486 sine
450 4430 532 4502 culpa
547 4431 664 4486 minime
679 4431 826 4504 violantur.
842 4432 1015 4520 ludencum
1026 4427 1207 4513 expleverint,
1223 4427 1342 4481 redeant
1355 4431 1383 4480 et
1396 4425 1451 4498 ipsi
1469 4425 1498 4480 in
1518 4425 1645 4498 eliorum.
1660 4425 1748 4502 Tunc,

107 4533 269 4573 seronemo
283 4517 425 4585 turbetur,
448 4519 522 4590 quod
547 4521 578 4574 in
591 4525 716 4574 tractatu
737 4535 834 4574 earum
849 4535 913 4575 con·
951 4516 1066 4588 jubente
1078 4515 1189 4584 abbate,
1205 4513 1282 4588 prior
1290 4517 1371 4574 sonet
1393 4514 1505 4586 signum
1520 4513 1681 4586 minimum.
1694 4514 1751 4577 De-

106 4608 294 4682 suetudinnm
311 4621 415 4663 nomen
427 4607 536 4682 abbatis
554 4613 677 4684 tantum,
700 4624 757 4663 non
780 4609 911 4681 episcopi,
953 4605 1017 4661 inde
1032 4611 1098 4684 eant
1118 4619 1215 4665 ornnes
1242 4605 1271 4660 in
1297 4603 1449 4678 capitulum
1474 4602 1529 4676 duo
1544 4608 1572 4657 et
1594 4601 1659 4677 duo,
1681 4602 1754 4676 sicut

106 4697 147 4750 rei
163 4695 382 4768 archiepiscopi,
400 4696 516 4768 ponitur
533 4715 539 4752 :
554 4697 622 4770 ordo
644 4697 747 4769 quippe
762 4693 914 4753 monacho·
954 4701 1021 4750 sunt
1033 4695 1151 4767 prieneo,
1162 4695 1283 4776 majores
1298 4693 1399 4778 primo,
1414 4695 1511 4764 postea
1534 4691 1670 4764 inientes,
1688 4691 1754 4778 iau·

108 4799 170 4841 rum
183 4779 367 4851 describitur,
383 4801 503 4857 quorum
524 4801 575 4862 per
599 4787 714 4842 abbates
740 4785 915 4859 frequentius
956 4787 1018 4839 aeto
1028 4779 1159 4866 capitulo,
1176 4784 1287 4860 pulsata
1299 4769 1415 4864 tabula,
1430 4782 1504 4854 dicto
1530 4780 1565 4854 ab
1593 4779 1694 4856 abbate
1711 4781 1756 4855 tel

109 4891 196 4945 quam
212 4887 268 4946 per
280 4873 423 4930 antistites
436 4875 495 4930 vita
508 4871 678 4946 disponitur,
692 4875 918 4948 quamvisetlpsi
957 4873 1052 4946 priore
1063 4859 1230 4938 'benedicite
1250 4873 1401 4948 loquentur
1419 4871 1449 4926 in
1471 4871 1603 4942 claustro.
1629 4871 1755 4946 tutantes

110 4964 269 5030 antistites,
285 4963 309 5018 si
322 4969 472 5036 paternam
484 4979 581 5020 curam
594 4966 654 5019 vice
669 4955 774 5020 Christi
787 4963 918 5035 subjectis
960 4959 1114 5036 'capitulum
1128 4977 1210 5036 suum
1220 4965 1344 5034 teneant,
1370 4965 1399 5015 et
1413 4967 1510 5043 postea
1534 4961 1563 5015 in
1577 4960 1758 5030 refectorium

112 5055 169 5108 suls
185 5053 366 5124 impendant,
381 5067 438 5108 non
448 5045 568 5108 absurba
579 5053 704 5121 abbates,
716 5053 744 5108 ld
757 5055 800 5108 est
808 5054 916 5121 Patres,
960 5057 1090 5123 pergant
1106 5049 1174 5105 Post
1190 5055 1297 5106 sextam
1312 5049 1406 5120 nullus
1420 5049 1448 5103 in
1477 5047 1598 5104 claustro
1614 5049 1755 5121 loquatur,

1 5211 2 5218 ἵ
113 5157 244 5213 congruo
271 5142 330 5196 suis
356 5141 465 5216 actibus
493 5141 625 5197 vocabulo
655 5132 789 5214 appellari
803 5143 917 5214 queant.
945 5131 1049 5194 donec
1063 5139 1185 5194 infantes
1198 5139 1233 5200 de
1247 5138 1419 5194 monasterio
1435 5144 1546 5212 exeant,
1571 5139 1600 5204 et
1625 5135 1758 5204 minimus

112 5231 190 5285 Deus
202 5229 284 5302 pacis
304 5235 330 5285 et
352 5229 510 5285 dilectionis
522 5231 664 5286 uobiscum
684 5219 847 5296 maneat,'et
861 5231 921 5305 ipse
961 5241 1059 5294 eorum
1073 5229 1131 5293 alta
1152 5245 1218 5284 voce
1246 5229 1396 5304 benedicite
1410 5228 1493 5300 dicat,
1516 5226 1589 5300 tacto
1611 5221 1758 5308 interrasile

115 5335 182 5389 paee
196 5311 230 5389 e't
255 5315 404 5394 dilectione
429 5333 481 5374 sue
494 5329 543 5375 tos
556 5321 673 5398 repleat,
691 5326 720 5374 et
733 5319 768 5374 ab
793 5319 921 5375 onmibus
961 5320 1073 5391 pulsata
1082 5317 1117 5371 ad
1127 5323 1293 5392 apparatum
1303 5316 1395 5391 missae
1406 5315 1497 5388 sicilia,
1520 5311 1632 5388 putitio
1643 5311 1679 5380 ab
1693 5309 1759 5382 mte-

114 5407 245 5478 pecentis
260 5407 414 5478 clementer
428 5407 561 5483 absolvat.
576 5399 677 5482 Amen.
693 5411 798 5468 Amen.
964 5420 1024 5463 sam
1035 5407 1116 5478 signo
1125 5397 1251 5480 oratione
1265 5407 1338 5486 iacta
1349 5405 1457 5480 dicatu}n
1475 5402 1511 5457 ab
1523 5399 1636 5474 'infante
1651 5396 1760 5472 umida,

151 5585 214 5659 (59)
232 5585 303 5656 Aliis
315 5585 404 5680 scilla,
420 5587 590 5684 sausquiila,
605 5587 634 5646 ld
649 5593 693 5674 est
706 5587 884 5674 campanula.

945 3096 1111 3149 etcalceent
1136 3107 1166 3146 se
1191 3091 1375 3157 diurnalibus,
1393 3095 1421 3146 et
1435 3091 1562 3148 cultellos
1588 3090 1743 3174 accipiant,
1833 3099 1843 3114 “
