3872 6162
99 212 158 274 ,005
611 209 821 268 eonsrrrur.
843 206 1013 264 nrasrue.
1036 237 1067 248 -
1088 207 1157 264 rra.
1177 208 1200 262 r:
1652 217 1728 280 roeo

96 338 300 412 deputabuntur
324 338 425 392 fratres
448 338 534 408 hujus
551 337 635 393 efficii
655 336 747 410 periti,
768 333 1015 407 singulisAmarie
1031 331 1143 403 signum
1157 333 1236 392 facil.
1255 333 1372 399 Quodsi
1387 337 1538 408 aliquando
1552 341 1582 396 in
1596 346 1726 416 sequenti

96 429 202 500 singuli,
214 427 262 500 qui
276 444 324 482 eos
335 427 459 484 studiose
471 427 622 490 instruant,
634 443 719 497 quam
732 442 834 496 magne
847 426 887 480 di·
927 420 1103 476 hebdomada
1118 421 1204 476 missa
1217 425 1391 480 matutinalis
1413 427 1512 484 festive
1532 433 1659 489 cauenda
1672 439 1726 504 est,

97 518 205 590 ligantia
218 517 293 588 apud
304 533 356 572 nos
369 517 428 572 haec
442 523 600 572 tractentur
613 521 799 571 sacramenta.
811 515 887 570 Nulli
927 509 1049 564 olsrcium
1073 505 1108 564 ad
1131 507 1203 564 hanc
1229 529 1341 584 quoque
1361 514 1506 586 imponere
1535 521 1660 592 pertinet
1689 525 1727 579 ad

96 615 183 664 terrren
197 605 303 663 novitio
315 605 495 678 quantumvis
504 605 594 678 perito
609 605 683 660 infra
696 604 807 660 dimidii
821 603 887 658 anni
928 599 1032 669 ipsum,
1049 599 1134 654 etiam
1150 599 1173 653 si
1188 617 1239 671 pre
1249 598 1396 670 defundtiS,
1413 605 1448 660 ad
1464 624 1548 678 quam
1563 605 1648 666 etiarn
1658 613 1727 668 ulti-

97 697 222 768 spatium,
239 689 344 766 absque
359 711 463 766 magna
477 695 653 762 necessitate,
669 694 735 750 lieet
748 693 823 766 apud
837 709 888 748 nes
929 705 992 742 mus
1007 687 1062 744 crib
1074 687 1261 744 offerentium.
1273 689 1334 764 (uu)
1349 691 1420 748 Cum
1434 693 1464 750 iu
1474 696 1520 751 die
1530 697 1676 758 Domiaica
1682 703 1728 758 vel

97 786 225 854 majorem
237 784 354 839 missam
368 781 600 852 celebraretur.)
620 781 677 838 Sed
691 789 723 838 ut
736 781 782 836 hic
792 782 890 836 memi-
929 777 957 830 In
967 777 1091 849 qualibet
1101 778 1125 832 ei
1136 779 1221 834 simili
1230 781 1324 834 emnia
1334 781 1414 854 signa
1424 783 1459 840 ad
1468 787 1601 857 maiorem
1611 789 1728 847 missam

96 873 179 932 nerim
188 878 248 928 tarn
255 872 515 944 qnicxaminantur‚
523 888 608 944 quarn
616 871 727 944 quijam
737 870 889 925 examinati
930 871 997 920 suut
1008 866 1155 939 pulsanda,
1173 869 1209 922 ad
1228 885 1294 924 eum
1308 872 1439 942 pertinet,
1458 883 1490 929 ut
1500 876 1608 948 primus
1618 879 1728 936 scillam

98 962 268 1034 aliquomodo
283 961 387 1016 servire
408 959 553 1032 jubentur,
576 960 769 1032 unusquisque
791 976 889 1014 eorum
929 954 1175 1026 incipiatpulsare‚
1183 961 1212 1010 et
1221 961 1252 1010 ut
1263 957 1363 1014 chorus
1371 964 1502 1016 teneatur
1511 964 1545 1018 ab
1555 965 1625 1036 ipse.
1633 968 1730 1040 Cappa

98 1052 190 1106 sedens
200 1050 230 1104 in
241 1049 364 1122 capitulo
374 1050 525 1121 diligenter
534 1049 664 1116 attendit,
672 1055 703 1104 ut
715 1050 890 1105 ammadver-
929 1061 959 1098 se
974 1043 1076 1111 indult,
1092 1060 1177 1116 quam
1190 1045 1251 1116 ipse
1265 1043 1319 1100 sibi
1338 1047 1413 1104 inter
1426 1067 1527 1108 sonum
1548 1055 1590 1109 vel
1605 1057 1728 1128 psalmos

99 1147 142 1208 tat,
153 1140 178 1194 si
193 1145 237 1196 est
249 1140 286 1195 ad
299 1140 388 1194 ullum
402 1139 522 1212 scriptus
533 1139 707 1210 obsequium,
722 1139 797 1210 quod
807 1141 850 1195 vel
859 1140 889 1194 in
929 1139 1097 1210 apportavit.
1108 1137 1117 1162 ⁸
1127 1140 1155 1196 Si
1167 1141 1298 1196 sacerdos
1308 1148 1360 1210 est,
1371 1149 1436 1214 pest
1447 1148 1622 1220 evangelium
1636 1151 1729 1226 impe-

99 1230 207 1284 ecclesia
220 1229 265 1284 vel
279 1234 358 1284 extra
370 1228 407 1282 sit
418 1230 569 1300 agendum.
930 1227 985 1282 sita
997 1227 1239 1300 oblationepotest
1249 1247 1300 1302 pro
1310 1234 1451 1289 cantanda
1459 1236 1546 1292 missa
1558 1239 1601 1292 vel
1615 1240 1671 1296 alia
1679 1240 1731 1296 hu·

350 1317 467 1374 CAPUT
486 1319 634 1375 LXXVIII.
697 1373 701 1380 ,
927 1315 1052 1386 jusmodi
1070 1319 1237 1374 necessitate
1253 1319 1397 1378 licentiam
1413 1324 1549 1398 accipere,
1567 1310 1731 1384 etdateali-

293 1409 330 1462 Ile
344 1408 556 1462 hebdomadario
571 1413 690 1464 contere.
933 1406 979 1461 eui
993 1402 1064 1476 (106)
1081 1407 1116 1462 de
1139 1408 1241 1464 eblatIs
1261 1427 1359 1484 cappa,
1374 1413 1503 1488 factoque
1525 1421 1591 1473 ante
1612 1423 1641 1474 et
1654 1427 1732 1476 retro

132 1500 198 1567 tuo.)
215 1495 246 1552 Si
267 1502 311 1552 est
331 1497 367 1552 ad
388 1497 583 1556 imitatorium
597 1504 721 1564 notatus,
739 1503 891 1570 autequam
933 1494 1084 1552 discedere.
1105 1513 1155 1555 uu.
1173 1498 1226 1562 Qui
1250 1504 1279 1554 et
1299 1500 1446 1558 incensum
1460 1503 1514 1559 sibi
1531 1507 1659 1575 allatura,
1676 1525 1731 1582 quc

101 1586 184 1658 ipsum
195 1586 401 1653 inchoet,stans
411 1587 447 1642 ad
455 1587 576 1658 gradum
587 1604 651 1642 curn
662 1605 713 1642 suo
725 1589 893 1660 collega,vel
932 1599 1033 1656 corpus
1047 1584 1159 1641 Domini
1174 1593 1239 1642 ante
1259 1592 1498 1648 consecrationem
1518 1595 1561 1650 est
1582 1597 1732 1652 incensan-

103 1677 207 1746 quaudo
222 1676 425 1748 imitataeque
439 1676 496 1731 vice
509 1676 654 1732 Incitante
668 1683 697 1732 et
712 1681 814 1733 retro*
825 1679 889 1744 Sed,
901 1673 1011 1748 ndum,
1028 1675 1149 1746 punitio
1163 1676 1348 1746 thuribulum,
1360 1682 1435 1751 qued
1448 1683 1532 1738 etiarn
1546 1684 1613 1740 facit
1626 1685 1656 1740 in
1671 1685 1733 1740 Via

103 1765 893 1839 priusquamipsuminvitatoriumIncipiat,etpostquarn
933 1763 1032 1834 gitium
1058 1765 1254 1838 principalium
1283 1767 1443 1825 festivitate.
1463 1774 1475 1798 *
1495 1773 1732 1848 Quotiescumque

103 1855 242 1926 inceperit,
257 1854 343 1910 etiam
360 1860 388 1908 et
402 1859 553 1928 antequam
569 1860 634 1926 pest
648 1855 771 1910 Gloriam
791 1855 895 1910 iterum
934 1857 1046 1924 tempus
1059 1859 1089 1908 et
1102 1853 1193 1909 locum
1204 1861 1297 1927 potest
1310 1857 1422 1926 hahere,
1434 1860 1499 1916 licet
1514 1861 1540 1918 ei
1554 1864 1661 1920 sedere.
1674 1864 1732 1920 (Ice-

104 1944 220 2015 iucipiat,
236 1961 326 1998 unum
340 1952 432 1998 servat
455 1943 569 1998 modurn
587 1943 750 2011 inclinandi,
765 1945 794 1998 id
809 1946 895 2000 estin
935 1941 1004 1996 teris
1017 1942 1092 1998 inter
1101 1945 1271 2000 cantandum
1283 1963 1313 2001 se
1327 1947 1538 2022 inclinantibus,
1548 1951 1609 2026 ipse
1621 1969 1733 2026 quoque

104 2034 794 2106 anterioratantum.VerumpostultImumpsalmi
807 2036 896 2090 Venite
935 2029 1070 2100 inclinat;
1096 2039 1210 2104 excepto
1230 2034 1342 2106 quando
1364 2035 1483 2094 Servetur
1505 2045 1646 2109 cantatur,
1666 2049 1735 2098 tuuc

104 2119 389 2194 versumaliquamdiu
395 2127 452 2178 stet
458 2123 617 2190 incliuetuS,
625 2125 692 2178 dum
703 2123 896 2178 invitatorium
937 2121 1013 2174 enim
1023 2126 1080 2176 stat
1093 2128 1212 2178 erectus.
1222 2123 1376 2196 Postquam
1390 2127 1477 2182 etlam
1487 2129 1634 2186 Domiuica
1644 2130 1734 2186 oratic

105 2217 194 2266 cantem
206 2216 370 2266 conventus.
388 2212 423 2266 Et
445 2212 503 2266 sive
526 2211 581 2266 due
602 2212 645 2266 vel
668 2217 789 2284 quatuor
809 2214 896 2266 Venite
938 2210 1018 2265 finita
1031 2211 1126 2277 luerit,
1140 2212 1238 2268 statim
1249 2229 1280 2268 se
1295 2214 1387 2286 erigit.
1402 2216 1445 2270 Ad
1459 2215 1664 2276 couecasvere
1678 2199 1734 2296 pri·¹

106 2299 344 2370 precinenthanc
357 2299 547 2354 inchoationis
557 2300 648 2372 legem
659 2299 816 2354 observant.
828 2303 895 2370 (uo.)
937 2305 1034 2354 masat
1043 2299 1157 2354 ultimas
1172 2306 1201 2355 et
1210 2301 1246 2356 ad
1254 2309 1380 2358 secretas
1395 2321 1447 2376 per
1458 2311 1550 2362 toturn
1559 2307 1671 2364 inclinis
1679 2307 1738 2364 erit

106 2389 132 2442 Si
143 2406 174 2443 ex
187 2388 299 2444 duobus
317 2387 511 2444 invitatorium
525 2389 680 2444 cantaturis
695 2389 772 2460 prior
787 2395 831 2444 est
844 2406 896 2444 ne·
937 2387 1030 2442 Finita
1044 2389 1139 2456 missa,
1155 2405 1172 2444 a
1189 2391 1249 2445 loce
1275 2409 1325 2446 sue
1347 2409 1404 2448 nen
1423 2394 1552 2463 erscedir,
1568 2399 1736 2472 priusquam

103 2483 184 2546 tatus,
196 2485 266 2533 tunc
280 2477 366 2532 etiarn
381 2478 435 2533 erit
446 2477 691 2545 hebdomadarius,
704 2484 733 2533 et
746 2483 896 2549 pertatem
937 2493 1041 2532 mensae
1055 2479 1144 2532 lector
1155 2478 1376 2536 benedictionem
1387 2485 1535 2556 acceperit.
1549 2487 1604 2558 (un.
1621 2493 1693 2562 ver.)
1704 2492 1738 2548 Iu

103 2567 304 2622 hebdomadam
319 2573 378 2621 tam
392 2567 423 2622 iu
438 2566 538 2629 tribus,
556 2583 639 2638 quern
654 2567 684 2621 in
699 2567 845 2622 duedecim
860 2569 899 2622 Ie·
938 2565 1084 2620 duodecin]
1100 2567 1267 2624 lectionibus
1279 2570 1315 2625 ad
1328 2577 1498 2628 nocturnum
1512 2579 1540 2630 et
1553 2578 1737 2648 matutinum,

101 2657 236 2712 ctienibus
253 2659 342 2712 i'enite
352 2657 491 2725 centahIt;
508 2673 561 2712 nec
572 2657 806 2728 tamenamplius,
820 2660 832 2682 *
842 2656 897 2712 nisi
938 2655 1106 2727 antiphonas
1126 2657 1162 2710 ad
1185 2673 1254 2728 quas
1269 2664 1383 2714 notatus
1399 2667 1452 2726 est,
1467 2662 1609 2734 imponit;
1631 2667 1661 2722 in
1675 2668 1740 2724 aliis

101 2746 127 2800 in
137 2746 252 2802 sabbato
264 2746 367 2818 prioris
377 2744 560 2802 hebdomadae
569 2747 604 2800 ad
621 2746 672 2800 hoc
684 2751 727 2800 est
738 2746 896 2813 notandus;
938 2743 1066 2800 noctibus
1088 2761 1205 2816 quaeque
1229 2745 1259 2802 in
1281 2749 1438 2806 sacchore
1460 2750 1639 2828 imponendae
1659 2763 1738 2826 sunt,

101 2843 212 2908 excepto
223 2837 247 2890 si
255 2835 323 2890 talis
336 2834 471 2890 festivitas
482 2835 685 2906 supervenerit,
696 2835 727 2890 in
737 2851 898 2906 quaequa-
938 2831 972 2886 ab
990 2833 1051 2905 ipso
1072 2833 1265 2906 imponuntur,
1282 2841 1342 2892 tarn
1364 2837 1394 2892 iu
1416 2841 1545 2911 sequenti
1563 2841 1741 2902 hebdomada

101 2929 162 2980 tuor
175 2923 335 2980 canendum
354 2929 412 2991 est;
427 2925 577 2980 tunc‘item
590 2925 651 2994 ipse
666 2924 743 2995 prior
757 2923 787 2978 in
801 2923 898 2980 tabula
939 2937 1024 2993 quam
1038 2923 1067 2976 in
1085 2925 1226 2995 praesenti.
1238 2925 1428 2982 Nihilominus
1439 2927 1474 2983 ad
1488 2928 1573 2984 heras
1583 2947 1681 2988 ornnes
1692 2950 1740 2990 re·

101 3021 140 3068 est
150 3016 293 3070 nomadas
306 3036 313 3082 ς
329 3031 393 3069 cam
404 3029 459 3086 quo
469 3019 565 3068 tamen
576 3013 607 3068 in
616 3013 760 3068 duodecim
772 3013 897 3068 lectioni·
937 3011 1049 3080 gulares
1060 3011 1181 3083 imponit
1198 3014 1377 3085 antiphonas,
1391 3021 1493 3090 praeter
1503 3019 1539 3074 ad
1549 3037 1688 3093 vesperes,
1701 3024 1740 3080 aa

101 3101 148 3158 bus
157 3121 216 3160 non
227 3109 378 3160 nansacta
387 3102 569 3158 hebdomadae
577 3107 684 3186 canter,
698 3103 748 3158 sed
758 3103 851 3174 potius
861 3103 895 3168 is,
938 3115 1008 3170 quos
1022 3117 1079 3154 nen
1096 3100 1216 3172 imponit
1228 3102 1258 3158 in
1269 3103 1319 3158 tali
1332 3101 1493 3172 testivitate,
1509 3107 1538 3162 in
1555 3125 1612 3180 qua
1626 3111 1739 3183 singula

99 3193 140 3247 eui
154 3193 297 3248 armarius
316 3209 485 3264 unaquaque
498 3193 558 3248 vice
572 3192 601 3246 id
624 3191 787 3262 iujunxerit,
809 3194 896 3248 Venite
936 3189 1114 3259 responsoria
1129 3205 1146 3244 a
1159 3189 1268 3246 duobus
1282 3197 1433 3249 cantantur
1444 3208 1449 3242 :
1460 3212 1526 3251 nam
1541 3202 1607 3254 tunc
1616 3199 1740 3272 primam

99 3283 232 3341 cantabit.
249 3282 367 3346 Quoties
380 3287 476 3337 autem
492 3287 614 3353 quatuor
627 3281 819 3336 invitatorium
834 3297 897 3335 ean·
937 3281 1048 3332 tantum
1068 3278 1197 3350 imponit,
1214 3279 1337 3352 reliquas
1358 3284 1499 3340 armarius
1513 3286 1615 3358 quibua
1629 3289 1683 3344 sihi
1697 3289 1740 3344 vi-

100 3377 156 3426 tare
167 3372 284 3436 debent,
300 3372 331 3426 hi
345 3377 466 3443 quatuor
480 3371 516 3426 ad
529 3371 642 3426 tertIem
657 3370 816 3442 quindecim
829 3387 895 3442 gra·
937 3365 1020 3420 detur
1029 3366 1213 3440 imponendas
1223 3369 1372 3441 injungit*
1382 3372 1412 3428 Si
1423 3374 1487 3430 talis
1498 3374 1740 3452 testivitaesuper-

98 3461 184 3516 duum
207 3461 375 3518 incisionem
399 3460 433 3514 de
450 3460 536 3515 choro
560 3465 672 3526 exeunt,
690 3464 719 3514 et
737 3460 816 3532 prius
826 3459 897 3526 lotis
937 3455 1054 3520 venerit,
1066 3455 1096 3510 in
1109 3453 1533 3530 quaunaantiphenacanenda
1545 3465 1584 3520 sit
1599 3482 1685 3538 super
1697 3468 1740 3524 Ie·

99 3550 228 3606 manibus
248 3549 406 3606 sacristiam
423 3549 541 3614 intrant,
554 3564 588 3602 ac
610 3549 681 3604 albia
696 3549 855 3605 vestiuntur
869 3555 898 3604 et
937 3543 1022 3600 riales
1036 3547 1158 3615 psalmos
1172 3546 1202 3600 in
1222 3547 1309 3619 priori
1328 3565 1454 3621 vespera,
1471 3551 1524 3607 hac
1538 3553 1625 3609 etiam
1637 3555 1673 3610 ab
1687 3557 1739 3614 he⁴

97 3643 202 3714 cappis,
218 3646 247 3696 et
268 3642 317 3696 illo
332 3640 467 3694 versiculo
484 3641 597 3694 demini
610 3645 648 3694 ert
663 3641 738 3693 salus
753 3638 895 3708 imposito,
937 3631 1120 3688 bdomadario
1142 3636 1307 3708 imponitur.
1330 3637 1466 3696 Similiter
1484 3658 1596 3716 quoque
1613 3644 1740 3718 primum

97 3731 213 3786 cherum
223 3731 343 3798 intrant,
355 3745 388 3782 ao
397 3729 488 3792 modo,
500 3733 534 3782 ut
544 3728 659 3782 altiores
669 3728 697 3782 in
710 3743 789 3782 sacre
799 3727 897 3780 ordine
938 3722 1069 3793 quodque
1087 3725 1297 3796 responsorium
1318 3733 1377 3782 tarn
1400 3727 1482 3784 breve
1502 3747 1587 3804 quam
1610 3733 1738 3808 lengum,

96 3821 192 3890 medii,
217 3817 365 3876 inferiores
379 3817 414 3872 ad
434 3817 553 3888 gradum
572 3817 727 3872 consistant
745 3815 849 3882 ultimi,
869 3820 898 3871 et
938 3811 1013 3881 quod
1023 3813 1058 3866 ad
1068 3813 1240 3868 matutInum
1250 3815 1308 3869 aive
1316 3816 1352 3870 ad
1362 3834 1491 3889 vesperos
1501 3826 1545 3874 est
1554 3823 1736 3892 cantandum,

94 3909 299 3982 unnsquisque,
310 3908 336 3963 si
348 3907 411 3962 fieri
421 3911 522 3978 potest,
534 3906 564 3962 in
575 3912 656 3978 parte
669 3906 713 3960 sui
727 3904 813 3960 chori.
824 3906 896 3960 Nam
936 3899 997 3970 ipse
1009 3905 1112 3968 cantat,
1125 3918 1177 3957 nec
1191 3907 1257 3957 tunc
1271 3903 1331 3976 ipse
1345 3905 1486 3963 subtrahit
1505 3925 1546 3976 se,
1558 3926 1623 3965 cum
1638 3911 1694 3966 dne
1707 3911 1737 3966 id

94 3999 145 4056 etsi
157 4015 260 4054 omnes
272 3999 308 4054 de
322 4013 378 4052 uno
392 3997 477 4051 choro
491 3995 557 4062 sint,
572 3996 647 4050 hunc
656 3999 751 4048 tamen
768 3994 896 4048 ordinem
938 3989 1082 4062 vel-'plures
1088 3991 1366 4049 cantabuntLitanie
1372 3996 1486 4052 missam
1493 3999 1737 4072 anweedensquae

93 4087 229 4144 intrando
243 4085 440 4142 observabunt.
456 4083 562 4140 Deinde
577 4083 811 4151 consuetudInali,
824 4083 897 4138 sicut
937 4077 973 4132 ad
987 4079 1195 4149 processionem
1209 4081 1321 4136 canitur
1334 4100 1512 4159 nequaquam
1525 4085 1561 4141 ab
1575 4103 1608 4142 ee
1622 4087 1671 4160 qni
1682 4087 1738 4144 tuit

93 4178 272 4247 premissum
283 4183 336 4238 est,
348 4174 530 4230 inclinatione
544 4174 692 4246 completa,
703 4172 896 4228 invitatorium
936 4171 1085 4222 transactae
1098 4167 1290 4238 hebdomadae,
1301 4167 1350 4227 sed
1359 4174 1494 4243 potiusah
1508 4175 1553 4230 his
1569 4175 1670 4248 quibus
1688 4193 1736 4232 ar-

93 4267 243 4322 moderate
253 4265 403 4337 ineipIunt,
413 4271 441 4319 et
449 4263 534 4318 simul
543 4263 666 4336 primum
675 4279 787 4317 versum
799 4261 838 4328 hi,
848 4243 1043 4333 quillmarius
1057 4255 1161 4316 librum
1175 4259 1303 4330 porrigit,
1316 4263 1479 4333 praecinitur
1493 4282 1499 4318 :
1515 4264 1563 4336 qui
1576 4264 1736 4338 aliquantu·

92 4355 120 4410 in
131 4357 254 4412 dextera
273 4359 353 4428 parte
367 4359 453 4420 stant,
468 4357 644 4424 percantant,
660 4367 693 4406 ac
706 4351 836 4422 deinceps
851 4356 896 4405 to·
935 4342 994 4398 lum
1010 4351 1162 4418 antequam
1176 4347 1548 4419 liniaturoratieilla,1)cus
1562 4358 1642 4424 cujus
1656 4359 1737 4410 enise-

90 4449 152 4500 tum
172 4447 319 4518 psalmum
333 4441 505 4509 alternatim,
520 4441 674 4498 secundum
689 4456 787 4507 unum,
803 4446 832 4494 et
850 4457 895 4494 se·
937 4437 1054 4502 ratione,
1079 4436 1115 4490 ad
1134 4437 1254 4507 gradum
1281 4440 1446 4510 procedunt,
1465 4447 1494 4496 et
1516 4441 1684 4498 inclinantes
1704 4459 1735 4500 ee

89 4533 221 4590 mudum
231 4535 354 4588 alterurn
363 4549 475 4588 versum
485 4530 810 4602 cantantesusqueSicut
820 4534 879 4584 eret
885 4547 894 4594 ,·
936 4527 1047 4578 tanturn
1057 4525 1093 4580 ad
1103 4525 1201 4592 altare,
1211 4527 1308 4582 stetim
1319 4529 1400 4584 finita
1409 4530 1547 4598 eratione,
1558 4531 1686 4588 litaniam
1694 4532 1736 4588 iu·

87 4623 126 4678 ibi
142 4639 248 4678 omnes
259 4621 345 4678 simul
355 4619 590 4676 cantaredebent.
600 4618 894 4684 Anteversumillum
937 4611 1053 4685 cipiunt.
1071 4613 1224 4670 PraedIctus
1241 4621 1336 4671 autem
1348 4613 1595 4688 hebdomadarius,
1609 4621 1736 4696 quotidie

88 4713 176 4768 Hodie
195 4715 225 4767 si
242 4728 341 4780 mmm,
353 4710 557 4774 invitatorium,
573 4709 597 4764 si
612 4725 682 4780 opus
695 4707 789 4774 tuerit,
803 4706 838 4762 ab
853 4723 897 4762 ar-
937 4703 973 4758 ad
987 4703 1123 4774 majorem
1134 4703 1262 4772 missam,
1277 4705 1343 4762 licet
1353 4707 1388 4762 de
1397 4693 1512 4764 sinistro
1521 4709 1606 4766 chere
1620 4710 1668 4778 sit,
1684 4712 1736 4768 sed

86 4802 180 4856 marie
195 4799 285 4856 altius
297 4805 342 4856 est
352 4799 563 4874 imponendum.
937 4793 1050 4864 quaudo
1064 4810 1152 4865 cappa
1165 4794 1284 4850 amictus
1302 4795 1412 4868 incipit,
1428 4789 1526 4854 dexter
1539 4799 1641 4856 merus
1654 4800 1735 4858 illurn

120 4891 194 4954 Sed,
213 4896 245 4946 ut
257 4890 374 4944 redeam
387 4889 424 4944 ad
438 4883 700 4953 hebdomadarium,
715 4885 774 4958 ipsc
788 4903 838 4958 per
851 4889 895 4940 to-
936 4883 1061 4954 adjuvat.
1076 4882 1194 4947 Quande
1208 4889 1303 4940 autern
1318 4901 1416 4942 omues
1430 4904 1529 4944 sumus
1547 4879 1618 4944 albis
1631 4889 1735 4958 induti,

83 4989 143 5038 tam
169 4975 522 5036 hebdomadamoffieium
537 4977 651 5048 majoris
672 4975 763 5031 missa
776 4974 897 5048 imponit
935 4988 993 5027 nen
1002 4972 1037 5026 ad
1052 4989 1128 5042 eum,
1141 4973 1190 5028 sed
1199 4973 1235 5028 ad
1245 4975 1399 5030 armarium
1408 4977 1532 5050 pertinet
1542 4978 1634 5036 missu
1647 4980 1735 5049 majo·

65 5057 194 5142 'praeter
211 5085 325 5124 versum
339 5067 484 5136 ademarii,
496 5068 531 5123 de
546 5066 647 5140 quibus
661 5064 837 5138 imponendis
851 5080 896 5118 ar-
934 5062 975 5116 ris
986 5061 1119 5118 officium.

314 5229 419 5284 crtinet
433 5230 507 5302 qued
520 5225 692 5285 Trithemius
706 5228 809 5283 chron.
825 5223 895 5282 Hir·
938 5227 1006 5281 teria
1013 5223 1045 5280 in
1055 5225 1203 5281 multisuti
1211 5196 1662 5292 rationabilitereonseeuit,iridis
1672 5243 1731 5281 ma-

84 5323 168 5377 sang.
186 5319 258 5378 pag.
269 5247 323 5360 ‘rie
333 5301 368 5355 de
383 5299 640 5357 sancteWilhelmo
655 5299 740 5355 habet
752 5319 757 5353 :
768 5294 895 5355 Instituit
935 5301 1018 5362 cirne,
1031 5301 1131 5382 quanta
1143 5295 1426 5360 medicamentum,
1444 5293 1635 5382 quoderbeiot
1650 5293 1731 5366 (Con-

84 5381 173 5433 ettem
198 5376 252 5429 eir
272 5377 321 5430 Iret
346 5372 507 5429 wilhelmus
529 5375 649 5441 coempto
668 5371 895 5428 cluniacensium
934 5369 1039 5440 verses)
1054 5375 1171 5433 metare,
1184 5370 1380 5454 velmencctos
1394 5369 1563 5434 nuntiabat,
1575 5367 1732 5439 propende

84 5445 895 5590 muttudttttrtmtttdttttt
933 5441 1108 5501 ”mmm
1122 5439 1308 5500 ΜΝ·
1323 5443 1373 5500 ‘¹‘·

119 5228 202 5303 (106)
218 5229 283 5286 Huc
