3934 6174
240 218 294 286 303
733 217 767 275 B.
786 214 994 272 LANFRANOI
1012 213 1192 270 CANTUAR.
1211 211 1378 268 ARCHIEP.
1802 217 1845 276 304

239 348 314 404 sicut
326 346 455 404 cbristus
468 348 553 417 caput
570 347 613 398 est
629 341 773 408 Ecclesiae3
795 342 966 410 sicquidem
981 356 1037 394 non
1051 343 1170 395 saluauit
1191 340 1348 402 mulieraria,
1363 339 1409 391 sed
1428 341 1520 392 tamen
1535 337 1656 392 Christro
1669 337 1724 409 ipse
1736 339 1848 398 Salvator

239 438 365 511 corporis
377 437 449 509 ejus.
460 435 516 490 Sed
527 434 601 488 sieut
615 431 737 487 Ecclesia
751 430 878 501 subjecta
892 435 935 484 est
946 429 1068 496 Christo,
1085 429 1125 482 ita
1139 432 1167 482 et
1180 427 1312 482 mulieres
1327 426 1394 480 viris
1406 424 1465 480 suis
1484 431 1574 491 151)
1589 427 1618 480 in
1637 426 1758 482 omnibus
1770 432 1847 498 scalpt-

239 529 363 584 eiantar.
378 525 446 591 Viri,
463 521 571 592 diligite
585 537 686 576 uxores
700 524 818 585 vestras,
833 519 906 572 sicut
919 522 948 572 et
966 517 1096 572 Christus
1110 517 1208 572 dilexit
1220 515 1383 580 Ecclesiam,
1400 517 1445 582 (ccc
1456 517 1560 582 effectu)
1575 519 1603 568 et
1617 515 1733 586 seipsum
1748 518 1852 573 tradidit

238 631 289 687 pro
303 631 345 678 ea,
362 617 394 669 ut
416 613 492 668 illam
508 611 703 673 sanctificaret,
721 607 763 666 m.
777 607 917 663 mundans
935 606 976 664 13.
993 607 1103 662 lavacro
1118 623 1198 678 aquae
1213 607 1242 661 iu
1257 606 1339 660 verbo
1354 605 1419 660 vita
1432 607 1574 674 baptismo,
1592 607 1622 658 td
1639 611 1683 672 cst,
1703 608 1733 660 in
1752 612 1850 663 nornine

236 707 337 770 Patris,
349 709 374 756 et
389 704 465 765 mcii,
475 707 500 755 ct
513 703 634 770 Spiritus
644 700 743 762 ‚sorrech
756 699 792 752 at
801 698 858 750 hoc.
873 695 915 751 ll.
928 701 961 750 ut
970 695 1114 750 exhiberet
1124 697 1184 766 ipsc
1194 695 1247 748 sibi
1259 695 1412 766 gloriosam
1423 693 1585 759 Ecclesiam,
1596 692 1640 749 15.
1653 709 1708 749 non
1719 695 1853 752 habentem

234 793 373 849 maculam
386 793 501 861 pcccati.
513 795 563 844 aut
574 805 672 859 rugam
688 788 848 854 hypocrisis,
861 789 910 838 aut
922 784 1028 854 aliquid
1047 785 1219 854 hujusmodi.
1231 783 1279 838 sed
1295 789 1327 838 ut
1341 783 1378 838 sit
1393 789 1491 838 sancta
1502 788 1531 837 et
1546 783 1731 848 immaculata,
1743 789 1772 838 ut
1786 785 1854 840 clin-

233 886 301 936 stus.
317 881 360 936 lta
372 879 461 934 etviri
473 879 576 933 debent
586 876 702 947 diligere
717 891 817 929 uxores
832 879 937 934 suaset
951 888 1069 942 corpora
1082 890 1142 930 sua.
1162 873 1201 928 16.
1214 872 1357 936 Quisnam
1372 889 1486 927 uxorem
1498 870 1599 943 diligit,
1614 871 1742 944 seipsum,
1752 889 1853 928 earnem

232 985 322 1035 suoru,
337 969 438 1040 diligit.
451 967 493 1022 17.
507 967 597 1023 Nemo
607 965 682 1020 enim
694 978 819 1034 unquam
830 977 943 1017 carnem
953 977 1034 1016 suam
1045 961 1108 1016 odio
1120 961 1228 1028 habuit,
1239 961 1288 1016 sed
1300 962 1391 1016 nutrit
1404 966 1433 1016 et
1443 962 1518 1016 fovet
1532 977 1604 1024 eam,
1617 961 1689 1015 sicut
1699 967 1726 1015 ct
1737 960 1855 1016 Christus

232 1057 395 1124 Ecclesiam,
410 1056 602 1128 loquiano,
619 1057 649 1108 iat
663 1058 710 1118 est,
726 1053 855 1118 Ecclesia,
866 1050 992 1106 membra
1006 1066 1103 1105 sumus
1118 1050 1242 1122 corporis
1257 1052 1328 1122 ejus,
1346 1051 1381 1104 de
1392 1065 1475 1105 carne
1491 1051 1561 1122 ejus,
1581 1050 1657 1104 etde
1673 1049 1776 1105 ossibus
1789 1051 1855 1118 ejus,

231 1149 263 1202 dc
272 1150 406 1215 infirmis,
414 1151 438 1201 et
446 1148 537 1214 firmis
547 1146 698 1209 caistcntis,
709 1146 749 1197 uel
760 1145 882 1197 corrrdcrn
892 1156 1014 1204 carnem,
1022 1142 1145 1194 ctccrlcm
1154 1156 1212 1193 ossa
1231 1157 1290 1209 quc
1302 1141 1400 1194 laebait
1410 1141 1544 1204 Christus,
1555 1141 1691 1193 trahentis.
1701 1137 1741 1195 19.
1751 1139 1858 1209 Propter

230 1235 284 1291 hoc
295 1233 339 1292 ιθ.
351 1235 493 1306 relinquet
506 1233 590 1288 homo
605 1237 714 1304 patrem
729 1237 758 1286 et
771 1231 816 1285 at.
831 1236 950 1285 matrem
961 1245 1051 1296 suam,
1063 1234 1093 1283 et
1104 1227 1257 1283 adherebit
1272 1229 1350 1283 uxori
1366 1245 1436 1286 suae.
1447 1235 1477 1283 et
1488 1234 1573 1283 erunt
1586 1229 1642 1282 duo
1656 1229 1685 1282 in
1701 1244 1781 1282 carne
1794 1243 1855 1283 una.

230 1323 276 1379 22.
284 1325 496 1380 Sacramentum
508 1322 559 1376 hoc
571 1328 703 1391 magnum
714 1324 767 1381 est,
776 1336 828 1391 ego
838 1325 931 1373 autem
943 1317 1005 1372 dico
1014 1323 1282 1373 cssesccremcnlum
1294 1320 1368 1372 itlad
1379 1319 1407 1372 irr
1420 1317 1532 1373 Christo
1543 1323 1572 1372 et
1581 1318 1610 1372 in
1619 1317 1751 1372 Ecclesia.
1760 1315 1804 1372 13.
1812 1317 1859 1369 lle·

229 1418 400 1478 rumtamen,
418 1418 500 1478 151
514 1413 640 1480 quesnois
655 1411 800 1476 allegorice
812 1410 897 1477 possit
911 1409 1035 1474 intellipi
1048 1407 1080 1460 dc
1095 1407 1212 1474 Christo,
1222 1412 1251 1461 et
1263 1423 1311 1462 vos
1325 1406 1443 1478 singuli,
1455 1405 1649 1479 unusquisque
1660 1421 1772 1460 uxorem
1786 1421 1857 1459 suam

228 1505 302 1559 sicut
315 1503 439 1575 seipsum
453 1501 569 1572 diligat;
585 1515 656 1554 uxor
668 1502 764 1553 autem
776 1497 878 1552 timeat
892 1495 982 1551 virum
997 1510 1090 1550 suum.

950 1610 1068 1666 CAPUT
1089 1609 1138 1668 VI.

262 1705 337 1770 Filii,
352 1702 464 1760 obedite
474 1701 639 1775 parentibus
649 1700 748 1757 vestris
762 1701 791 1755 in
800 1699 919 1755 Domino
931 1716 938 1767 ;
952 1699 1006 1752 hoc
1019 1698 1094 1753 enim
1107 1699 1217 1769 justum
1229 1703 1272 1754 est
1287 1700 1322 1768 (ct
1334 1700 1382 1754 hcc
1393 1701 1492 1768 procat
1502 1701 1537 1753 ob
1546 1699 1733 1768 auderitatcl.
1754 1697 1862 1753 Honora

226 1804 336 1870 patrem
350 1801 431 1851 tuum
446 1797 475 1849 et
488 1797 608 1846 matrem
622 1797 710 1858 tuam,
730 1789 753 1847 1.
770 1790 845 1861 quod
868 1794 912 1844 est
927 1787 1093 1844 mandatum
1108 1789 1230 1860 primum
1252 1789 1282 1844 in
1302 1788 1497 1861 promissione,
1514 1793 1546 1844 in
1562 1791 1626 1858 lcpc,
1649 1805 1709 1858 qua
1729 1789 1862 1858 promittit

222 1883 442 1956 Ιιιιιίυιριιηιιιηιε
452 1885 533 1938 illam
542 1887 646 1935 terram
658 1883 728 1934 lacte
738 1884 762 1933 et
771 1881 850 1934 nrcllc
860 1881 1001 1948 fluentem.
1015 1883 1046 1932 ut
1056 1877 1127 1932 bene
1137 1877 1174 1932 sit
1183 1877 1244 1936 tibi.
1256 1877 1481 1948 etsislongaevus
1491 1883 1693 1949 superterram
1705 1878 1861 1942 uiuentium,

896 2000 1193 2060 COMMENTARIUS.

223 2133 287 2186 vita
298 2145 413 2187 causam
427 2125 530 2184 habere
549 2126 672 2195 videtur;
691 2125 745 2180 lroc
759 2124 835 2180 enim
850 2124 880 2179 in
893 2123 947 2180 isto
962 2126 1022 2180 loco
1030 2128 1187 2190 Alitleram
1202 2127 1322 2198 intelligi
1337 2133 1370 2184 ut
1384 2130 1467 2183 multi
1480 2129 1629 2200 diligentes
1644 2146 1747 2186 uxores
1761 2137 1863 2201 patrem

205 2220 292 2276 dicit
312 2217 347 2293 [s.
362 2215 476 2290 dicitur]
497 2218 557 2289 ipse
578 2215 707 2271 Salvator
718 2214 842 2285 corporis
856 2214 931 2269 hunc
945 2215 1022 2269 ordi·
1065 2220 1093 2271 et
1110 2221 1228 2271 matrem
1246 2215 1419 2288 relinquant.
1440 2217 1474 2271 Et
1487 2217 1540 2272 hoc
1553 2223 1613 2285 est;
1637 2219 1829 2273 Verumtamen
1843 2223 1864 2272 et

222 2325 288 2365 nem
303 2309 345 2363 vir
358 2307 444 2362 habet
458 2307 494 2361 ad
509 2305 668 2375 mulierem,
682 2319 715 2359 eo
733 2303 819 2375 quod,
831 2308 864 2358 ut
876 2305 1021 2372 consistat,
1063 2321 1117 2372 cos,
1135 2311 1187 2360 etc.

222 2398 314 2453 virum
327 2397 440 2468 accipit.
1097 2393 1143 2452 20.
1158 2397 1286 2451 Arousr.
1303 2397 1412 2466 (libau
1427 2397 1532 2451 Contra
1547 2397 1634 2450 l'cust
1649 2384 1786 2462 Moesicis..
1802 2413 1825 2452 c.
1840 2395 1865 2462 h,

259 2483 611 2554 trassucconem
630 2482 782 2550 inEocnq.
802 2484 895 2560 dcam,
918 2488 939 2538 t.
961 2483 1020 2552 lx.)
1061 2491 1075 2538 t
1104 2485 1161 2554 Vl).
1186 2487 1328 2555 delinquet
1347 2487 1435 2539 lvcmo.
1460 2485 1529 2549 Quis
1549 2484 1627 2539 enim
1653 2501 1712 2540 non
1736 2491 1870 2556 agnoscat

220 2577 366 2636 Haemos
386 2579 505 2631 lauacro.
527 2572 599 2637 Quid
615 2577 658 2626 est
676 2570 852 2642 baptismus?
867 2572 1020 2627 Lavacrum
1062 2573 1205 2628 Christum
1221 2589 1254 2628 eo
1270 2573 1353 2628 modo
1367 2573 1515 2644 reliquisse
1529 2573 1664 2642 Patrem3
1686 2577 1738 2644 qui
1757 2591 1820 2629 curn
1839 2577 1866 2626 in

220 2681 301 2737 aquae
321 2665 351 2719 in
373 2663 466 2719 verbo.
480 2663 558 2718 Tolle
572 2677 685 2732 aquam,
710 2675 767 2714 non
788 2665 831 2714 est
852 2658 1018 2733 baptismus.
1053 2653 1152 2730 'screno
1170 2663 1219 2716 Ilei
1233 2667 1306 2730 essct,
1326 2679 1382 2718 non
1399 2665 1530 2731 rapinam
1549 2665 1714 2718 artvlratus
1726 2669 1765 2718 est
1780 2680 1833 2718 esse
1846 2679 1870 2716 se

218 2753 296 2810 Tolle
313 2753 437 2821 verbum,
452 2769 509 2807 non
528 2757 572 2806 est
580 2750 746 2821 baptismus.
1060 2754 1191 2820 aqualem
1214 2753 1276 2812 lleo,
1298 2753 1343 2805 sed
1365 2755 1539 2820 sernrtipsum
1559 2755 1723 2807 exinanivit
1750 2755 1869 2821 fonnem

252 2843 298 2899 13.
314 2843 418 2898 Lrnra.
434 2843 553 2897 lavacro
568 2855 646 2910 aqua
656 2841 689 2893 iu
700 2839 788 2893 uerbo.
802 2838 927 2894 Verbum
939 2845 1020 2894 vocat
1059 2841 1132 2893 servi
1145 2843 1302 2910 accipiens?
1316 2839 1472 2912 Reliquisse
1488 2840 1572 2895 etiam
1589 2847 1719 2898 matrem
1744 2843 1871 2914 Synago·

218 2932 404 3004 prolationem
418 2929 583 2998 divinitatis,
600 2944 661 3001 quae
674 2944 693 2982 a
707 2925 913 2998 baptizantibus
934 2945 1018 3001 super
1057 2944 1123 2998 gam
1138 2929 1297 2984 ludaeorum
1310 2929 1406 2984 Veteri
1419 2930 1600 2985 Testamenta
1614 2931 1776 3006 carnaliter
1789 2930 1872 2985 inba-

216 3037 319 3094 aquam
330 3022 481 3094 protertur.
1058 3023 1165 3072 rentem
1173 3024 1200 3072 et
1207 3018 1359 3073 adbaesisse
1365 3019 1445 3072 uxori
1455 3035 1512 3074 suae
1519 3018 1837 3093 Ecclesiae[ot.sanctse]
1843 3024 1874 3074 ut

255 3110 428 3168 lhduousr.
443 3107 484 3166 14.
498 3107 600 3176 tliblle
607 3110 803 3178 modestiaet,
815 3123 840 3161 c.
853 3107 919 3173 l5,t
939 3105 1013 3178 Vll).
1059 3121 1127 3177 pace
1136 3107 1206 3163 Novi
1217 3107 1390 3163 Testamenti
1401 3114 1494 3164 essent
1509 3108 1565 3163 duo
1578 3109 1610 3163 in
1621 3126 1794 3176 carneuna,
1809 3109 1873 3180 quia

216 3199 248 3255 Ut
260 3199 395 3253 saltitaret
407 3200 463 3267 ipse
473 3198 535 3250 sibi.
548 3196 627 3251 Tunc
640 3194 737 3266 utique
753 3195 865 3266 quando
877 3195 1013 3266 gloriosa;
1057 3211 1120 3250 cum
1135 3196 1170 3250 sit
1186 3197 1260 3251 Deus
1275 3195 1350 3268 apud
1364 3202 1484 3268 patrem,
1500 3213 1551 3268 per
1568 3214 1658 3269 quem
1675 3198 1748 3254 facti
1762 3214 1871 3264 sumus,

213 3287 354 3342 nonenim
364 3285 446 3340 modo
456 3284 580 3339 intentis
590 3283 681 3350 malis,
694 3283 1015 3350 intentisscandalis,in
1056 3283 1146 3340 lactus
1161 3289 1203 3339 est
1217 3285 1355 3358 particeps
1374 3291 1479 3353 noster,
1506 3291 1538 3340 ut
1552 3286 1633 3342 illius
1648 3289 1756 3360 capitis
1771 3303 1874 3359 corpus

212 3379 294 3428 tenta
310 3372 491 3446 permistione
510 3372 656 3426 hominum
673 3373 869 3442 pessimorum,
880 3372 909 3426 in
929 3372 1015 3428 tantis
1056 3387 1118 3427 esse
1129 3390 1286 3444 possemus.

213 3461 371 3533 opprobriis
383 3461 533 3533 impiorum
547 3458 696 3518 dicendum
711 3468 755 3516 est
768 3475 831 3514 cam
844 3477 905 3515 esse
914 3461 1016 3532 glorio-
1023 3491 1046 3551 B
1091 3459 1454 3534 tt.1o.(crposu.2·naoanp
1465 3461 1595 3530 laemlO,
1604 3467 1873 3536 clarummane.

211 3566 288 3610 sam,
1055 3550 1200 3614 Quomodo
1222 3551 1336 3623 reliquit
1358 3553 1501 3608 matrem?
1519 3552 1728 3626 Relinquendo
1745 3557 1875 3628 Synago·

248 3638 291 3697 15.
307 3640 429 3695 huousr.
441 3638 540 3704 (Serva.
556 3637 574 3696 2
587 3641 619 3692 in
632 3643 733 3704 inante,
745 3655 805 3710 cap.
819 3637 881 3707 21.)
891 3640 953 3694 Non
966 3640 1013 3694 ha-
1052 3655 1119 3709 gam
1133 3640 1304 3710 ludaeorum,
1315 3641 1350 3696 de
1364 3658 1421 3712 qua
1430 3642 1585 3700 seeundum
1595 3660 1722 3702 carnem
1735 3652 1878 3702 natusest

211 3730 319 3784 beatem
338 3726 740 3784 seminecessemineces
763 3728 903 3783 maculam
921 3744 1012 3800 neque
1054 3728 1192 3784 Christus.

101 3877 102 3882 η
210 3833 321 3889 rugam,
337 3817 433 3882 idest,
450 3815 585 3870 mundam
600 3820 630 3870 et
649 3815 815 3888 simplicem.
1087 3815 1132 3876 22.
1148 3819 1255 3876 tissa.
1271 3816 1494 3877 Sacramentum.
1509 3821 1590 3885 Quod
1603 3822 1644 3878 de
1660 3823 1728 3880 viro
1745 3831 1777 3880 et
1790 3841 1878 3880 uxore

243 3904 289 3963 tt.
300 3907 405 3964 mres.
422 3907 569 3974 Quisnam
582 3893 813 3976 uaorenvditiptt.
825 3905 935 3962 Debent
946 3923 1012 3962 uxo-
1052 3906 1129 3974 dicit,
1150 3913 1179 3964 et
1196 3909 1232 3962 ad
1246 3908 1370 3964 litteram
1393 3909 1610 3982 intelligendum
1639 3918 1690 3968 est
1714 3914 1876 3970 seeundum

209 4013 255 4052 res
278 3995 405 4068 diligere,
422 3995 488 4067 quia
508 3995 616 4066 seipsos
638 4011 656 4049 a
678 3999 768 4061 tanto,
784 3994 812 4050 id
828 4002 879 4060 est,
895 4012 1008 4050 carnem
1052 3997 1145 4052 seculi
1156 3998 1398 4064 consuetudinem,
1410 4007 1440 4054 et
1452 4000 1645 4072 spiritualiter
1660 4002 1701 4058 de
1716 4003 1837 4060 Christo
1851 4009 1880 4058 et

208 4105 384 4146 suamznam
399 4104 456 4144 non
472 4086 575 4144 debent
588 4087 693 4143 habere
708 4088 1009 4160 (amatrerio).Nemo
1050 4085 1181 4140 Ecclesia.
1207 4087 1320 4142 Patrem
1347 4087 1476 4145 Christus
1508 4090 1679 4162 relinquere
1713 4091 1795 4148 risos
1824 4098 1876 4158 est,

207 4179 294 4246 enim,
310 4189 374 4244 etc,
392 4193 532 4250 agerere.
1050 4176 1161 4246 quando
1183 4177 1367 4248 semetipsum
1390 4177 1551 4245 exinanivit,
1578 4185 1608 4234 et
1637 4180 1776 4240 leimam
1805 4181 1880 4238 servi

243 4265 288 4324 17.
298 4269 383 4322 Nemo
393 4270 467 4322 enim
478 4281 614 4336 anquam.
626 4266 731 4322 Probat
745 4265 881 4339 quadrici
892 4281 1010 4338 corpora
1049 4265 1164 4336 accepit.
1181 4265 1299 4320 Matrem
1315 4266 1503 4338 synagogem.
1520 4284 1553 4322 ex
1568 4285 1629 4340 qua
1647 4278 1745 4328 natus
1760 4279 1816 4334 est,
1838 4287 1882 4326 re-

207 4371 259 4410 sua
272 4355 402 4427 diligant.
1048 4351 1147 4424 liquit;
1163 4354 1275 4424 quande
1288 4353 1351 4426 ipsa
1364 4355 1393 4410 in
1417 4372 1469 4412 sua
1490 4356 1667 4416 infidelitate
1684 4362 1880 4433 persistente,

241 4441 1007 4515 18.Quiemembracorporiscjm.Potestlegi,corporis
1048 4442 1083 4496 ad
1107 4441 1314 4514 praedicandum
1334 4445 1468 4515 gentibus
1490 4447 1639 4518 apostolos
1665 4451 1764 4518 misit,
1793 4457 1882 4507 etex

207 4531 268 4602 ejus
282 4531 436 4586 constantis
450 4532 485 4586 de
499 4548 583 4587 carne
602 4537 631 4587 et
644 4532 753 4587 ossibus
767 4533 837 4602 ejus,
853 4531 883 4587 io
902 4541 953 4599 est,
971 4533 1006 4587 de
1047 4547 1145 4586 eorum
1173 4533 1369 4599 conversione,
1402 4534 1525 4590 Ecclesia
1552 4547 1763 4610 congregata,
1798 4541 1885 4614 quasi

188 4659 191 4666 .
206 4619 326 4674 infirmis
338 4625 367 4674 et
378 4619 477 4685 sirmis,
486 4621 528 4675 vel
538 4620 573 4675 de
582 4637 666 4676 earne
675 4626 704 4675 et
713 4620 823 4676 essibus
837 4622 898 4691 ejus
908 4637 1006 4678 sumus
1047 4636 1155 4691 sponsae
1169 4638 1289 4693 sponsus
1304 4622 1431 4690 adbasit,
1443 4640 1507 4679 cum
1518 4640 1574 4696 qua
1589 4626 1779 4698 unigenitus
1795 4637 1843 4686 est
1855 4631 1886 4684 in

205 4707 342 4773 membra,
354 4707 483 4762 eamdem
493 4724 617 4774 carnem,
630 4715 659 4764 et
672 4709 771 4764 eadem
789 4725 853 4764 ossa
863 4707 1036 4790 habendae
1046 4725 1132 4765 carne
1145 4726 1222 4779 una;
1238 4711 1305 4782 quia
1318 4728 1430 4766 carnem
1446 4715 1578 4785 quamde
1597 4715 1723 4789 virgine
1739 4720 1886 4794 sumpsit,

205 4813 267 4870 que
280 4797 341 4869 ipse
354 4795 464 4852 habuit.
1046 4798 1076 4854 in
1100 4799 1187 4855 missa
1208 4805 1237 4854 et
1259 4799 1477 4870 celebritatibus,
1504 4803 1634 4876 quotidie
1664 4809 1808 4866 Ecclesia
1835 4828 1888 4866 su·

236 4885 283 4942 19.
297 4888 411 4956 Propter
422 4887 471 4942 hoc
483 4890 622 4956 relinquet
635 4887 724 4942 horne·
737 4886 820 4957 Quia,
834 4886 937 4959 inquit,
954 4905 1005 4944 nos
1046 4887 1108 4944 mit.

202 4991 300 5031 sumus
313 4973 348 5029 de
357 4991 441 5030 carne
454 4981 482 5030 et
493 4976 527 5030 de
542 4976 651 5032 ossibus
663 4978 734 5048 ejus,
745 4983 870 5049 prepter,
881 4979 944 5041 hcc,
954 4978 1005 5034 sie-
1080 4976 1124 5034 23.
1146 4979 1348 5036 Verumtamen.
1369 4979 1456 5045 Quasi
1476 4982 1605 5039 diceret:
1637 4990 1791 5058 quamvis
1814 5007 1890 5062 ergo

201 5069 234 5120 ut
244 5064 381 5136 scriptum
393 5065 475 5119 estin
483 5064 601 5120 Genesi:
614 5067 767 5136 delinquet,
779 5065 901 5121 Verbum
914 5067 1004 5122 Patris
1044 5067 1098 5122 lroc
1111 5073 1318 5124 scemmentum
1332 5069 1362 5125 in
1377 5069 1488 5126 Christo
1502 5079 1536 5144 ot¹
1552 5073 1691 5132 Ecclesia
1711 5079 1890 5152 intelligam

200 5155 249 5228 qui
264 5153 375 5210 futurus
387 5161 430 5209 est
443 5153 539 5219 bomo,
559 5157 678 5222 Patrem,
699 5155 785 5210 idest
803 5171 861 5211 non
874 5157 1002 5212 eamdem
1043 5156 1237 5228 spiritualiter,
1262 5163 1456 5216 verumtamen
1481 5178 1529 5217 ves
1548 5177 1565 5216 a
1586 5167 1709 5222 morali
1725 5168 1891 5226 intellectu

199 5243 350 5300 essentiam
369 5259 518 5316 apparens,
540 5243 684 5314 quiscum
703 5245 787 5299 Patre
805 5250 962 5317 permanet,
976 5250 1002 5300 et
1043 5244 1167 5300 historiae
1181 5244 1266 5300 nolite
1279 5246 1420 5302 recedere.

199 5339 328 5402 matrem,
342 5332 370 5388 id
381 5340 434 5399 est,
447 5334 637 5405 synagogam,
648 5338 672 5387 et
682 5334 829 5388 adherebit
843 5337 927 5389 usam
936 5351 1001 5398 sua,
1080 5333 1158 5390 CAP.
1175 5334 1221 5392 Vl.
1235 5365 1267 5376 -
1285 5339 1309 5390 l.
1330 5336 1434 5392 Lusi.
1452 5339 1528 5405 Quod
1547 5344 1585 5394 cst
1607 5346 1893 5420 mandaturum.

198 5423 227 5476 id
250 5429 294 5478 est
322 5422 461 5477 Ecclesiae.
479 5421 526 5478 Sic
549 5426 644 5476 autem
660 5421 764 5477 dicitur
783 5430 1002 5480 sacramentum.
1043 5439 1131 5478 inum.
1155 5423 1187 5478 ln
1202 5423 1421 5496 primoquidem
1435 5427 1532 5483 tabula
1550 5427 1606 5484 tria
1623 5431 1722 5491 luere
1739 5439 1894 5496 mandata

200 5509 255 5568 Sed
277 5516 374 5566 mmen
397 5510 524 5584 quamvis
545 5511 580 5566 de
599 5510 712 5567 Christo
733 5509 845 5580 ιιοιιαι,
861 5513 1004 5584 potestad
1043 5512 1080 5568 ad
1101 5513 1191 5568 Deum
1215 5513 1395 5585 pertinentia,
1414 5515 1444 5572 id
1468 5523 1531 5573 est:
1553 5517 1620 5576 don
1647 5524 1895 5586 odoratissimo
