3896 6170
402 230 643 294 hurmannus
661 237 841 296 umnusts
859 235 973 294 EPISG.
997 267 1031 280 -
1048 235 1199 295 norma
1217 235 1423 294 manontes.

697 363 743 418 Sic
756 369 853 419 summ
868 362 1006 436 lymmata
1018 377 1128 434 quaeres
1143 379 1151 416 ε

449 447 560 514 Dentri,
574 449 632 505 siue
645 450 716 516 triti,
733 470 794 526 qum
803 453 885 508 lineae
899 451 1025 521 subjacet
1038 451 1098 518 uni,

449 537 583 594 Imminet
595 545 681 612 atquc
690 541 748 608 alii,
764 558 820 613 qua
833 546 901 596 sunt
913 541 1056 596 mediante
1069 539 1211 612 dirempti.

449 627 587 684 Primitur
601 629 674 684 hane
687 630 723 686 ab
737 647 781 698 eo,
797 630 871 702 qued
883 629 969 686 habet
980 629 1137 702 penultima
1150 633 1264 701 puncto.

449 717 554 772 Passus
566 717 596 773 in
607 718 695 775 denes
709 719 733 774 si
747 719 859 786 dividis,
873 719 939 774 inde
954 735 1076 775 novenos
1092 734 1099 774 ε

450 806 490 862 Ex
504 807 584 864 denis
598 808 645 864 isti
660 810 766 865 saliunt
778 810 808 865 in
823 811 961 882 lymmata
975 809 1079 876 deebi,

442 883 587 967 Septimus*
599 901 627 950 et
639 901 747 964 sextus,
759 903 878 969 quartus
893 896 978 952 simul
992 901 1078 968 atque
1092 898 1242 954 secundus.

448 983 554 1038 Contra
566 999 651 1056 quem
664 990 775 1041 sextum
788 986 863 1058 preti
878 1002 1052 1058 synemenon
1065 985 1237 1042 habendum.

446 1071 485 1126 At
498 1087 551 1127 sua
564 1077 664 1128 cuncta
679 1073 746 1128 trito
762 1073 797 1128 de
811 1074 894 1129 nenia
908 1074 953 1128 hic
967 1081 1047 1130 notat
1061 1075 1130 1130 onio
1144 1089 1151 1132 t

446 1159 558 1215 Tertius
572 1165 601 1216 et
615 1161 736 1232 primus,
752 1162 879 1233 quintus,
893 1162 1044 1235 posthunc
1058 1179 1170 1235 quoqne
1185 1167 1290 1219 sextus.

448 1247 500 1303 llis
512 1247 552 1304 ita
566 1247 709 1320 dispositis
723 1249 843 1306 necdum
857 1267 1030 1323 synemenon
1043 1250 1159 1306 habebis

447 1337 546 1394 Dentri
560 1338 751 1410 symphonice,
763 1339 838 1411 quod
852 1345 881 1396 et
894 1340 981 1396 addes
996 1339 1101 1412 absque
1114 1339 1220 1396 labore.
1261 1341 1265 1351 '

342 1426 462 1496 amirae
476 1428 667 1483 herimberti
680 1427 776 1484 Petris
788 1429 927 1484 Withalmi
940 1429 1185 1498 Hirsonpieasiem
1199 1431 1317 1486 obbatis.

776 1755 859 1804 anilo
879 1754 988 1803 nolim
1009 1755 1084 1801 ttxc.

430 1921 435 1928 '
556 1891 1263 2033 flunlmauuus

705 2118 885 2178 nutansls
904 2117 1110 2175 EPlSGOPUS.

347 2386 579 2486 horrula
615 2385 924 2484 fllsuealca
961 2386 1023 2481 lbi
1057 2384 1474 2482 HERlllllNhlUli.

600 2564 682 2648 (Get.
702 2566 828 2642 Christ,
845 2586 918 2632 noa.
938 2571 963 2631 t.
980 2569 1062 2642 Xlll,
1078 2586 1113 2646 p.
1127 2567 1212 2668 732.)

767 2735 992 2758 m

122 2879 216 2936 Glaris
229 2879 371 2938 natalibus
384 2881 414 2938 in
434 2882 556 2938 Saxonis
578 2887 663 2939 natus
685 2883 886 2951 ilerimannus,
895 2887 920 2948 Α
930 2881 1057 2937 dicturus
1070 2881 1192 2938 adesset.
1213 2882 1294 2948 Quod
1308 2882 1332 2938 si
1345 2881 1451 2938 faceret
1470 2881 1647 2954 neglexisset,
1663 2901 1693 2940 se
1711 2900 1730 2940 a

88 2967 242 3041 discipulus
269 2971 415 3027 Hannonis
444 2971 670 3044 archiepiscopus
702 2971 886 3041 coloniensis,
929 2971 1126 3027 communione
1145 2971 1273 3027 Ecclesiae
1295 2973 1453 3043 sejunctum
1468 2971 1503 3027 iri
1518 2979 1660 3044 procerte
1676 2974 1730 3031 ha·

87 3057 252 3114 leodiensis
267 3060 443 3132 prepositus,
455 3059 583 3116 unanimi
596 3060 663 3116 cleri
675 3077 707 3114 ac
719 3059 815 3133 populi
825 3076 889 3116 cen-
928 3061 1017 3116 beret.
1028 3061 1088 3116 Hoc
1097 3061 1197 3116 nuntio
1207 3078 1255 3116 rex
1267 3061 1478 3133 supramodum
1489 3061 1611 3118 offensus
1622 3063 1729 3134 legatos

89 3162 172 3202 sensu
185 3147 334 3220 praefectus
356 3153 385 3204 et
405 3149 434 3205 in
457 3149 618 3222 episcopum
641 3155 820 3205 consecratus
834 3149 888 3204 fuit
928 3156 1110 3223 aconspectu
1130 3166 1180 3205 suo
1203 3151 1317 3222 repulit,
1334 3155 1362 3206 et
1375 3151 1541 3206 Wormatia
1561 3158 1729 3208 conventum

87 3251 161 3291 auno
177 3235 257 3294 1073.
273 3237 358 3293 Gravi
380 3237 478 3294 delere
497 3239 643 3310 perculsus
656 3237 837 3295 investituras
852 3237 888 3293 ab
927 3238 957 3294 in
972 3239 1214 3311 Septuagesimsm
1231 3239 1351 3305 induxit,
1367 3239 1395 3294 in
1411 3256 1466 3312 quo
1486 3239 1639 3312 Gregorius
1657 3258 1729 3314 pon·

86 3323 257 3397 imperatore
266 3327 415 3399 accepisse,
423 3342 630 3383 mexasumme
639 3327 770 3399 pontifice
777 3326 888 3382 reniam
928 3328 1036 3384 titicatu
1050 3328 1184 3400 depulsus
1203 3333 1255 3393 est,
1272 3333 1371 3383 contra
1387 3329 1512 3399 plurium
1535 3329 1729 3402 episcoporum

86 3415 178 3485 petiit
192 3415 257 3471 Non
272 3417 361 3472 multo
381 3421 446 3489 post
468 3416 666 3487 Gerslengensi
684 3416 834 3472 conventui
852 3416 887 3472 de
928 3418 1108 3475 sententiam.
1125 3423 1154 3474 et
1167 3417 1337 3473 nominatim
1352 3417 1518 3486 Hermanni,
1535 3419 1629 3490 palam
1643 3419 1729 3491 profl-

86 3503 219 3559 sedandis
229 3505 388 3562 Germania·
396 3504 488 3561 turbis
498 3505 604 3572 habite,
616 3522 674 3561 una
683 3521 746 3560 cnm
757 3504 886 3576 pluribus
927 3507 1014 3562 tentis
1028 3507 1146 3562 vetitum
1161 3523 1223 3562 esse
1236 3505 1346 3578 legibus
1358 3505 1500 3562 canonicis
1511 3507 1672 3580 episcopum
1682 3505 1731 3564 ab·

85 3593 208 3664 praelatis
219 3600 248 3649 et
258 3594 440 3666 optimatibus
449 3595 743 3652 interfuit.Walonem
755 3593 885 3650 abbatem
927 3601 1036 3652 sentem
1062 3596 1249 3651 condemnare
1270 3613 1276 3649 :
1297 3595 1346 3651 sed
1369 3600 1465 3652 tamen
1484 3596 1586 3668 majori
1609 3613 1728 3654 numero

84 3681 111 3736 S.
121 3683 245 3748 Amulii,
258 3699 342 3754 quern
352 3684 495 3740 Manassae
505 3683 651 3739 Remensis
659 3683 886 3754 archiepiscopus
927 3685 1079 3741 concedere
1088 3684 1221 3757 oportuit.
1229 3684 1385 3739 Persuasus
1393 3685 1730 3759 papamnltosepiseepes

84 3769 188 3826 ibidem
202 3771 374 3827 monasterie
384 3772 413 3828 S.
426 3772 548 3844 Remigii
559 3771 731 3844 prefecerat,
743 3772 833 3827 Melas
842 3788 885 3827 re-
924 3789 983 3828 non
1005 3773 1060 3828 nisi
1081 3773 1108 3828 vi
1122 3777 1152 3828 et
1172 3777 1250 3828 metu
1265 3773 1428 3840 assensisse,
1454 3773 1544 3830 Udoni
1559 3773 1728 3842 Treuirensi,

84 3858 217 3916 deantem
231 3860 267 3915 ad
291 3860 421 3932 Gregorii
434 3861 486 3918 v11
508 3878 587 3933 papa
611 3861 885 3917 commendationem
925 3861 1098 3918 Theoderico
1120 3861 1291 3917 virdunensi
1316 3867 1402 3934 atque
1425 3861 1599 3919 Herimanno
1619 3864 1730 3920 litteras

85 3945 206 4022 benigne
214 3950 333 4022 excepit,
340 3955 369 4005 et
379 3951 478 4022 inejus
483 3951 605 4021 gratiam
611 3949 738 4006 restitnit
744 3949 885 4005 nundinas
925 3949 1030 4018 emisit,
1043 3949 1107 4006 illos
1119 3950 1272 4005 adhortans
1286 3954 1320 4005 nt
1333 3955 1437 4006 sanctae
1455 3951 1516 4006 sedi
1531 3951 1619 4007 tinem
1633 3967 1728 4008 serra-

83 4037 111 4093 in
124 4038 307 4095 solemnitate
318 4039 501 4095 dedicationis
512 4040 542 4094 in
553 4045 721 4112 perpetuum
730 4038 883 4094 habendas.
924 4043 998 4104 rent,
1018 4039 1185 4111 culpamque
1210 4055 1335 4110 congrua
1360 4039 1551 4094 satisfactione
1574 4039 1726 4096 diluerent.

84 4125 154 4184 Dein
166 4143 232 4183 uere
239 4128 318 4184 locns
326 4127 353 4183 ei
361 4144 418 4184 nen
427 4128 518 4184 defuit
526 4128 721 4201 expostulandi
730 4132 760 4183 et
769 4128 883 4200 quidem
893 4141 916 4202 Β
927 4126 1062 4200 Equidem
1078 4128 1106 4182 in
1122 4133 1215 4183 errato
1230 4127 1420 4184 lierimannus
1434 4144 1491 4182 non
1507 4128 1555 4184 diu
1569 4145 1729 4200 persevera·

83 4231 181 4272 amere
194 4217 231 4271 de
244 4217 371 4284 walone,
385 4224 419 4274 nt
437 4217 512 4273 infra
535 4217 670 4274 dicemus.
686 4216 805 4272 Romam
819 4232 884 4272 eum
925 4217 973 4282 vit,
985 4215 1190 4272 absolutionem
1205 4233 1221 4270 a
1234 4216 1388 4271 Jarantone
1398 4215 1497 4271 abbate
1508 4217 1597 4272 sancti
1608 4217 1727 4290 Benigni

82 4305 256 4361 Theoderico
275 4305 371 4362 Sancti
391 4305 511 4362 Huberti
533 4304 633 4362 abbate
656 4306 796 4378 prefectus
809 4321 883 4360 anne
923 4303 1098 4361 Divionensis
1112 4305 1143 4360 in
1157 4305 1253 4376 uigilia
1267 4305 1377 4360 Natalis
1391 4305 1504 4360 Domini
1520 4305 1645 4378 ejusdem
1660 4307 1728 4362 anni

79 4394 162 4452 tull.
177 4395 326 4450 Pascbalia
339 4395 412 4450 fosta
423 4395 497 4450 Pisis
511 4395 581 4466 egit3
596 4396 671 4451 unde
685 4395 740 4450 iter
751 4411 883 4466 pergens,
924 4391 994 4451 1076
1007 4399 1183 4449 consecutus.
1201 4393 1306 4450 Eodem
1320 4410 1405 4462 anne,
1429 4411 1526 4450 mense
1549 4395 1677 4466 Augusto
1691 4395 1727 4451 ab

80 4482 200 4539 Romam
215 4483 342 4550 accessit,
359 4499 392 4539 ac
414 4483 543 4555 precibus
560 4483 656 4539 oticsis
670 4483 704 4538 ad
721 4489 883 4538 sanctornm
924 4483 1024 4539 eedem
1050 4483 1182 4554 pontifice
1209 4481 1318 4537 litteras
1343 4481 1452 4554 accipit,
1479 4481 1581 4555 quibus
1598 4499 1671 4554 papa
1686 4484 1729 4540 ait
1757 4467 1766 4487 ⁴

77 4571 416 4645 apostolorumtumules,
422 4588 525 4644 papam
533 4571 761 4644 GregoriumVll
771 4571 880 4642 inuisit;
926 4588 1033 4640 ornnes,
1063 4571 1112 4644 qui
1135 4588 1199 4627 cum
1220 4588 1287 4642 rege
1314 4573 1564 4638 communicarent,
1594 4589 1729 4630 censuras

78 4677 95 4716 a
108 4679 166 4736 qne
179 4661 303 4718 nonsibi
316 4661 585 4718 tantnmcharitatis
600 4661 772 4728 testimonia,
784 4677 882 4716 verum
923 4660 1052 4727 subiisse,
1067 4661 1217 4733 ipsumque
1240 4661 1502 4716 excommunicandi
1522 4663 1570 4733 jus
1584 4661 1728 4720 habuisse.

77 4757 106 4807 et
118 4751 262 4824 episcopis
275 4750 422 4806 Leediensi
437 4766 469 4805 ac
484 4749 879 4821 BabenbergensiTheoduino
923 4749 1087 4822 Insequenti
1109 4765 1184 4804 anne
1208 4749 1336 4820 ejusdem
1358 4749 1498 4821 pontificis
1520 4751 1602 4822 jussu
1622 4752 1730 4807 sedavit

78 4847 107 4896 et
119 4841 307 4904 lierimanne,
322 4856 418 4896 sacros
432 4856 553 4894 canonas
567 4840 685 4894 violasse
698 4839 878 4904 insimulatis,
923 4839 1001 4894 litem
1016 4843 1121 4893 motam
1142 4837 1218 4894 inter
1233 4839 1395 4910 episcopum
1410 4839 1595 4895 Leodiensem
1613 4846 1642 4896 et
1657 4841 1728 4896 Vul-

77 4929 264 5002 benignitatis
279 4929 400 5001 insignia
413 4927 545 4984 obtinuit.
562 4927 621 4984 Sub
635 4944 741 4983 annum
756 4925 826 4985 1076
835 4927 882 4983 fu·
924 4927 1028 4999 padum
1047 4926 1176 4982 abbatem
1193 4927 1222 4982 S.
1238 4927 1392 4990 Laurentii,
1410 4928 1458 4999 qui
1482 4945 1533 4984 sue
1555 4929 1728 4984 monasterio

78 5027 194 5075 nestmn
209 5035 243 5074 ac
253 5018 419 5074 diuturnum
434 5017 556 5074 schisma
563 5021 691 5072 exortum
706 5021 882 5081 est,auctore
924 5034 1009 5074 causa
1027 5018 1134 5072 indicta
1147 5019 1245 5088 pulsus
1269 5018 1371 5073 fuerat.
1389 5020 1522 5074 Attamen
1537 5019 1726 5074 llerimannua

79 5109 108 5164 in
128 5108 233 5182 primis
246 5108 368 5163 ilenrico
384 5106 418 5162 Vi
441 5106 599 5162 Germanias
612 5115 689 5177 rege,
706 5105 754 5177 qui
768 5105 883 5162 nefariis
924 5106 959 5162 eb
969 5107 1111 5178 singulare
1121 5123 1189 5177 erga
1198 5113 1326 5162 sanctam
1336 5107 1431 5162 sedem
1445 5107 1581 5170 studium,
1594 5105 1725 5160 offensio-

79 5198 193 5254 actibus
216 5212 336 5268 regnum
358 5195 518 5252 infestabat.
539 5195 612 5251 Huic
635 5197 737 5266 saepius
762 5194 883 5266 benigne
923 5213 989 5251 nem
1004 5195 1183 5267 imperatoris
1201 5195 1297 5260 subiit,
1319 5201 1349 5251 et
1362 5195 1391 5249 in
1407 5195 1573 5266 Mogentine
1587 5199 1726 5251 conventu

78 5287 274 5360 nequidquam
287 5285 430 5341 admonito
444 5284 596 5355 Gregorius
610 5282 665 5338 vn
680 5283 773 5340 denuo
782 5300 833 5356 per
846 5285 913 5367 lte-G
924 5284 1103 5340 renuntiatus
1116 5289 1160 5340 est
1183 5284 1271 5340 hostis
1291 5283 1413 5355 imperii.
1428 5282 1634 5338 persecutionis
1657 5300 1724 5356 ergo

78 5383 163 5446 gatos
173 5374 228 5431 rub
242 5375 327 5430 ssnem
338 5373 406 5429 anni
415 5373 600 5444 precedentis
612 5372 708 5440 edixit,
716 5377 748 5430 ut
757 5373 881 5429 secunda
924 5374 1044 5430 vitandae
1050 5373 1254 5429 virdunensem
1264 5372 1425 5445 episcopum
1431 5371 1635 5426 Theodericum
1644 5372 1724 5440 adiit,

79 5464 311 5537 Quadragesimas
325 5463 501 5518 hebdomade
513 5462 548 5516 ad
563 5461 712 5518 concilium
727 5464 823 5520 Roma
836 5463 882 5519 in·
922 5479 940 5518 a
964 5479 1030 5535 quo,
1046 5462 1259 5518 commendatus
1275 5478 1293 5516 a
1307 5474 1390 5531 papa,
1411 5475 1497 5532 quam
1519 5459 1726 5516 humanissime

78 5554 189 5611 dmum
199 5554 235 5612 de
248 5551 425 5621 criminibus,
440 5567 561 5631 quorum
576 5557 753 5628 argueretur,
766 5568 881 5610 eausam
922 5555 1054 5630 acceptus
1068 5555 1121 5610 est.
1132 5549 1239 5610 Dehinc
1250 5549 1444 5622 oppigneratis
1453 5547 1621 5622 quibusdam
1633 5549 1722 5606 eccle-
