3970 6172
130 229 203 289 1313
877 229 1023 289 uastos
1698 227 1769 289 itti

128 353 1194 429 analium.lut.gravium,llllttmuumnertiaetquoraetgubemmtum.
1209 353 1328 420 Quidam
1340 359 1456 410 cantant
1469 355 1545 410 illam
1558 355 1665 427 antiph.
1678 357 1771 426 Allipc

128 445 920 518 specieidiatessareu.Eademdiatessaronspecierumnn
974 449 1088 501 liciniae
1102 449 1130 498 in
1147 449 1378 508 rinruli.r,secum
1392 445 1483 499 lrnalis
1494 446 1716 501 convenientiam
1732 446 1774 500 in-

128 532 277 590 tineam
288 535 681 606 incopulationesuperiorum
692 536 930 592 etexcellentiunr.
972 534 1108 605 cipieutrs
1122 551 1184 588 earn
1199 533 1227 588 in
1242 533 1265 589 G
1284 535 1331 589 sed
1341 535 1407 606 quia
1422 535 1545 590 defectus
1559 535 1773 590 occurritchoc-

129 629 159 676 et
171 629 228 676 tarn
241 624 362 678 naturali
371 623 469 678 ordine
480 625 563 688 idem,
574 635 601 680 ut
614 625 755 697 deprimis
767 627 777 680 l
796 624 835 680 ΙΙ.
846 625 881 678 de
891 641 932 678 se-
972 623 1072 678 dacum
1089 630 1119 678 ut
1133 625 1238 678 cantari
1252 641 1305 678 non
1322 623 1418 695 possit,
1427 625 1583 694 cogitemus
1598 641 1659 678 enm
1671 631 1774 679 autse·

128 713 232 766 tundis
242 711 280 767 lll
293 712 384 768 etllll
408 713 443 768 de
460 714 560 768 tertiis.
571 731 603 768 ac
624 715 722 784 punctis
742 715 874 786 procedat
887 721 932 769 :et
972 714 1094 770 cundum
1111 713 1196 769 alium
1208 713 1516 784 modumjubilnndam,
1529 719 1579 768 aut
1589 715 1700 785 penitus
1711 731 1772 769 esse

130 801 619 873 hocnecesseciu,quiasuperiorum
630 810 659 858 et
669 803 863 858 excellentium
874 804 931 858 cul·
973 803 1135 857 mendosam
1162 802 1216 857 Sed
1230 802 1327 856 salsam
1344 819 1405 856 esse
1420 803 1513 858 dicere
1529 805 1607 874 prius
1617 820 1672 857 non
1687 802 1771 858 debe·

129 889 200 944 latio
209 890 280 945 nihil
291 891 416 946 estaliud
428 908 513 964 quam
523 892 680 948 collationis
688 893 816 964 giarium
825 901 854 948 et
864 893 931 947 lina·
973 909 1044 950 mus.
1058 909 1141 962 quam
1152 891 1306 946 secundum
1323 891 1449 946 omnium
1467 893 1592 947 finalium
1606 893 1774 948 conrenien·

128 979 201 1035 lium
214 980 353 1052 repetitio.
371 980 450 1036 Unde
465 989 508 1036 est
525 998 646 1042 necesse.
664 991 696 1038 ut
708 981 839 1054 quicquid
857 982 931 1036 inter
971 980 1039 1036 tiam
1056 981 1222 1053 incipientes
1245 981 1432 1052 exploremus.
1453 981 1475 1035 si
1495 981 1522 1036 in
1544 981 1601 1037 ullo
1623 981 1771 1036 modorum

129 1085 233 1142 graves
241 1077 270 1124 et
280 1069 387 1132 lrnales,
396 1069 516 1141 idipsum
529 1070 579 1125 dat
592 1069 667 1126 inter
675 1071 834 1143 superiores
845 1079 873 1126 et
883 1088 930 1126 ex·
971 1071 1135 1125 inollensam
1152 1069 1325 1141 reperiamus
1336 1087 1396 1124 earn
1410 1071 1586 1126 :sicutistam
1597 1073 1679 1140 juxta
1690 1071 1773 1143 primi

130 1160 283 1214 callentes:
295 1157 555 1229 quiasicuteredem
565 1161 725 1231 superiores
742 1177 805 1232 quie
819 1177 929 1232 graves,
971 1159 1064 1216 finalis
1080 1158 1303 1214 convenientiam
1319 1158 1483 1214 inchoantes
1494 1160 1521 1214 in
1535 1160 1773 1216 F-sinescandalo

130 1248 734 1321 itasuuteedemexcelleutes,quaefinales.
971 1248 1209 1321 percantabimus.
1229 1249 1275 1304 llst
1291 1265 1403 1320 quoque
1423 1249 1586 1319 principalis
1601 1250 1636 1304 ob
1657 1249 1708 1305 hoc
1727 1249 1772 1304 di·

133 1357 212 1422 Ouod
225 1357 397 1410 diatessaron
416 1363 442 1409 et
463 1357 590 1425 diapente
601 1359 676 1410 inter
689 1358 799 1411 diversa
810 1361 932 1412 constent
972 1337 1071 1402 cendia
1082 1337 1156 1406 quod
1165 1336 1275 1392 initium
1287 1338 1619 1410 α’ῐῑῑῑῑῦΙ)ῐῚ’ῐΙῦῑΙ)ῑῑΠΠ(ι110
1632 1355 1688 1393 ¹¹⁰⁰
1703 1355 1774 1393 ΜΠ·

444 1428 627 1482 tetrachorda.
973 1442 1057 1498 quam
1072 1426 1195 1498 procedit
1207 1443 1239 1480 ex
1257 1426 1315 1489 illa,
1334 1433 1374 1482 ut.
1385 1428 1449 1480 llere
1459 1444 1558 1482 nornen
1572 1430 1694 1482 Domini.
1711 1428 1775 1482 Ecce

151 1501 155 1506 ⁵
168 1514 278 1570 Omnes
287 1532 355 1586 ergo
369 1514 434 1571 llll.
446 1516 577 1588 diapente
587 1517 695 1588 species
705 1517 743 1571 ita
754 1516 932 1572 intecllnales
973 1518 1004 1569 ia
1017 1517 1135 1570 nuliius
1147 1518 1214 1569 creti.
1231 1515 1292 1569 licre
1305 1519 1393 1569 reniet
1409 1517 1479 1570 lleus
1490 1522 1515 1570 et
1527 1516 1615 1578 lmine,
1628 1518 1774 1571 leuciaco-

131 1609 303 1660 constautet
312 1606 482 1676 superiores,
495 1606 568 1660 sicut
577 1606 869 1663 onmesdiatessacon.
882 1613 933 1661 aut
972 1608 1068 1661 saleru,
1085 1603 1179 1658 atalia
1194 1603 1418 1668 innumerabilis,
1436 1621 1498 1672 «puae
1518 1604 1553 1658 ad
1576 1605 1773 1676 reperiendum

130 1693 209 1748 inter
221 1710 322 1764 graves
343 1700 374 1748 et
394 1694 503 1758 tinales,
524 1703 574 1750 aut
596 1696 670 1750 inter
690 1696 851 1766 superiores
865 1713 932 1751 con·
944 1717 962 1773 p
973 1699 1039 1746 sunt
1053 1692 1227 1762 planissima.
1246 1695 1292 1747 llst.
1306 1692 1467 1764 principalis
1479 1694 1545 1764 quia
1560 1693 1774 1750 distinctionum

131 1782 241 1838 sistunt
250 1784 460 1844 etexcellentrs.
473 1784 628 1853 eodemque
643 1784 742 1839 ordine
758 1783 933 1855 disponentis
974 1781 1116 1836 interdum
1131 1781 1278 1853 principia.
1290 1782 1431 1836 interdum
1448 1785 1518 1837 lines
1533 1789 1734 1838 conversantur
1745 1783 1775 1838 in

132 1881 247 1926 uaturae
259 1877 292 1926 ut
305 1871 327 1926 l.
346 1873 381 1926 de
398 1872 506 1944 primis.
526 1879 554 1928 et
570 1873 701 1944 quaelibet
715 1873 823 1946 species
839 1874 874 1929 de
889 1873 933 1928 sui
975 1869 1032 1928 illa.
1049 1878 1099 1925 ιιιιι
1113 1869 1209 1941 aliqua
1223 1871 1329 1926 musica
1351 1870 1530 1942 proportione
1544 1871 1651 1926 distant
1663 1870 1699 1925 ab
1714 1871 1772 1936 illa,

133 1960 264 2016 nominis
277 1969 387 2016 constet
401 1961 513 2016 chordis
527 1979 560 2017 ac
571 1962 683 2018 litteris.
974 1959 1002 2015 id
1018 1967 1060 2016 est
1075 1965 1125 2014 aut
1143 1966 1209 2014 tono
1225 1961 1265 2013 rel
1281 1959 1439 2015 semitonio.
1455 1960 1512 2014 sire
1531 1959 1710 2021 semiditono.
1724 1976 1775 2015 seu
1814 2021 1818 2030 ⁴

134 2067 214 2134 pum
234 2071 265 2122 p,
280 2071 526 2124 mmmmm„
540 2071 665 2138 ,puppup
682 2086 738 2124 „on
759 2072 932 2132 impiatum
975 2051 1081 2106 ditono.
1097 2051 1342 2113 antdiatessaron,
1359 2051 1534 2122 diapenteve.
1552 2051 1717 2122 Principalis
1733 2055 1776 2106 est

262 2155 311 2195 nec
322 2144 493 2196 diatessaron
509 2143 540 2194 in
556 2142 664 2195 aedibus
674 2143 809 2210 diapente.
978 2141 1089 2205 merito,
1112 2157 1176 2194 cum
1199 2140 1291 2195 omnis
1307 2140 1453 2196 cantilenae
1469 2140 1533 2196 linis
1542 2146 1571 2196 et
1582 2139 1694 2212 requies
1702 2139 1776 2195 sitin

171 2227 332 2283 Admodum
346 2229 475 2284 naturale
485 2246 546 2285 esse
553 2230 765 2302 generationem
781 2231 935 2302 specierum
978 2231 1039 2301 ejus
1056 2229 1189 2301 hospicio.

132 2318 213 2374 inter
229 2334 330 2390 graves
340 2335 373 2374 ac
384 2319 492 2382 liuales,
504 2319 615 2374 etinter
625 2320 785 2392 superiores
799 2337 832 2376 ac
845 2321 936 2374 excel·
1014 2319 1179 2389 Superiores
1193 2318 1305 2372 chordae
1319 2317 1382 2372 ideo
1394 2301 1611 2389 principalitatis
1623 2318 1777 2392 dignantur

134 2408 247 2476 lentes;
261 2407 394 2480 diapente
408 2417 503 2464 autem
520 2409 675 2481 specierum
698 2409 772 2464 inter
794 2410 892 2464 llnales
910 2414 937 2464 et
979 2406 1530 2479 nominequiaprincipalesautcnturunr
1543 2409 1776 2481 partesdiapente

134 2495 300 2568 superiores
308 2499 464 2552 naturalem
474 2514 535 2552 esre
544 2507 648 2561 ortum,
663 2513 695 2552 ex
709 2497 760 2552 hoc
774 2503 866 2568 potest
875 2514 938 2568 per·
979 2497 1107 2551 videlicet
1116 2513 1148 2551 ac
1158 2496 1331 2550 diatessaron
1342 2493 1500 2551 medietatis
1510 2498 1619 2554 vinculo
1628 2500 1775 2570 copulant:

134 2585 225 2658 pendi
237 2603 244 2640 :
255 2586 329 2658 quod
342 2603 393 2640 nec
403 2587 572 2642 naturaliter
587 2587 660 2642 inter
671 2603 772 2658 graves
786 2597 814 2642 et
829 2587 937 2648 finales,
979 2591 1009 2642 et
1021 2585 1094 2656 quod
1119 2584 1155 2638 ad
1177 2601 1225 2640 eas
1249 2601 1460 2656 nonnumquam
1481 2588 1642 2659 pertingant
1668 2604 1777 2646 neuma

136 2681 193 2728 aut
211 2673 371 2746 superiores
389 2691 422 2730 ex
439 2676 607 2731 excellentes
629 2675 762 2746 diapente
785 2675 940 2746 procedunt
980 2675 1159 2746 principales.
1180 2673 1319 2746 principia
1339 2675 1401 2729 dico
1422 2674 1633 2732 distinctionum
1648 2694 1681 2732 ac
1696 2679 1776 2746 tlnes,

136 2765 258 2838 species.
270 2765 317 2821 ubi
327 2765 502 2820 diatessaron
518 2765 661 2821 naturales
672 2765 873 2822 liabentsedos.
887 2781 938 2820 nec
978 2780 1011 2820 ac
1020 2769 1150 2818 tonorum
1166 2763 1340 2819 dillerrntire.
1358 2763 1532 2820 Excellentes
1543 2767 1608 2835 jure
1623 2773 1690 2824 sunt
1704 2766 1778 2839 prin·

135 2854 938 2927 interllnnleselsuperiocesinveniuntcrnaturalesdia·
978 2853 1093 2924 ripales,
1114 2870 1177 2926 quae
1194 2854 1234 2908 ite
1258 2853 1441 2908 dominantur
1454 2854 1588 2928 autentis,
1609 2861 1643 2912 ιιι
1659 2855 1689 2911 ia
1708 2856 1777 2927 ipsis

136 2951 269 3000 tessmon
279 2945 370 3006 sedes.
381 2946 594 3018 sicutdiapente
603 2945 710 3016 species
725 2951 791 3000 sunt
805 2943 873 2999 inibi
886 2961 937 3000 na·
946 2954 968 3014 0
978 2941 1015 2998 sit
1028 2941 1201 2998 ascensionis
1217 2959 1314 2997 eorum
1329 2941 1403 2998 lluis.

135 3035 274 3090 localiter
301 3035 493 3106 procedentes.
519 3035 670 3090 Naturales
692 3033 755 3088 dico
776 3034 882 3105 species
907 3039 940 3089 ut
980 3032 1154 3100 Quacum-da
1168 3034 1226 3085 sint
1238 3033 1406 3099 principales
1418 3034 1450 3086 in
1465 3035 1593 3088 cantibus
1607 3037 1774 3104 plcpalibnr.

135 3124 220 3197 prius
233 3123 291 3178 dixi
305 3123 340 3177 de
354 3124 397 3179 sui
409 3124 532 3179 nominis
546 3123 649 3178 litteris
663 3123 858 3191 consistentes,
869 3138 901 3179 ιιι
914 3124 935 3179 l.
1014 3117 1047 3175 In
1056 3118 1434 3192 plagalibusquoqueeadem
1444 3123 1692 3181 rationedicuntuc
1701 3126 1776 3198 priu-

136 3211 298 3285 deprimis,
316 3219 344 3268 et
357 3218 468 3268 cetera.
978 3208 1082 3282 cipales
1093 3226 1202 3280 graves.
1220 3209 1326 3270 duales,
1344 3213 1513 3282 superiores.
1530 3212 1708 3288 Quapropter
1721 3231 1778 3272 non

347 3303 384 3357 pe
398 3303 566 3370 formariam
580 3302 729 3372 Speciebus.
979 3297 1091 3370 difficile
1109 3297 1175 3352 inde
1191 3298 1244 3351 hnc
1257 3297 1471 3356 similitudinem
1486 3302 1651 3358 transferre.

173 3392 217 3448 De
228 3389 394 3446 formalibus
408 3392 604 3463 tempestiuum
620 3398 664 3447 est
673 3392 766 3446 dicere
780 3390 936 3462 speciebus.
1015 3389 1091 3456 Quod
1103 3389 1301 3456 principalitas
1316 3388 1486 3444 elwrdarum
1500 3393 1680 3448 discernenda
1694 3396 1740 3449 rit.

135 3479 285 3537 formales
299 3479 696 3550 suntdtcmdaequaetonnam
713 3478 879 3533 habentnon
892 3494 939 3532 na·
1017 3475 1211 3547 principalitas
1225 3476 1393 3531 chordarum
1409 3479 1497 3550 accipi
1516 3479 1664 3535 discretive
1684 3481 1776 3550 debet,

136 3577 246 3631 turam,
262 3569 336 3624 sicut
349 3576 421 3623 esta
437 3567 469 3621 ll.
482 3567 509 3622 in
520 3569 553 3623 G·
566 3568 655 3622 forma
672 3576 715 3622 est
726 3569 823 3640 primae
836 3568 938 3640 speciei
979 3579 1036 3618 non
1050 3564 1138 3618 utrivis
1152 3564 1200 3618 illa
1215 3564 1406 3636 principalitas
1414 3566 1504 3624 sedin
1513 3585 1565 3622 sua
1579 3571 1671 3641 aperie
1685 3571 1779 3628 corrri-

138 3659 316 3714 diatessaron
333 3657 438 3712 habens
452 3656 631 3711 semitonium
643 3655 671 3710 in
688 3657 779 3711 medio
804 3656 858 3711 Sed
874 3655 938 3728 quia
979 3652 1678 3726 deretuc.Sieutprimagravium.primallnalium,
1690 3661 1780 3731 prims

139 3763 197 3803 aon
214 3747 290 3802 inter
302 3747 372 3800 duas
387 3753 498 3800 constat
510 3746 625 3817 primas.
635 3745 683 3800 sed
699 3745 773 3800 iuter
786 3747 938 3816 primamet
980 3743 1155 3812 surreriorum
1169 3743 1336 3814 principales
1356 3751 1423 3800 runt
1434 3746 1461 3800 in
1472 3746 1562 3817 prima
1581 3749 1778 3822 speeieplaga·

139 3834 706 3909 quartamdicendaestprimalrrmalis,
719 3851 773 3888 non
784 3835 873 3906 prima
887 3851 938 3889 na·
980 3831 1048 3884 lium
1064 3840 1207 3886 cantuum.
1221 3831 1247 3885 id
1263 3839 1304 3886 est
1320 3832 1348 3886 in
1364 3834 1487 3888 secundo
1506 3843 1583 3902 tono,
1600 3853 1661 3908 quae
1675 3839 1781 3908 princi-

135 3926 241 3980 taralis
266 3923 408 3979 Naturalis
422 3932 516 3978 autem
528 3931 570 3977 est
582 3921 681 3994 prima,
703 3939 765 3993 qua
781 3940 834 3977 non
848 3924 938 3978 solum
981 3919 1215 3992 palitecejusdem
1229 3927 1296 3974 sunt
1306 3922 1778 3996 constitutine.Principaliterdico,

138 4015 169 4071 in
181 4015 277 4071 medio
291 4014 374 4070 habet
388 4013 569 4068 semitonium
594 4013 643 4067 sed
660 4013 735 4068 inter
748 4013 819 4068 duas
834 4013 939 4084 primas
980 4007 1046 4081 quia
1065 4008 1127 4062 alise
1147 4007 1257 4064 chordae
1281 4016 1476 4081 cooperantur,
1493 4011 1546 4066 iste
1567 4017 1599 4066 ut
1617 4014 1780 4084 praedictum

138 4104 279 4170 consistit,
293 4111 325 4159 ιιι
340 4103 386 4158 illa
397 4120 459 4175 quae
466 4110 509 4157 est
518 4103 629 4160 intecll.
642 4109 670 4157 et
685 4103 841 4175 ll.quacum
851 4103 940 4158 altera
981 4105 1024 4152 est
1039 4096 1242 4168 principantur,
1254 4097 1327 4152 sicut
1336 4097 1364 4152 in
1376 4099 1449 4154 aulae
1460 4099 1666 4157 construetione
1676 4103 1781 4173 princi·

138 4194 234 4267 prima
247 4199 290 4248 est
299 4193 427 4264 gravium
452 4192 542 4247 altem
558 4192 694 4247 llnalium.
708 4192 753 4246 Sic
763 4193 868 4263 species
878 4193 939 4246 dia·
980 4187 1057 4258 pales
1073 4193 1167 4257 partes
1177 4187 1390 4243 suntcolumnae
1407 4187 1702 4262 Principalesquoque
1715 4199 1781 4250 sunt

137 4291 225 4356 pente
238 4281 418 4337 inter·ll.etE
441 4281 776 4353 primaestlmmalisnou
792 4281 938 4346 naturalis,
951 4276 1010 4368 Diu
1026 4274 1149 4332 secunda
1163 4275 1254 4345 specie
1270 4276 1432 4347 plagalium.
1449 4277 1477 4331 id
1491 4285 1536 4333 est
1549 4279 1576 4333 in
1591 4279 1657 4336 llll.
1674 4287 1741 4338 tono
1755 4283 1781 4339 11

138 4372 419 4447 quialiaetutprima
427 4371 564 4426 naturalis
574 4371 691 4426 scandat
700 4369 939 4438 tono,sernitonio,
981 4365 1108 4436 gravium
1126 4365 1160 4420 11.
1172 4364 1296 4420 llnalium
1307 4363 1342 4419 11.
1354 4365 1542 4437 superiorum,
1554 4369 1783 4442 quseprincipali·

136 4468 221 4528 tono,
234 4468 262 4516 et
278 4467 345 4516 tono
366 4467 529 4515 nontamen
545 4458 821 4530 interduaspcimas.
837 4459 885 4514 sed
898 4477 942 4514 m·
982 4455 1112 4509 terillum
1128 4454 1312 4508 constituunt.
1325 4454 1780 4517 Siccoustituraesuntllletllll.

136 4547 943 4623 terprimamconstatsesecundum,sicutillsquaeest
982 4545 1119 4616 gravium.
1147 4543 1285 4608 finalium,
1310 4545 1485 4616 superiorum
1514 4547 1653 4603 tertiaeet
1675 4557 1783 4622 quartae

137 4639 254 4698 interD
281 4639 393 4696 finalem
404 4645 431 4696 et
447 4639 630 4711 superiorem,
983 4633 1086 4704 speciei
1101 4632 1252 4706 plagalium
1268 4644 1426 4704 tropomm,
1446 4633 1474 4688 id
1498 4643 1542 4689 est
1560 4637 1632 4692 sexti
1650 4644 1680 4694 et
1693 4639 1784 4696 octavi

137 4749 221 4818 Quod
233 4750 404 4819 principales
423 4749 530 4802 clrorrla
542 4747 746 4816 dicanturque
763 4749 946 4804 constitutiva
987 4722 1058 4778 mni·

115 4833 124 4838 ·
428 4823 659 4887 runltroporurn.
1229 4813 1263 4868 tre
1280 4816 1429 4870 autenticis
1448 4819 1545 4884 prolia

178 4907 356 4980 Principales
364 4907 615 4964 chocdaedicuntur
624 4923 687 4978 quae
697 4905 724 4962 in
734 4911 879 4978 troporum
890 4906 946 4962 dis-
1022 4902 1117 4958 Prima
1128 4903 1361 4976 llnaliumprima
1370 4905 1685 4978 superiorum.secanda
1694 4913 1786 4970 excel·

134 4996 525 5074 positionibusprincipatum
536 4998 702 5054 sortiuntur.
711 4996 783 5051 sicut
792 4995 820 5050 in
829 5000 946 5052 autento
986 4990 1178 5046 lentiumsunt
1189 4990 1393 5063 principalesin
1406 4994 1495 5066 prima
1503 4998 1596 5068 specie
1606 5005 1785 5056 autentorum

132 5093 225 5164 proto
240 5086 408 5158 principales
422 5093 489 5141 sunt
504 5085 582 5141 istae:
600 5085 689 5157 prima
700 5083 838 5146 finalium,
856 5084 947 5154 prima
987 5087 1132 5140 cantuum,
1144 5078 1172 5134 id
1189 5086 1231 5134 est
1249 5078 1275 5134 in
1292 5081 1383 5152 primo
1405 5089 1473 5137 tono
1496 5100 1579 5154 quem
1595 5086 1787 5156 principaliter

133 5176 333 5250 superiorum.
347 5175 437 5247 prima
451 5174 655 5230 excellentium.
672 5173 776 5229 finalis
791 5179 835 5228 est
845 5173 945 5229 merito
989 5169 1309 5228 constituuntsecunda
1321 5170 1458 5225 llnalium.
1468 5173 1784 5247 secundasaperiorum,

134 5265 310 5342 principalis
326 5264 468 5335 inprimis
484 5282 491 5317 ι
509 5281 576 5334 quia
600 5261 753 5318 secundum
777 5261 946 5317 conremen-
988 5259 1110 5314 secunda
1130 5258 1337 5321 excellentium,
1354 5259 1522 5331 principales
1540 5268 1608 5317 sunt
1622 5264 1649 5319 ln
1663 5267 1788 5323 secunda

133 5358 225 5418 tiam,
243 5371 329 5426 quam
353 5353 414 5426 ipsa
435 5353 583 5424 praedocet,
603 5359 716 5408 cantum
742 5351 901 5424 ini-ipimus.
918 5359 947 5408 et
988 5349 1131 5404 autentica
1144 5349 1236 5419 specie
1248 5348 1391 5418 diapason.
1405 5348 1431 5401 id
1444 5358 1485 5403 est
1498 5348 1526 5404 in
1537 5351 1620 5406 tertio
1631 5359 1697 5408 tono
1707 5359 1788 5428 cujus

134 5463 237 5518 usque
252 5445 286 5500 ad
298 5445 383 5500 linem
399 5443 549 5516 procedere
570 5459 625 5497 non
650 5457 807 5513 possumus,
823 5441 948 5496 ostendit
991 5439 1182 5510 principaliter
1197 5444 1264 5493 sunt
1277 5436 1463 5492 constitutive
1479 5456 1486 5492 ι
1503 5438 1586 5494 sicde
1599 5443 1689 5500 tertiis
1704 5447 1790 5505 tertia

135 5537 231 5594 illam
243 5551 307 5592 esse
320 5539 373 5592 ιιιιι
392 5533 534 5599 uitiosum,
552 5537 603 5589 ιιιιι
621 5532 703 5606 juxta
724 5530 812 5589 alium
831 5531 949 5588 modum
989 5529 1134 5587 aumatlca
1147 5527 1283 5603 diapasoa
1293 5525 1487 5601 constituitur,
1504 5536 1606 5605 quarta
1618 5531 1654 5590 de
1668 5539 1788 5612 quud..
