3986 6184
232 299 265 354 67
513 290 560 345 AD
579 285 693 343 vitiu
714 286 746 342 B.
767 288 975 346 LANFRANCI
994 291 1285 350 CANTUARIENSIS
1304 259 1594 349 archiepiscopi.
1835 293 1872 352 68

372 419 494 489 Epistola
507 415 628 470 droelini
639 414 676 467 od
689 415 898 481 lierenpcriaiii.
1041 418 1129 479 Ahoc
1142 435 1252 492 corpus,
1281 417 1385 488 adjecit
1410 417 1616 482 claritudinem,
1633 423 1662 472 et
1673 418 1714 473 ait
1738 419 1809 487 quoii
1821 434 1871 488 pro

379 549 384 558 ,
1075 493 1149 544 uobis
1164 493 1299 545 tradetur.
1313 489 1449 544 Similiter
1462 495 1491 544 et
1506 487 1540 543 de
1556 489 1650 557 calice,
1666 493 1716 559 qui
1734 506 1786 558 pro
1799 493 1872 545 uobis

275 567 289 604 ι
303 545 606 605 DooiinoBsaiiroiiiio
619 542 710 608 frater·
724 540 890 594 assuimus.
1075 563 1239 628 effundetur·

274 660 286 693 i
304 638 424 694 Litteras
438 639 502 687 tuas
517 647 609 702 nuper
617 630 698 685 laetus
723 628 843 699 suscepi,
858 645 975 700 sperans
994 632 1034 684 tc·
1113 633 1208 686 «Ecce
1223 631 1363 706 quomodo
1377 646 1428 685 rios
1443 629 1557 684 instruit
1578 631 1750 703 Redemptor
1767 636 1872 696 noster,

237 712 342 768 stinum
358 705 438 763 nobis
448 709 505 759 tuae
519 701 699 758 correctionis
710 699 861 770 significari
874 701 1008 771 gaudium
1025 719 1031 753 ε
1079 718 1141 758 ecce
1150 703 1288 774 quomodo
1298 705 1425 784 aperitet
1434 701 1564 772 exprimit
1574 701 1649 773 quod
1662 717 1774 774 corpus,
1790 717 1875 773 quem

237 782 338 856 quibus
351 775 483 860 perlectis
495 773 592 829 laetitia
606 787 669 826 mea
681 787 762 825 versa
775 776 819 825 est
831 771 861 825 iri
870 787 1035 852 ¹moerorem,
1078 773 1245 844 sanguinem
1260 772 1340 828 nobis
1354 771 1539 826 commendet.
1556 773 1661 827 Panem
1680 779 1709 828 et
1720 773 1815 827 vinum
1830 773 1876 828 di·

236 870 300 908 cuin
315 849 466 923 pristinum
476 845 567 900 adhue
579 843 721 898 affirmare
735 857 791 895 nori
805 842 948 896 destiteris
963 860 1037 897 erro·
1078 845 1178 916 scipuli
1191 843 1351 900 carnalibus
1360 842 1646 911 intuebanturoculis‚
1659 850 1687 899 et
1697 843 1849 899 audiebant
1858 860 1877 898 a

236 941 307 980 reni.
320 921 343 977 0
356 919 446 976 Deus!
463 916 512 971 ubi
524 920 567 971 est
580 915 628 969 illa
654 913 796 977 vivacitas,
812 912 861 967 illa
885 911 1035 982 subtilitas,
1078 915 1203 970 Veritate
1221 917 1295 970 :Hoc
1305 919 1342 969 cst
1357 931 1455 984 corpas
1465 931 1558 968 ineam
1574 917 1646 983 qaod
1658 932 1709 984 pro
1721 917 1795 971 uobis
1819 921 1877 969 tra-

235 995 288 1050 illa
296 990 459 1066 prudentia,
474 986 575 1059 quibus
586 985 692 1040 affatim
709 983 813 1056 pollere
827 982 946 1050 solebas,
972 1001 1035 1039 cum
1076 988 1172 1052 delum·
1189 991 1216 1042 et
1230 988 1298 1041 :Hic
1311 988 1426 1053 saisonis
1440 1001 1516 1040 maus
1529 989 1578 1054 qul
1584 1001 1637 1054 pro
1647 989 1743 1041 inultis
1757 987 1878 1053 sabricte-

237 1067 322 1122 etiam
338 1064 387 1118 illa
410 1075 472 1132 quie
494 1060 522 1112 in
546 1056 684 1128 colloquio
711 1059 806 1110 nostro
827 1053 902 1109 dicta
916 1061 993 1125 sunt,
1005 1061 1037 1110 ut
1078 1063 1134 1112 tar.
1151 1057 1223 1122 Quid
1234 1056 1379 1128 apertius?
1394 1055 1461 1126 quid
1475 1055 1677 1127 clariuslquid
1701 1056 1831 1112 dulcius?
1851 1057 1876 1112 Ο

234 1138 345 1207 majora
355 1139 474 1194 taceam,
491 1129 514 1184 si
528 1145 583 1184 non
597 1126 767 1190 dissimulas,
777 1124 880 1207 oblitus
890 1125 946 1200 sis;
958 1126 1034 1182 illam
1077 1144 1162 1200 quam
1168 1135 1411 1192 sanumastruere,
1423 1126 1878 1251 quamgerieulosumnitirelelle·

235 1206 405 1265 sententiam
420 1199 556 1256 Willelmi
570 1199 631 1253 dico
647 1212 731 1269 quarn
744 1201 910 1268 pronuntias
931 1197 1034 1252 dixisse
1076 1216 1116 1266 re,
1129 1198 1325 1270 quodVeritas
1338 1198 1492 1253 asseverat!
1536 1197 1761 1268 ocEvangelistoe
1770 1203 1877 1253 testeri-

236 1294 349 1336 omnem
362 1273 506 1328 hominem
519 1271 548 1326 in
563 1267 782 1325 Paschadebere
791 1267 826 1321 ad
836 1283 963 1322 mensam
977 1268 1033 1323 Do-
1075 1274 1131 1336 tur,
1143 1269 1261 1341 apostoli
1275 1269 1487 1334 concionantur,
1499 1269 1589 1323 sancti
1603 1269 1731 1324 doctores
1740 1275 1875 1336 tractarit,

235 1350 368 1411 minicam
381 1343 531 1408 accedere,
546 1358 630 1413 quam
646 1341 669 1394 si
682 1339 722 1393 sio
755 1339 883 1405 roserret,
898 1339 1035 1410 sacrilega
1075 1341 1099 1394 si
1112 1347 1188 1396 recto
1197 1340 1342 1395 intellectu
1351 1338 1552 1420 percipiantur.
1566 1338 1698 1411 Quisquis
1708 1345 1801 1395 autern
1815 1340 1878 1395 illo-

235 1423 334 1476 utine
360 1415 482 1488 judicari
508 1413 643 1480 deberet;
665 1411 714 1465 sed
735 1357 812 1464 iisne
837 1410 920 1464 aliter
948 1410 1034 1465 fuisse
1075 1428 1138 1466 rum
1153 1411 1224 1466 bene
1238 1411 1313 1465 dicta
1327 1427 1412 1482 prave
1426 1415 1485 1464 inte
1520 1415 1628 1465 retatus
1651 1411 1745 1480 suerit,
1761 1411 1878 1483 quidde

234 1437 373 1564 proiatam
383 1491 470 1541 testes
480 1490 548 1539 aurit
558 1483 606 1554 qui
621 1480 986 1536 interfuerunt.Tuncenim
994 1481 1035 1534 di·
1075 1483 1116 1538 eis
1130 1487 1273 1538 mereatur
1287 1483 1347 1552 ipse
1372 1481 1481 1536 viderit.
1528 1497 1600 1552 eque
1621 1496 1687 1537 vero
1710 1482 1878 1546 mimri,vel

235 1568 313 1618 ctum
325 1556 473 1622 initiand
488 1561 516 1609 et
529 1554 809 1612 nunctestilloamur,
827 1567 939 1606 omnem
956 1551 1035 1606 Chri·
1075 1553 1204 1608 diffidere
1215 1552 1349 1608 debemus
1358 1552 1447 1607 Deum
1457 1551 1548 1606 facere
1558 1569 1639 1623 posse
1648 1556 1681 1606 ut
1693 1552 1746 1608 hoc
1755 1552 1830 1623 quod
1843 1555 1877 1608 in

235 1634 358 1689 stianum
371 1623 472 1683 debere
485 1625 516 1680 iri
531 1625 636 1680 Pascha
650 1623 685 1677 de
700 1622 951 1677 mensaDominica
958 1639 1034 1678 com·
1076 1625 1159 1686 altari
1183 1629 1363 1680 consecratur
1383 1624 1487 1678 virtute
1506 1623 1626 1695 Spiritus
1645 1624 1735 1679 sancti
1749 1631 1778 1678 et
1792 1624 1879 1679 mini·

234 1703 388 1765 manicare,
400 1698 454 1753 riisi
467 1711 517 1768 pro
532 1696 626 1766 aliquo
640 1693 757 1749 crimine
780 1710 798 1748 a
819 1709 850 1748 se
873 1698 1035 1765 perpetrato
1075 1696 1161 1750 sterio
1175 1695 1327 1750 sacerdotis
1340 1693 1457 1749 uniatur
1470 1694 1578 1765 corpori
1594 1693 1635 1748 illi
1649 1687 1724 1766 quod
1738 1710 1770 1750 ex
1783 1695 1878 1750 Maria

234 1791 252 1829 a
272 1779 330 1830 tam
354 1769 460 1826 salubri
482 1771 675 1850 sequestretur
701 1763 843 1832 convivio;
864 1765 917 1818 hoc
936 1732 1462 1837 auternBvirgineltademptornoster
1474 1765 1641 1835 assumpsit;
1653 1765 1879 1889 quigpeutrum·

234 1847 313 1901 nullo
326 1843 409 1898 inodo
422 1841 482 1906 liat,
497 1838 550 1892 nisi
563 1838 623 1892 solo
637 1841 775 1908 praecepto
792 1835 958 1890 contessoris
970 1835 1031 1902 sui,
1076 1853 1129 1908 que
1144 1837 1301 1892 substantia
1314 1851 1456 1906 corporea,
1471 1841 1623 1907 utrumque
1645 1836 1697 1891 visi
1717 1836 1764 1902 ile,
1788 1837 1811 1892 si
1826 1853 1877 1891 re-

234 1915 360 1988 alioquin
374 1915 465 1967 claves
480 1908 607 1964 Ecclesia
622 1907 814 1961 annullantur.
824 1907 877 1960 Sed
892 1910 925 1960 ut
938 1906 972 1960 ad
988 1923 1034 1961 ma
1075 1908 1260 1974 minisoiiiiur‚
1271 1907 1407 1978 nosipsos
1423 1923 1456 1962 ex
1466 1921 1601 1978 corporea
1615 1910 1642 1961 et
1654 1907 1827 1979 incorporea,
1838 1924 1877 1962 ex

233 1988 358 2050 redeam,
374 1982 451 2038 omni
466 1997 496 2034 re
510 1979 695 2042 considerata,
723 1993 779 2031 non
803 1977 918 2046 indigne
937 1993 982 2030 me
997 1977 1031 2031 ad
1074 1979 1186 2034 iuorteli
1202 1984 1230 2033 et
1244 1978 1395 2032 immortali
1408 1977 1566 2033 substantia
1590 1993 1651 2032 esse
1663 1983 1832 2049 compactos,
1847 1979 1877 2033 si

233 2057 397 2130 ‘praedictum
428 2051 598 2123 colloquium
626 2048 789 2103 convenisse
814 2047 911 2108 credo.
950 2048 1033 2103 attuli
1074 2049 1325 2120 deniquesirmiter
1348 2049 1489 2103 credimus
1513 2047 1640 2102 divinam
1663 2048 1878 2120 humanamque

232 2129 309 2184 enim
321 2139 442 2188 mecum,
453 2120 538 2194 quod,
550 2120 675 2204 quandiu
684 2119 787 2201 vixero,
804 2118 957 2200 adjuvante
966 2118 1034 2200 diri·
1074 2127 1205 2176 naturam
1216 2119 1378 2176 convenisse
1385 2135 1547 2244 personam.
1563 2119 1706 2174 Edisserat
1719 2120 1789 2175 mihi
1802 2121 1878 2176 cinis

232 2216 271 2256 ire
283 2199 394 2260 virtute,
411 2202 530 2254 certum,
554 2189 738 2246 indubitabile
752 2191 892 2260 nullisque
902 2190 1034 2244 euntibus
1075 2198 1104 2247 et
1138 2191 1208 2246 ulvis
1222 2189 1337 2246 secundi
1352 2208 1383 2244 vc
1421 2189 1499 2246 tertii
1523 2190 1672 2256 rationem,
1700 2195 1730 2246 ct
1750 2196 1818 2247 tunc
1840 2208 1878 2247 se

233 2268 362 2326 violabile
376 2268 404 2321 in
420 2263 542 2320 sacrario
557 2263 649 2318 cordis
660 2259 796 2326 retinebo,
810 2277 910 2331 panem
928 2261 1035 2316 scilicet
1074 2279 1107 2317 su
1139 2279 1202 2317 cere
1215 2263 1312 2317 credat
1323 2260 1359 2315 ad
1373 2261 1457 2333 primi
1472 2261 1696 2332 expeditionem:
1717 2263 1876 2330 Ouisontion

233 2347 263 2398 et
284 2340 380 2396 vinum
406 2337 435 2391 iii
468 2334 551 2389 altari
574 2333 695 2404 Spiritus
722 2331 810 2386 sancti
846 2332 948 2385 virtute
983 2348 1034 2402 per
1073 2337 1320 2402 copoooitseiisuiii
1336 2335 1458 2398 llooii'iii,
1475 2336 1602 2402 calquis
1621 2333 1877 2402 consiliariascjus

232 2409 386 2470 sacerdotis
414 2405 611 2468 ministerium,
637 2419 734 2457 verum
760 2419 862 2473 corpus
876 2419 1030 2473 verumque
1073 2406 1151 2472 suit?
1168 2405 1231 2459 Haec
1248 2403 1299 2458 tibi
1311 2402 1432 2458 breviter
1442 2403 1644 2475 responderim,
1661 2404 1813 2458 ostendens
1824 2421 1876 2460 me

234 2482 401 2554 sanguinem
408 2477 512 2534 Christi
528 2475 610 2531 effici.
627 2474 707 2540 Quod
720 2474 865 2556 Scriptura
879 2479 1031 2528 attestante
1071 2491 1134 2530 cuin
1146 2475 1294 2531 Paschasio
1306 2491 1398 2545 neque
1408 2479 1507 2529 contra
1520 2479 1628 2528 naturae
1637 2474 1876 2546 rationes,neque

234 2554 303 2610 satis
318 2551 462 2606 evidenter
475 2546 620 2620 probatur,
637 2545 660 2600 si
676 2545 853 2598 nonsinistra
864 2544 1031 2615 interpreta-
1071 2554 1170 2600 contra
1184 2546 1371 2616 evangelicam
1389 2550 1418 2600 et
1442 2545 1624 2616 apostolicam
1637 2561 1736 2617 sapere
1751 2551 1871 2602 senten-

234 2619 624 2682 tionetemeretur..loannem
639 2631 704 2670 vero
728 2617 852 2682 Scotum,
869 2631 921 2669 nec
932 2616 1028 2670 incon·
1070 2618 1149 2671 tiam.
1171 2617 1242 2672 Dani
1264 2632 1359 2688 uaper
1373 2631 1475 2670 nomen
1488 2616 1600 2670 DomIni
1621 2633 1666 2670 me
1680 2615 1818 2680 obsecras,
1834 2634 1876 2672 ne

233 2697 365 2758 siderate,
382 2707 434 2747 nec
456 2689 552 2761 impie,
567 2704 631 2771 'nec
648 2686 762 2769 indigne
786 2685 940 2767 sacerdotio
968 2702 1032 2741 meo
1072 2686 1172 2742 faciam
1188 2634 1343 2742 measlsum
1359 2692 1459 2741 testem
1474 2687 1548 2759 quod
1561 2687 1697 2742 loannem
1722 2688 1876 2744 nobiscum

233 2767 334 2832 habeo,
351 2779 434 2836 quern
462 2767 522 2816 toto
546 2775 610 2814 nisu
625 2763 740 2828 totaque
755 2762 909 2812 interitione
932 2756 1033 2812 adhoc
1074 2758 1260 2813 damnaveris.
1278 2758 1357 2822 Quod
1383 2758 1505 2813 libenter
1529 2757 1699 2824 obserabo,
1714 2775 1811 2814 verum
1834 2759 1876 2816 de

232 2827 1034 2902 solumtenderevideo,utmibipersuadeathoc,videlicet
1073 2829 1288 2884 hoctestissum
1302 2845 1385 2882 verus
1414 2829 1470 2883 uod
1484 2829 1673 2900 supradictam
1700 2829 1776 2885 illius
1790 2847 1878 2902 expo·

234 2910 307 2982 quod
322 2908 351 2962 in
366 2904 449 2960 altaii'
462 2907 642 2959 consecratur
651 2917 742 2970 neque
754 2915 817 2953 vere
826 2915 927 2970 corpus
941 2915 1031 2970 neque
1073 2901 1201 2955 sitionem
1217 2900 1248 2955 iii
1257 2900 1384 2955 oratione
1396 2845 1569 2971 ivregonana
1594 2901 1655 2971 ipsa
1677 2901 1793 2957 veritate
1806 2918 1877 2957 cori-

232 2997 296 3036 vere
311 2977 415 3034 Christi
431 2973 598 3045 sanguinem
614 2987 693 3039 esso;
715 2971 767 3024 hoc
782 2975 876 3025 autern
905 2975 1031 3025 astruere
1072 2973 1187 3027 strictus
1198 2971 1342 3026 nobiscum
1356 2971 1531 3042 improbasti.
1555 2970 1599 3024 Ad
1622 2971 1765 3039 ultimum,
1783 2971 1875 3028 timeo

231 3051 332 3107 nititur
344 3066 377 3104 ex
391 3051 552 3102 sanctorum
566 3044 682 3098 Petrum
707 3059 724 3096 o
745 3040 849 3096 usculis
871 3057 932 3112 quae
948 3057 1030 3112 prave
1071 3059 1107 3098 ne
1122 3042 1191 3098 illud
1202 3059 1241 3097 rae
1255 3059 1324 3096 erari
1346 3041 1447 3096 elieum
1460 3041 1534 3096 unde
1549 3058 1594 3096 me
1607 3058 1703 3098 cavere
1717 3059 1823 3108 mones,
1839 3044 1875 3098 iri

232 3121 354 3194 exponit.
371 3119 496 3183 Quorum
511 3116 588 3196 illam
604 3113 694 3169 sancti
719 3059 848 3195 gregorii
874 3112 1029 3194 orationem
1071 3117 1251 3198 caputtuum,
1264 3059 1345 3184 quoff
1344 3113 1431 3167 absit!
1449 3118 1663 3184 retorqueatur;
1679 3113 1874 3170 clavemeuini

231 3192 278 3248 hic
303 3189 432 3247 adnotari
456 3187 578 3242 sufficiat
591 3201 597 3235 τ
612 3206 625 3234 s
642 3185 792 3238 Persiciant
816 3200 844 3237 iri
874 3182 954 3237 nobis
969 3189 1061 3270 tua,C
1072 3183 1392 3255 scientieevolvens,ipse
1406 3199 1462 3238 non
1475 3184 1590 3238 introire
1608 3182 1718 3252 videris,
1736 3185 1874 3256 quoniam

231 3264 361 3329 Domine,
372 3274 541 3332 quesumus,
554 3259 730 3312 sacramenta
740 3254 812 3326 quod
829 3253 982 3320 continent,
999 3261 1032 3309 ut
1072 3255 1221 3311 universali
1234 3254 1361 3309 Ecclesiae
1383 3255 1523 3320 dissentis,
1546 3255 1691 3336 atquibus
1717 3257 1874 3327 persuades

252 3351 294 3389 uae
302 3348 377 3389 nunc
386 3328 720 3401 speciegeiimus,rerum
731 3325 848 3379 veritate
858 3323 1029 3396 capiamus.»
1072 3325 1664 3398 quodsentisnimirumintroeundiaditum
1672 3327 1877 3392 claudiaQuod

232 3352 323 3470 Caum
337 3419 368 3457 ex
390 3399 500 3456 oriendo
515 3397 663 3470 pradictus
690 3397 812 3451 loannes
835 3395 910 3450 inter
931 3401 1032 3450 caetera
1071 3414 1138 3452 vero
1151 3397 1271 3452 domnus
1284 3396 1420 3452 hrriullus
1432 3401 1530 3452 cantor
1551 3395 1679 3468 subjecit,
1694 3397 1821 3454 videlicet
1835 3405 1874 3454 ut

231 3482 336 3531 nostroe
344 3419 410 3528 uici
418 3469 586 3534 contraria«
598 3466 698 3538 specie,
709 3467 811 3548 inquit,
817 3465 1027 3536 gerunturiste,
1072 3469 1250 3538 permitteres
1260 3485 1320 3531 nos,
1329 3467 1402 3522 sicut
1410 3466 1533 3522 instituti
1541 3468 1873 3536 essemus,sentire,bene

231 3559 288 3602 non
299 3545 424 3600 veritate.
442 3559 454 3594 i
471 3540 551 3604 Quod
562 3555 618 3593 nori
631 3538 767 3593 catholice
785 3537 900 3601 dictum,
922 3537 1030 3592 sibene
1071 3546 1099 3593 et
1113 3539 1254 3621 sapienter
1267 3539 1394 3610 protulit,
1411 3545 1521 3610 tuaeque
1536 3538 1630 3607 saluti,
1645 3539 1670 3595 si
1682 3539 1778 3608 velles,
1788 3556 1872 3595 coiu-

230 3621 310 3674 tuam
324 3611 498 3686 vigilantiam
509 3611 648 3676 novi‚non
658 3610 784 3680 ignoras3
800 3608 955 3679 prasertim
966 3624 1031 3664 cum
1072 3610 1205 3681 pendiose
1220 3609 1360 3666 consuluit
1370 3627 1376 3676 ;
1387 3609 1639 3664 deteruissetenim
1665 3616 1702 3676 te,
1717 3611 1741 3665 si
1760 3617 1867 3683 posset,

230 3690 261 3746 id
273 3690 386 3757 insaepe
398 3684 473 3739 dicto
503 3681 643 3752 colloquio
667 3695 722 3735 uon
748 3677 902 3750 negaveris,
919 3679 1030 3749 quando
1071 3695 1107 3737 ne
1122 3697 1173 3752 per
1182 3687 1211 3735 te
1229 3680 1330 3746 solum,
1342 3680 1394 3746 vel,
1410 3680 1433 3735 si
1454 3679 1503 3752 qui
1527 3686 1603 3746 sunt,
1619 3697 1670 3753 per
1693 3687 1755 3737 tuos
1778 3683 1872 3740 socios

231 3760 360 3816 eamdem
374 3755 530 3811 orationem
544 3769 608 3808 cum
624 3750 797 3823 expositione
821 3766 872 3804 sua
897 3765 930 3804 ex
944 3750 1030 3805 loan—
1071 3751 1143 3806 riam
1163 3757 1273 3806 mutare
1288 3751 1428 3818 nitereris,
1445 3767 1530 3822 quam
1557 3752 1685 3807 doctores
1707 3753 1870 3809 nostritani

231 3832 276 3887 nis
289 3829 361 3885 libro
375 3824 499 3890 recitavi,
516 3839 614 3878 verum
635 3831 701 3877 tunc
736 3821 791 3876 uod
814 3825 842 3875 et
866 3821 1030 3892 nuncobje-
1071 3823 1171 3890 sancti,
1189 3823 1407 3894 tamsapientes,
1420 3829 1478 3876 tam
1503 3821 1631 3878 catholici
1656 3823 1726 3878 adeo
1749 3830 1868 3892 rectam,

230 3902 293 3958 cisti
307 3899 387 3956 nobis
401 3904 430 3952 te
439 3895 564 3951 libellum
576 3894 652 3949 illius
661 3839 785 3975 nondum
795 3893 830 3975 ad
842 3893 926 3946 finem
942 3909 1031 3964 usque
1071 3895 1141 3948 adeo
1152 3894 1325 3954 delimatam,
1336 3894 1406 3948 adeo
1416 3893 1565 3965 protritum
1578 3893 1659 3948 nobis
1674 3895 1869 3964 ostenderunt,

230 3972 394 4048 perlegisse.
407 3967 488 4024 Unde
508 3966 577 4021 satis
606 3965 703 4019 mirari
724 3979 873 4034 nequimus
891 3969 929 4032 te,
945 3969 1031 4017 tenta
1071 3965 1206 4020 utnullus
1216 3965 1265 4036 qui
1275 3981 1337 4019 euni
1346 3963 1470 4019 tenuerit
1486 3964 1631 4031 exorbitet,
1644 3965 1738 4020 nullus
1752 3967 1800 4038 qui
1811 3984 1872 4023 nori

231 4045 339 4101 scilicet
353 4039 508 4114 prudentiss
530 4037 633 4102 uirum,
660 4040 806 4106 tantopere
824 4034 941 4088 laudare
955 4034 1030 4106 quod
1072 4036 1260 4091 tenueritnon
1276 4036 1434 4090 exorbitare
1448 4041 1577 4107 nequeat.
1594 4036 1649 4091 Sed
1662 4037 1720 4091 haec
1735 4038 1873 4094 hactenus

231 4117 240 4172 i
281 4131 364 4182 oras;
381 4109 569 4182 nequeenim,
583 4108 606 4162 si
621 4106 741 4172 noveris,
760 4111 789 4160 te
802 4105 959 4160 laudavisse
973 4121 1032 4160 cre-
1071 4123 1146 4162 nunc
1160 4112 1189 4161 te
1202 4106 1377 4161 familiariter
1390 4111 1535 4161 exoratum
1545 4106 1637 4172 velim,
1652 4111 1685 4162 ut
1692 4107 1728 4163 ab
1738 4108 1790 4164 hac
1804 4127 1874 4180 per-

229 4187 360 4244 diderim.
372 4182 591 4251 Noritnainque
603 4177 753 4250 prudentia
770 4183 821 4231 tua
847 4177 888 4230 sic
910 4177 1033 4231 cavenda
1072 4178 1313 4232 rersaintentione
1323 4179 1522 4244 desistas,neve
1532 4176 1613 4232 nobis
1622 4179 1764 4234 inauditas
1772 4195 1873 4235 ranas-

230 4275 292 4316 esse
318 4254 403 4312 rerba
423 4251 628 4316 hereticorum,
644 4264 695 4304 ceu
709 4247 807 4320 pocula
832 4249 1030 4316 veneficorum,
1074 4265 1128 4320 que
1140 4249 1319 4304 crudelitates
1332 4247 1455 4331 ingeras,
1471 4265 1539 4303 neve
1555 4248 1678 4306 libitam
1694 4249 1779 4306 libere
1794 4268 1871 4306 com-

230 4345 292 4403 quae
300 4329 379 4400 prius
385 4325 505 4380 dulciter
513 4323 645 4386 mulcent,
657 4325 690 4375 ut
703 4319 880 4403 postmodum
888 4318 1031 4374 lethaliter
1071 4321 1176 4386 mittas,
1193 4321 1358 4392 evangelicae
1371 4321 1447 4376 illius
1459 4319 1570 4391 gallione
1580 4320 1633 4375 alis
1642 4321 1824 4376 nutriendum
1838 4329 1871 4378 te

229 4406 339 4457 necent.
357 4399 495 4453 Caeterum
510 4411 573 4449 cum
586 4392 735 4448 Paschasio
748 4391 866 4462 aliisque
877 4389 1029 4445 Catholicis
1070 4391 1215 4446 humiliter
1229 4391 1394 4446 submittere
1409 4406 1464 4446 non
1479 4391 1627 4457 detrectes,
1643 4409 1678 4446 ne
1701 4393 1870 4475 praeclarum

230 4487 288 4527 nori
302 4469 392 4525 solum
408 4466 496 4538 sapio,
512 4465 562 4520 sed
580 4463 664 4518 ctiam
681 4478 807 4529 veneror,
832 4467 861 4516 et
875 4461 1030 4533 amplector
1068 4462 1137 4518 illud
1152 4463 1181 4516 iii
1202 4463 1296 4517 eninm
1312 4463 1386 4544 quod
1400 4462 1452 4517 tibi
1467 4463 1542 4517 Deus
1551 4462 1689 4518 concessit
1702 4464 1868 4532 infatuetur,

229 4557 327 4597 rerum
339 4554 440 4609 corpus
450 4552 547 4592 verum
568 4551 603 4590 ue
613 4535 781 4615 sanguinem
793 4533 897 4588 Christi
910 4549 926 4587 a
942 4532 1060 4626 fideli-D
1069 4539 1098 4588 et
1107 4533 1171 4588 ideo
1180 4479 1255 4588 iiras
1269 4534 1407 4604 ejiciatur,
1419 4537 1448 4588 et
1462 4533 1496 4587 ab
1515 4534 1644 4588 omnibus
1671 4535 1864 4594 conculcetur.

230 4613 324 4671 busin
339 4609 422 4665 altari
435 4607 508 4663 sumi
531 4622 564 4660 su
599 4604 903 4676 speciepanisetvini3
918 4603 967 4658 sed
981 4619 1029 4658 ne-
1068 4605 1212 4660 Pudeatte
1226 4605 1396 4676 patrocinari
1409 4604 1512 4660 librum
1523 4620 1606 4676 quem
1621 4605 1794 4662 Vercellisin
1809 4607 1870 4679 ple·

231 4685 358 4758 quehoc,
367 4686 400 4736 ut
409 4679 488 4744 dieis,
498 4681 711 4732 contrariaturae
723 4675 847 4729 rationes
860 4691 923 4744 ago,
936 4690 1028 4744 neque
1069 4676 1151 4731 naria
1164 4676 1271 4748 synodo
1285 4676 1461 4743 demnatum,
1485 4679 1514 4729 te
1538 4691 1648 4758 quoque
1672 4684 1786 4749 propter
1800 4694 1868 4734 eum

229 4756 306 4812 enim
320 4752 397 4809 aliud
411 4755 542 4806 naturam
557 4745 675 4801 dixerim
684 4762 767 4818 quain
781 4745 833 4800 Dei
843 4747 1027 4801 voluntatem.
1069 4746 1183 4802 haeresis
1197 4747 1306 4801 macula
1321 4753 1449 4802 notatum
1463 4745 1704 4803 audivimusdle'di
1718 4765 1870 4821 ergo,pre-

230 4819 792 4893 Quisenim'sanesapienscausamrerum
803 4821 1026 4882 naturamvocet,
1069 4835 1126 4883 cor,
1142 4818 1178 4872 ad
1190 4817 1355 4873 catholicam
1375 4823 1404 4874 et
1427 4817 1608 4890 apostolicam
1628 4818 1820 4887 traditionem,
1834 4828 1871 4876 ut

231 4903 347 4956 autnon
357 4894 450 4968 potius
463 4891 587 4948 omniurn
603 4893 818 4954 naturarum,et
829 4904 862 4942 ex
874 4893 976 4943 natura
986 4887 1029 4942 sui
1070 4890 1141 4944 etin
1162 4894 1190 4943 te
1217 4889 1392 4960 compleatur
1411 4889 1480 4944 illud
1501 4889 1685 4960 apostolicum
1707 4893 1781 4962 quod
1795 4891 1868 4946 mihi

249 4963 526 5026 enerisnascentium
540 4962 714 5017 voluntatem
732 4960 782 5015 Dei
807 4975 868 5014 esse
893 4958 1026 5014 fateatur.
1069 4959 1195 5015 direxisti
1211 4978 1217 5013 ι
1234 4960 1283 5014 sed
1297 4965 1322 5014 et
1333 4962 1358 5015 ri
1371 4962 1439 5031 quid
1453 4961 1537 5016 alitor
1548 4963 1656 5030 sapitis,
1679 4966 1704 5016 at
1730 4963 1778 5018 boc
1792 4963 1868 5020 vobis

228 4987 319 5098 ierne
333 5037 462 5092 voluntas
476 5034 527 5090 Dei
540 5038 599 5088 tam
612 5033 710 5087 efficax
721 5037 763 5087 est
773 5035 802 5086 et
811 5030 987 5102 omnipotens
997 5035 1030 5085 ut
1069 5033 1138 5086 Deus
1148 5031 1285 5086 revelabit.
1301 5051 1316 5084 i

231 5115 292 5185 ejus
306 5109 376 5166 velle
389 5108 480 5162 solum
495 5105 556 5160 lieri
570 5104 615 5160 sit.
633 5105 672 5158 Ao
687 5120 738 5176 per
748 5103 801 5157 hoc
814 5101 935 5157 voluisse
947 5102 1028 5156 illum
1104 5101 1265 5157 Ascelinum
1279 5102 1439 5158 Uticensem
1460 5120 1510 5160 seu
1536 5105 1700 5161 monasterii
1714 5105 1743 5162 S.
1760 5104 1867 5162 Ebrulli

229 5183 337 5257 aliquid
347 5179 444 5236 secisse
460 5196 466 5232 ο
485 5178 585 5233 Omnia
598 5178 673 5230 enim
688 5189 854 5244 quacunque
878 5175 965 5228 uoluit
980 5175 1029 5227 Do·
1069 5172 1099 5227 in
1109 5172 1471 5230 Nortmanniamonachum
1483 5175 1602 5231 senioris
1616 5173 1871 5248 nepotem,Behen-

229 5261 327 5311 minas
341 5254 425 5321 lecit:
443 5248 531 5304 voluit
540 5252 634 5302 autem
649 5262 749 5318 panem
765 5250 794 5300 et
806 5245 901 5298 uinum
912 5243 986 5315 quod
1000 5244 1029 5298 iri
1069 5245 1148 5314 gario
1161 5249 1344 5308 coetaneurri.
1358 5245 1476 5302 innuere
1489 5247 1598 5302 videtur
1617 5252 1712 5302 noster
1739 5248 1867 5305 Orderic.

230 5329 319 5382 altare
329 5321 417 5381 sancti
429 5319 550 5392 Spiritus
559 5318 768 5373 consecratione
777 5333 829 5388 per
841 5315 1029 5370 ministerium
1070 5315 1179 5381 vitalis,
1190 5314 1239 5370 lib.
1250 5331 1277 5370 vi
1291 5317 1433 5388 Histpag.
1451 5315 1513 5384 623,
1528 5318 1669 5400 descripta
1682 5319 1758 5374 illius
1772 5335 1868 5374 exeno-

230 5395 383 5454 sacardotis
404 5391 551 5448 conficitur
566 5405 629 5444 vere
643 5405 722 5444 suam
748 5403 860 5442 carnem
876 5387 1029 5458 etsaugui-
1070 5386 1109 5441 bii
1119 5387 1319 5454 devastatione,
1331 5388 1503 5444 haecsubdit:
1515 5406 1530 5442 a
1540 5389 1686 5444 hscelmus
1703 5407 1768 5445 vero
1782 5407 1870 5446 serios

229 5484 295 5525 nem
312 5464 503 5539 potentialiter
513 5461 613 5528 creari,
630 5460 750 5515 creando
758 5473 823 5513 vero
837 5457 962 5531 quotidie
971 5474 1031 5541 my·
1070 5459 1231 5514 Uticensem
1247 5473 1372 5514 eremum
1386 5476 1449 5514 cum
1460 5461 1555 5532 paucis
1582 5460 1753 5532 pauperibus
1767 5461 1869 5518 incolis

229 5536 461 5598 sticeimmolari.
481 5533 561 5599 Quod
575 5537 604 5587 et
630 5532 689 5614 ipse
711 5535 841 5602 patenter
862 5529 987 5584 insinuat
1000 5546 1030 5585 rii
1070 5529 1870 5603 incoluit,etAscelinumnepotemsuum,atque(luitber-

227 5611 313 5681 hujus
321 5605 491 5662 sacramenti
502 5603 616 5661 exordio
625 5601 768 5674 discipulis
779 5601 847 5669 suis,
859 5601 967 5678 dicens:
980 5601 1031 5657 Ac-
1070 5605 1132 5656 tum
1147 5601 1181 5656 de
1194 5601 1305 5668 (laceio,
1318 5609 1347 5658 et
1360 5603 1527 5658 Haimonem
1555 5603 1590 5657 de
1613 5603 1727 5670 Telleia,
1742 5603 1869 5676 aliosque

227 5683 310 5752 cipite
323 5683 348 5733 st
360 5679 498 5742 comedite,
514 5676 563 5729 boc
577 5680 615 5729 ast
629 5690 726 5743 corpas
741 5689 834 5727 meam
841 5692 850 5738 ,·
866 5689 899 5727 ac
915 5689 950 5727 ne
963 5672 1030 5727 levi-
1070 5689 1172 5744 pueros
1186 5675 1334 5742 enutrivit,
1346 5678 1373 5729 et
1380 5689 1542 5730 communes
1555 5673 1673 5742 litteras,
1681 5679 1715 5730 ut
1728 5675 1757 5730 iii
1771 5675 1819 5730 illo
1829 5676 1870 5730 lo·

228 5761 273 5812 ter
282 5749 449 5822 acciperent,
465 5747 518 5828 rel·
536 5746 730 5828 qualecunque
754 5760 855 5817 corpus
883 5748 1026 5872 putarent,
1068 5760 1101 5799 co
1113 5745 1308 5816 quotidianum
1317 5745 1375 5801 Deo
1386 5745 1531 5802 servitium
1541 5747 1723 5814 exsolverent,
1736 5747 1866 5803 docuit.»

228 5820 356 5888 membra
368 5817 443 5877 enim
453 5817 558 5878 Qash
571 5817 703 5875 dicuntur
710 5815 813 5892 quippe
827 5817 883 5872 lide
895 5831 1027 5890 es,aoper
1062 5815 1124 5873 'Sed
1134 5831 1198 5875 vero
1203 5816 1490 5891 Berangariiepistola
1498 5817 1869 5904 adRichaidumquemdain
