3970 6172
293 314 360 374 1359
833 314 989 372 nonnam
1008 315 1160 371 ABBthS
1180 316 1210 371 S.
1229 315 1380 372 vloonls
1810 325 1862 384 isto

288 457 339 496 ncc
349 441 476 504 satietur,
493 439 590 494 sitiens
601 439 874 511 ebibatompliusque
885 437 1120 510 sitiatQuippeA
1161 481 1213 496 .....
1230 442 1289 497 Hoc
1303 441 1361 513 egit
1369 445 1401 497 ut
1416 458 1466 513 pro
1480 440 1573 496 studio
1588 445 1617 494 et
1627 442 1714 497 merito
1731 461 1772 500 suo
1788 447 1862 505 hebeat

287 528 456 584 desiderium
472 527 557 594 illius,
572 528 685 582 modurn
696 528 724 582 in
735 528 903 600 requirendo
913 545 968 582 non
979 527 1084 599 reperit
1125 531 1318 602 unusquisque
1334 531 1361 584 in
1378 529 1477 601 quibus
1493 529 1644 591 oblectetur
1660 537 1685 584 et
1697 534 1788 604 proprie
1805 553 1863 590 eser-

286 618 385 682 ullum,
402 617 450 672 scd
461 617 640 686 anhelanter,
657 633 830 688 operoseque
853 617 998 682 annititur,
1016 634 1082 689 quo,
1125 625 1187 674 ceat
1201 619 1354 691 ingenium.
1373 619 1446 674 Hinc
1459 625 1488 673 et
1502 619 1565 689 ipsa
1579 618 1684 673 Veritas
1696 621 1729 673 ait
1746 639 1751 674 :
1768 624 1794 677 lo
1806 625 1862 678 darno

285 722 316 760 se
345 705 414 768 vivo,
449 705 551 760 eximia
570 705 706 760 librorum
721 705 1084 777 copiapropriamditetEc-
1124 711 1217 764 Patris
1238 711 1293 762 inci
1313 711 1469 762 mansiones
1489 708 1583 761 inultas
1602 713 1662 760 soni
1681 709 1760 776 (icon.
1777 725 1818 772 nr,
1834 711 1861 780 l).

285 794 409 850 clesianr.
422 793 476 850 Sed
486 795 553 866 quia
565 795 637 849 livor
653 800 681 849 et
694 794 797 865 iniquae
813 794 937 865 [linguae]
954 792 992 864 ri)
1014 811 1082 848 con·
1125 799 1214 855 Credo
1226 806 1258 853 ut
1273 802 1378 870 quanto
1394 797 1456 868 quis
1473 797 1518 852 hic
1540 795 1594 850 erit
1613 796 1729 862 sanctior,
1749 802 1810 852 teoto
1823 799 1862 855 illic

284 883 392 955 tagiurn
403 900 476 955 saepe
491 883 565 938 inter
579 883 669 937 felicia
684 900 780 938 secure
802 900 835 937 ac
854 883 923 937 bene
942 889 1022 954 gesta
1041 899 1083 938 ro·
1124 887 1240 943 beatior.
1255 887 1330 942 ldem
1344 902 1455 958 quoque
1468 884 1618 957 gentilium
1631 891 1791 941 commentum
1803 886 1860 940 libro

283 973 350 1028 dere
364 972 464 1038 solent,
485 988 541 1026 non
556 973 718 1044 ignoramus
729 972 856 1027 loturum
872 972 931 1026 iore
946 972 1082 1042 quosdam
1124 994 1197 1042 rum,
1213 976 1235 1030 si
1246 977 1280 1031 ad
1296 992 1395 1047 puram
1412 974 1609 1038 intentionem,
1626 973 1793 1044 intelligantur
1804 975 1862 1044 [utile

283 1060 492 1132 superstitiosos
505 1068 535 1116 ct
559 1061 712 1126 malivolos,
735 1061 783 1132 qui
802 1067 834 1114 ut
848 1066 945 1116 sancto
959 1060 1020 1114 loco
1034 1060 1084 1116 dc·
1121 1066 1173 1138 est]
1190 1065 1235 1130 ii).
1253 1066 1324 1131 Quid
1339 1064 1414 1118 eninr
1430 1063 1506 1117 aliud
1522 1068 1623 1116 sonant
1646 1077 1722 1132 quam
1741 1062 1861 1116 senriorem

282 1151 408 1209 trahant,
420 1155 452 1205 ut
466 1151 572 1222 optimo
586 1149 679 1204 abbati
693 1150 873 1204 calumniae...
883 1151 1083 1221 ingerantpro-
1123 1173 1254 1232 pompam
1270 1154 1339 1210 nihil
1351 1169 1411 1208 esse
1421 1171 1429 1220 ;
1439 1152 1515 1207 unde
1535 1150 1692 1222 Apostolus:
1714 1149 1802 1205 Scimst
1816 1167 1862 1218 qne

282 1239 341 1294 ⁰³⁰1
362 1255 430 1294 fluia
450 1238 604 1308 issdflssfliei
629 1255 679 1293 ⁰1¹¹*
709 1239 781 1292 idem
808 1236 974 1292 Venffl‘flbilis
997 1237 1082 1293 abbas
1123 1239 1862 1312 iriamdiligentibnslleamomniocooperonlnrinlonan

282 1328 470 1398 Hieronymus
496 1326 585 1381 noluit
600 1326 748 1398 gentilium
772 1326 890 1391 codices,
917 1325 1081 1396 fabulasque
1123 1339 1209 1406 (Ηωη.
1225 1348 1284 1400 vni,
1308 1329 1363 1396 ς28).
1389 1330 1540 1395 Quiescant
1561 1328 1676 1398 itaque3
1695 1333 1864 1396 argumentosus

280 1415 563 1487 erroris,exactosquc
574 1420 709 1486 tyrannos
718 1415 818 1469 divinae
832 1415 956 1468 inserere
968 1414 1079 1468 veritati
1120 1443 1183 1482 ,em
1198 1424 1284 1479 abbas
1296 1422 1325 1476 in
1340 1424 1436 1476 saneto
1450 1435 1544 1490 opere,
1567 1421 1600 1470 ut
1623 1415 1669 1486 qui
1691 1414 1751 1468 hene
1770 1415 1864 1484 ceperit,

279 1505 446 1576 pagil'laeque
459 1502 592 1558 librorum
604 1507 774 1558 sanctorum.
786 1502 892 1567 Quibus
904 1502 1077 1572 responden·
1118 1531 1207 1587 usque
1226 1513 1256 1568 jn
1268 1513 1352 1566 finem
1368 1512 1538 1580 perseveret·
1562 1510 1594 1560 ut
1608 1503 1668 1558 libri
1681 1503 1783 1575 PGSinlS
1794 1502 1865 1574 profu.

277 1592 346 1648 dum
360 1591 521 1664 ³P⁰Si⁰¹i⁰i⁸
535 1591 634 1654 verbis·
652 1591 719 1662 (111Ῐᾶ
732 1591 762 1646 ῘΠ
775 1591 857 1646 d⁰m⁰
879 1589 1001 1662 P⁰i⁸¹¹il⁸
1017 1607 1073 1646 ¹¹⁰ss
1116 1605 1174 1660 turi
1188 1603 1347 1657 scribantur
1365 1604 1394 1653 et
1407 1595 1569 1669 profuturis
1581 1591 1865 1665 temporibusadmerno

276 1681 369 1736 solnm
378 1697 444 1736 vasa
458 1696 544 1735 aurea
558 1685 587 1734 et
600 1684 743 1751 argentea,
762 1679 811 1734 sed
823 1685 852 1735 et
864 1679 960 1734 llctilia
974 1684 1073 1734 sunt...
1117 1695 1189 1749 ,qam
1208 1689 1388 1746 retinendum
1403 1687 1501 1742 itidem
1521 1683 1710 1740 subnotentur.

277 1771 399 1838 (lirim.
414 1783 445 1835 11,
467 1767 524 1839 ro).

308 1947 351 2020 (Ι)
364 1948 410 2007 Sic
422 1948 572 2021 legendum
583 1953 661 2020 puto,
676 1947 788 2003 nonnisi
799 1963 850 2002 vox
865 1963 923 2002 una
939 1946 1027 2001 deest.
1154 1941 1188 2015 i‘l)
1203 1939 1248 1995 Sic
1267 1939 1405 2012 suppleto.

272 2103 1870 2160 ω

932 2297 1015 2344 tutio
1036 2295 1145 2342 nolint
1160 2293 1243 2339 texult

272 2450 893 2617 ROBERTUS
961 2447 1115 2614 DE
1193 2427 1866 2607 TUMBALENA

689 2727 965 2862 anuos
1020 2726 1083 2861 S.
1131 2721 1497 2860 risonis,

460 3140 733 3252 NOTITIA
770 3137 1137 3250 HISTORICA
1175 3134 1256 3244 ΕΤ
1296 3129 1716 3242 LITTERARIA.

840 3333 941 3392 lOnurn
955 3333 1057 3400 Scribit.
1074 3333 1185 3396 Eccles,
1204 3333 1239 3398 Il,
1251 3327 1326 3401 769.)

296 3621 434 3678 Robertus
451 3623 486 3678 do
509 3622 691 3686 Tumbalena,
718 3622 872 3677 monachus
892 3621 982 3676 sancti
1004 3621 1057 3676 hli-
1099 3616 1474 3692 ariomanitarum.
1499 3617 1576 3672 Idem
1600 3616 1647 3671 rel
1670 3626 1822 3686 anonymos,
1841 3613 1872 3665 rel

260 3709 364 3765 chaelis
373 3711 402 3764 in
413 3711 537 3782 periculo
548 3710 643 3776 maris,
653 3715 684 3764 ut
691 3710 788 3765 scribit
798 3709 947 3766 Ordericus
959 3709 1057 3764 Vitalis
1099 3709 1151 3764 suh
1161 3707 1411 3780 Gregoriinomine
1421 3703 1629 3778 simpliciter,in
1642 3702 1737 3758 multis
1746 3697 1871 3755 Galliarum

259 3797 311 3855 lib.
335 3811 385 3854 rur
409 3797 538 3853 Historiae
557 3796 593 3851 ad
616 3813 721 3852 annum
746 3793 827 3865 1091,
858 3797 945 3852 abbas
966 3797 1056 3852 factus
1099 3796 1273 3852 bibliothecis
1287 3813 1340 3851 ms.
1353 3801 1454 3862 exstat,
1469 3794 1596 3849 uthabet
1610 3792 1713 3848 Petrus
1726 3787 1866 3843 decussan-

258 3891 357 3958 poetea
369 3887 532 3944 monasterii
545 3887 573 3942 S.
589 3887 701 3958 vigoris
712 3887 747 3941 ad
762 3903 858 3942 muros
884 3886 962 3941 urbis
977 3887 1058 3957 Bajo·
1098 3886 1163 3940 villa
1178 3886 1289 3947 citatus,
1304 3884 1352 3940 ubi
1365 3885 1394 3938 in
1409 3883 1532 3938 editione
1548 3897 1599 3936 suo
1615 3896 1733 3953 operum
1746 3879 1773 3932 S.
1788 3874 1870 3940 Grego

258 3975 349 4030 censis
363 3975 393 4031 in
408 3974 591 4031 Norrnannia.
606 3975 720 4030 Romam
734 3976 781 4028 ilic
791 3977 930 4043 proiectus
945 3979 992 4036 cst,
1008 3975 1058 4027 uiri
1098 3973 1132 4028 rii
1143 3974 1237 4045 Magni
1248 3975 1283 4029 de
1308 3991 1374 4028 mss.
1395 3971 1538 4028 codicibus
1563 3970 1624 4041 agit
1654 3969 1690 4024 ad
1713 3981 1779 4039 quos
1796 3959 1872 4055 eadent

257 4063 418 4132 adrogorio
442 4065 486 4118 VII
506 4079 579 4133 popo
601 4064 725 4117 detentus
746 4064 893 4131 honorifico
912 4079 996 4130 usque
1021 4063 1057 4114 od
1098 4063 1226 4117 contulit.
1243 4061 1350 4127 Quibus
1362 4061 1434 4116 addo
1445 4059 1516 4115 alios
1530 4060 1617 4129 hujus
1628 4063 1740 4113 exstare
1750 4046 1874 4108 msscodt·

257 4157 372 4206 moriem
386 4153 513 4208 Romana
527 4153 644 4220 fideliter
658 4153 769 4205 servivit
780 4151 911 4217 Ecclesia,
926 4155 958 4205 ut
970 4149 1056 4205 Orde-
1098 4165 1143 4204 ces
1157 4151 1186 4206 in
1198 4150 1371 4205 bibliothecis
1381 4149 1470 4205 Clarae
1481 4148 1569 4202 Vallis
1579 4153 1609 4202 et
1620 4149 1721 4202 Aureae
1731 4142 1810 4197 Vallis
1826 4133 1871 4190 coil·

256 4239 331 4294 neue
347 4238 422 4294 idem
438 4239 536 4296 scribit
550 4239 585 4294 ad
606 4254 711 4293 annum
731 4236 812 4306 1087,
830 4237 902 4293 libro
915 4239 962 4293 cit.
978 4241 1055 4294 Inter
1097 4225 1875 4309 ebriositasi:isterciensisinstituuntqueinmajoribus

255 4331 480 4398 reiiqoopcritia
493 4345 548 4382 sue
560 4333 750 4390 monumento,
768 4328 873 4382 brocam
888 4333 913 4382 ct
928 4329 1053 4382 loculen-
1095 4328 1201 4399 passim
1212 4328 1374 4383 eorumdem
1389 4325 1573 4381 bibliothecis.
1598 4323 1671 4379 Esse
1695 4327 1786 4378 autem
1805 4327 1874 4370 unum

211 4465 216 4472 .
256 4421 313 4470 lom
327 4433 460 4486 sensuque
471 4417 644 4486 profundam
658 4431 741 4483 snper
755 4409 869 4470 Oon'tico
881 4418 1054 4470 canticorum
1096 4420 1124 4470 et
1136 4417 1265 4472 eurndem
1280 4417 1355 4470 hunc
1369 4413 1600 4470 commentarium
1613 4429 1680 4467 cum
1695 4427 1728 4467 eo
1738 4408 1783 4481 qui
1793 4407 1876 4473 Girgi>

254 4507 448 4572 obpositionem
462 4507 494 4558 io
507 4504 626 4558 Ecclesia
641 4505 758 4565 dimisit,
775 4507 848 4558 teste
874 4504 981 4558 eodem.
1003 4504 1054 4559 llic
1096 4503 1192 4559 cianus
1206 4505 1298 4559 dictus
1313 4509 1364 4566 est,
1384 4502 1538 4558 conserenti
1561 4501 1713 4572 utriusque
1735 4495 1809 4552 initia
1824 4505 1875 4546 cun

254 4590 479 4646 Commentarius
493 4591 523 4646 in
537 4591 653 4647 Cantica
664 4592 848 4658 canticorum,
864 4593 944 4662 cujus
959 4593 1053 4664 prolo·
1074 4575 1342 4665 *consequentibus
1371 4591 1488 4665 patebit.
1517 4590 1677 4661 Nullusque
1704 4583 1806 4657 estqui
1826 4585 1873 4635 tom

252 4693 321 4747 gum
337 4679 423 4733 edidit
436 4679 558 4734 loannes
570 4679 702 4735 Mabillon
717 4678 813 4734 tomi
839 4680 1050 4744 Analectorum,
1093 4687 1197 4753 opertae
1216 4681 1403 4753 refragabitur
1426 4680 1477 4746 rei,
1497 4678 1553 4734 nisi
1576 4678 1624 4751 qui
1650 4683 1774 4732 mentem
1793 4682 1875 4726 sanam

253 4781 317 4836 png.
333 4765 396 4832 125,
409 4783 441 4822 ex
454 4783 505 4822 ms.
521 4767 615 4823 codice
630 4767 807 4822 balernensis
827 4768 856 4822 in
880 4767 1051 4839 Burgundiae
1092 4769 1236 4840 abjecerit.
1248 4771 1346 4842 Neque
1360 4765 1547 4840 objiciendum
1561 4784 1594 4821 ex
1614 4765 1762 4822 Analectis
1776 4767 1836 4817 torn.
1859 4755 1878 4817 Ι,

252 4852 356 4908 ducatu
367 4852 485 4908 abbatiae
494 4855 600 4909 ordinis
613 4854 816 4923 Cisterciensis,
833 4856 908 4912 idem
932 4873 996 4912 cum
1017 4873 1050 4912 co
1092 4876 1156 4930 pag.
1172 4857 1235 4924 1‘28,
1250 4859 1404 4914 Robertum
1417 4856 1547 4912 abbatom
1563 4855 1659 4911 Sancti
1687 4851 1794 4925 vigoris
1806 4845 1876 4902 dimi-

251 4945 295 4997 est
308 4942 356 5014 qui
370 4942 425 4997 huc
439 4959 526 5013 usque
538 4943 567 4998 S.
579 4942 714 5014 Gregorio
727 4943 831 5016 Magno
845 4944 983 5018 ascriptus
994 4951 1045 5012 est,
1091 4947 1160 5003 sisse
1170 4947 1409 5002 Commentariun
1421 4961 1502 5001 suum
1514 4944 1543 4998 in
1560 4943 1671 4998 duobus
1680 4941 1769 5004 libris,
1783 4948 1879 5004 anony-

250 5031 376 5101 adquem
390 5030 468 5086 nullo
483 5031 565 5086 modo
580 5038 707 5104 spectare
718 5040 813 5087 censet
823 5034 922 5089 Petrus
932 5035 966 5088 de
977 5035 1047 5088 Gus·
1088 5053 1167 5090 mum
1181 5041 1275 5090 autem
1290 5043 1367 5090 tomo
1380 5035 1420 5089 111
1435 5033 1559 5105 Operum
1583 5031 1612 5086 S.
1626 5030 1760 5101 Gregorii
1782 5022 1872 5094 uani.

248 5119 375 5186 sanvilla,
392 5119 421 5174 in
436 5119 587 5175 editionem
604 5121 727 5192 Operum
741 5121 797 5175 divi
812 5122 939 5192 Gregorii
950 5123 1044 5193 Magni
1087 5122 1202 5197 paglbl
1219 5123 1450 5192 licpinnotionem
1462 5123 1591 5175 r'aeadem
1602 5119 1718 5174 Cantica
1726 5117 1874 5171 continuam

247 5207 358 5264 ultima.
370 5207 470 5263 Exstat
479 5225 543 5264 vero
555 5225 606 5264 ms.
623 5208 652 5264 in
668 5208 836 5263 bibliotheca
843 5209 945 5280 insigni
957 5210 985 5265 S.
998 5210 1044 5264 vi-
1085 5215 1187 5281 secisse.
1202 5213 1260 5267 Hoc
1273 5213 1348 5267 enirn
1361 5217 1459 5283 postea
1471 5210 1576 5264 sactum
1586 5208 1620 5262 ab
1633 5207 1685 5263 SS.
1703 5201 1882 5277 scriptoribus

246 5296 330 5352 ctoris
345 5295 520 5364 parisiensis,
533 5313 588 5352 non
604 5313 654 5368 pro
669 5313 746 5352 more
761 5299 1042 5370 suoanonymusscd
1085 5307 1128 5356 est
1137 5307 1168 5357 ut
1177 5301 1250 5355 dicto
1260 5301 1487 5371 obtemperarent
1518 5297 1612 5352 abbati
1636 5297 1685 5367 qui
1713 5295 1741 5349 id
1767 5287 1874 5346 iuvetis

245 5400 310 5441 curn
324 5384 489 5455 prelatione,
506 5402 568 5456 quae
581 5386 611 5439 in
635 5384 698 5438 aliis
723 5399 790 5440 rnss.
815 5385 903 5453 deest,
930 5397 959 5441 et
978 5403 1041 5442 cum
1084 5389 1183 5444 habuit
1195 5395 1223 5444 et
1234 5387 1484 5444 transcribentibus
1497 5385 1627 5456 injunxit,
1645 5383 1702 5439 sub
1721 5376 1882 5454 prelationis

243 5473 341 5529 littera
359 5471 514 5544 primaten
527 5473 643 5531 initialis
656 5473 779 5530 auctoris
793 5474 826 5529 R.
846 5473 876 5532 in
893 5474 987 5530 codice
1002 5475 1043 5531 in·
1083 5495 1141 5534 sure
1152 5479 1236 5534 sinam
1247 5483 1324 5534 tomo
1339 5473 1495 5549 largite,
1507 5475 1727 5530 Analectorum.
1738 5466 1882 5528 Nacoliam
