3900 6168
221 288 275 349 aas
730 277 924 342 eomzo'ms
943 273 1163 343 attenuarat
1182 273 1356 343 uetseoer.
1794 288 1839 351 aas

219 415 318 470 ordine
328 413 426 486 postea
438 403 608 466 narrabitur.
621 411 723 465 Eodem
745 415 873 481 tempore
885 399 1015 474 cacalia
1025 409 1174 468 aecclesia
1189 413 1218 467 S.
1226 411 1379 466 Salvatoris
1389 411 1518 476 humato,
1530 427 1591 466 cum
1600 413 1673 468 eirca
1684 415 1840 484 sepulturam

219 503 379 559 Parmensis
398 502 553 572 episcopus,
574 516 689 570 corpore
711 504 739 552 et
754 498 849 552 anima
870 497 1018 552 defunctus
1058 502 1119 570 ejus
1132 501 1296 555 rerrerabrlis
1310 501 1515 555 tiildebrandus
1525 507 1599 556 esset
1608 491 1842 573 occupatos,factus

219 600 271 658 est,
287 600 385 646 etnon
405 591 495 645 multo
515 595 578 660 post
597 589 744 642 Rauennae
771 588 917 658 episcopus
944 603 1018 640 mor·
1059 590 1843 660 estaterepenteuoncursusclericorumrirorrrmacmu-

218 687 285 736 tuus
298 687 350 734 est.
402 718 406 729 .
1060 678 1161 732 lterum
1176 679 1378 732 clamantionrt
1397 678 1603 734 Hildebrandus
1627 680 1774 750 episcopus.
1790 683 1841 746 Quo

253 770 366 827 Interea
379 767 541 821 Parmensis
557 767 717 821 Guibertus.
735 766 769 819 de
789 779 843 834 quo
858 779 943 834 supra
959 779 1020 816 me·
1061 768 1157 821 audito
1173 767 1558 822 venerabilisarchidiaconus
1571 768 1844 838 expauitctrelociter

217 857 337 914 muriam
351 856 476 918 fecinms,
491 857 672 909 Parrnensem
698 853 866 907 mirabiliter
879 851 1021 905 ambiebat
1061 856 1155 909 volens
1168 857 1300 926 populum
1317 857 1428 925 placare
1442 855 1583 908 concurrit
1596 856 1630 908 ad
1645 852 1786 926 pulpitum,
1801 857 1841 910 scd

217 945 419 1016 episcopatum.
436 946 508 998 Nam
523 941 621 998 adiens
646 959 740 1013 regem
769 939 864 996 multis
892 941 1021 1012 precibus
1062 959 1126 997 eum
1143 945 1223 1014 Ilugo
1234 945 1368 997 candidus
1385 945 1529 1013 prevenit,
1544 952 1573 998 et
1587 945 1718 1014 populum
1733 945 1769 998 sic
1788 947 1844 998 allo-

217 1031 1019 1104 muneribusquesatagebatutsibidar·eturepisrepatus;
1062 1038 1217 1087 cutusest:
1235 1029 1291 1086 rra
1318 1033 1433 1086 fratres!
1451 1049 1498 1086 vos
1533 1031 1611 1087 scitis
1638 1032 1703 1102 quta
1725 1049 1741 1086 a
1760 1033 1843 1086 diebus

218 1125 371 1195 quodcum
386 1123 539 1194 impetrare
554 1139 609 1176 non
625 1122 809 1186 valuissesne
823 1119 1021 1173 omnibnstam
1062 1122 1168 1176 domini
1185 1123 1286 1176 Leonis
1301 1139 1379 1192 papae
1395 1122 1493 1176 tricast
1512 1121 1726 1180 Hildebrandus.
1740 1119 1783 1192 qui
1793 1139 1844 1176 san·

216 1212 382 1284 propinquis
401 1212 460 1266 suis
489 1229 570 1282 quam
601 1210 749 1270 extraneis.
779 1217 837 1263 tam
867 1208 1021 1278 majoribus
1062 1216 1136 1265 ctam
1154 1211 1309 1265 Romanam
1337 1209 1487 1264 Ecclesiam
1513 1210 1645 1264 exaltarit
1672 1219 1700 1264 et
1719 1211 1842 1264 dotatam

218 1318 304 1373 quam
323 1300 487 1364 iirinoribus,
501 1309 558 1354 tarn
574 1299 682 1352 clericis
698 1312 781 1368 quam
804 1299 881 1352 laicis
905 1298 1020 1352 omnino
1062 1300 1144 1354 istam
1168 1299 1297 1354 liberavit
1320 1300 1498 1369 Quapropter
1521 1299 1587 1369 quia
1610 1299 1646 1353 ad
1671 1299 1842 1370 pontificatum

217 1390 475 1446 contradicentibus
485 1390 519 1443 ad
537 1389 744 1459 imperatricem
758 1405 788 1442 se
800 1387 926 1441 contulit.
938 1387 1021 1440 Forte
1063 1388 1219 1442 &manum
1235 1403 1326 1459 neque
1353 1388 1496 1442 meliorem
1512 1403 1603 1458 neque
1616 1388 1843 1458 talemquicliga-

218 1495 251 1534 ea
266 1479 303 1532 ibi
319 1480 416 1532 aderat
432 1478 474 1532 tris
489 1478 694 1548 diebus,eaqrre
706 1475 1021 1530 interr-enteraettaven-
1062 1483 1117 1532 tur.
1138 1476 1241 1530 habere
1256 1469 1414 1547 possumus,
1427 1476 1557 1546 eligimus
1573 1477 1648 1530 hunc
1661 1476 1689 1530 in
1705 1482 1792 1530 nostra
1805 1493 1841 1531 ec-

218 1574 313 1622 natem
330 1566 436 1638 aceepit
450 1567 640 1637 episcopatum
657 1565 817 1620 Parmensis
833 1581 896 1618 rere
909 1564 1019 1617 cuidam
1062 1566 1147 1618 etesia
1160 1565 1332 1629 ordinatum,
1345 1566 1434 1620 uirum
1451 1565 1537 1625 vobis,
1556 1565 1693 1635 nobisque
1718 1575 1804 1618 notum
1822 1572 1844 1618 ct

217 1657 357 1712 Everardo
384 1656 542 1710 Coloniensi
558 1655 668 1716 clerieo,
685 1655 816 1708 traditur.
1062 1654 1218 1725 peremnia
1231 1653 1389 1725 probatum.
1415 1657 1542 1724 Cumque
1558 1653 1714 1708 cardinales
1741 1653 1843 1724 episcopi

253 1745 389 1799 Praelatus
404 1759 469 1797 vero
482 1744 633 1798 (lutbertus
655 1745 769 1798 veniens
797 1743 1019 1812 Langobardiam
1029 1755 1052 1814 Β
1063 1743 1278 1814 sacerdotesque
1289 1750 1317 1796 et
1342 1743 1432 1797 levitae
1443 1749 1471 1796 et
1496 1743 1642 1814 sequentis
1652 1742 1754 1796 ordinis
1767 1742 1844 1795 clerici

216 1834 379 1889 &sennam
392 1833 507 1887 intravit
522 1833 702 1887 multitudine
715 1833 792 1903 gravi
807 1838 834 1886 et
855 1832 883 1885 in
907 1848 1018 1902 magno,
1061 1832 1270 1895 conclamasset,
1287 1839 1318 1886 ut
1338 1849 1398 1884 mos
1417 1837 1478 1885 est:
1504 1831 1668 1896 Gracci-fam
1689 1833 1737 1884 PP.
1758 1832 1806 1886 Sa.
1820 1832 1843 1883 f.

217 1922 305 1977 utsui
321 1923 408 1976 meris
421 1929 473 1983 est,
487 1927 643 1992 potentatu.
659 1923 693 1974 Et
706 1938 761 1974 non
777 1921 950 1990 postmuttos
960 1920 1018 1973 dies
1060 1925 1123 1988 alep.
1140 1920 1567 1992 (flocoalcontinuoapopnlo
1594 1920 1724 1981 trahitur,
1744 1919 1845 1988 rapitur-

218 2011 725 2080 inQuadragesimrndiebusiiomam
742 1996 1019 2062 reniteau'saconse-
1061 2025 1125 2079 qne,
1142 2007 1218 2063 etad
1235 2009 1344 2063 uincula
1370 2009 1443 2063 beati
1463 2009 1492 2062 P.
1522 2024 1578 2062 non
1602 2009 1637 2062 ad
1661 2008 1843 2062 Brixianoriom

219 2099 361 2162 orationis,
379 2099 485 2169 synodo
501 2099 560 2168 jam
575 2098 725 2156 celebrata.
745 2098 774 2151 in
803 2113 859 2168 qua
886 2103 913 2149 et
939 2097 1019 2165 liugn
1059 2096 1164 2151 invitus
1180 2097 1394 2152 inthronizatur.
1410 2098 1463 2162 Qui
1472 2097 1602 2168 sequenti
1615 2097 1661 2151 die
1669 2113 1757 2152 secum
1766 2102 1843 2150 mente

219 2187 354 2242 candidus
367 2203 383 2240 a
394 2184 624 2240 cluniacensibus
635 2187 811 2239 monachisst
826 2203 843 2238 a
852 2185 1018 2255 quibusdam
1061 2169 1234 2256 pertractans
1245 2188 1278 2242 ad
1291 2195 1426 2258 quantum
1442 2188 1597 2258 periculum
1612 2185 1845 2255 deuenissetacepit

220 2276 359 2346 religiosis
374 2276 512 2346 episcopis
526 2275 635 2345 publice
650 2275 684 2327 de
699 2274 824 2328 Simonia
838 2274 975 2344 arguitur,
992 2279 1020 2327 et
1060 2281 1179 2328 aestuare
1194 2283 1223 2328 et
1233 2281 1349 2329 moestrrs
1364 2291 1444 2342 esse,
1463 2273 1843 2344 tamencollectisiideietspei

219 2365 316 2435 inqua
333 2365 445 2418 fmr'tota
463 2365 526 2434 [irae
542 2367 787 2417 commutabant
811 2365 960 2416 substituto
988 2365 1019 2415 in
1060 2363 1841 2435 viribusquidpotissir'rrumfaceretnunattudtnrenc,

219 2452 292 2526 cod]
305 2453 491 2523 imperatricis
505 2453 640 2524 quosdam
653 2453 726 2522 regis
738 2451 911 2506 consiliarios
925 2453 1017 2505 rolen-
1061 2469 1144 2523 quam
1160 2458 1191 2507 ut
1207 2453 1265 2522 regi
1277 2469 1356 2506 suam
1372 2454 1530 2507 notificaret
1555 2453 1731 2517 electionem,
1758 2459 1783 2506 et
1801 2469 1841 2523 per·

217 2547 335 2598 tcseum
351 2542 386 2594 ab
401 2541 508 2595 unitate
526 2542 652 2619 Ecclesiae
669 2557 808 2611 separare,
822 2541 931 2610 publice
961 2542 1017 2595 Do·
1059 2559 1122 2596 eum
1137 2542 1159 2595 si
1171 2548 1273 2612 posset.
1285 2542 1338 2596 sibi
1349 2542 1447 2612 papale
1459 2543 1625 2613 impositum
1636 2559 1705 2597 onus
1713 2539 1840 2595 devitaret.

217 2632 311 2686 minus
325 2648 397 2702 papa
410 2631 667 2684 excommunicarit.
680 2630 732 2684 Sed
746 2631 805 2699 jam
827 2631 860 2683 ad
878 2630 1016 2684 narratio·
1061 2632 1134 2684 Nam
1148 2631 1239 2684 missis
1248 2629 1352 2685 adeum
1363 2631 1495 2685 continno
1507 2631 1610 2685 titteris
1621 2639 1650 2686 et
1660 2637 1771 2684 mortem
1779 2645 1843 2700 papa

217 2735 281 2775 narn
299 2719 456 2774 redeamus.
487 2720 622 2774 Praefatae
635 2729 636 2734 ’
650 2734 715 2772 vero
734 2719 882 2774 cutbertus
903 2720 1018 2774 veniens
1059 2719 1223 2796 notificavit.
1237 2725 1265 2774 et
1281 2737 1360 2774 suam
1373 2719 1399 2773 ei
1409 2720 1760 2780 electionemdenuntiauit,
1771 2718 1844 2770 inter-

216 2809 335 2864 Eomam
350 2809 455 2862 babens
465 2825 559 2862 sereurn
571 2808 748 2878 Dionysium.
759 2809 950 2862 PlacentInum
964 2809 1019 2878 epi·
1060 2809 1240 2880 miratusque
1255 2809 1277 2862 si
1293 2811 1354 2879 ejus
1374 2810 1504 2863 electioni
1529 2825 1676 2864 assensum
1701 2807 1844 2880 praebuisset

215 2913 342 2968 scopum,
357 2905 423 2951 ante
440 2897 542 2951 multos
557 2911 645 2950 rennos
662 2896 698 2950 ab
713 2897 809 2950 eodem
827 2913 897 2966 papa
912 2897 1019 2968 deposi-
1059 2913 1204 2967 nunquam
1219 2899 1280 2968 ejus
1295 2898 1456 2969 nequitiam
1467 2898 1608 2968 patienter
1618 2905 1786 2970 portaturum
1799 2894 1844 2950 Sed

214 2993 287 3052 tum,
304 2985 385 3040 crine
404 2986 536 3040 simulata
560 2986 675 3040 indutus
698 2986 886 3056 simplicitate,
915 2987 1018 3040 multos
1059 2984 1141 3054 lunge
1152 2985 1235 3039 aliter
1248 2987 1341 3040 euenit
1352 2996 1435 3056 quam
1447 2993 1620 3056 speraverat.
1638 2987 1709 3040 Nam
1724 2999 1767 3040 rex
1783 2985 1844 3038 illico

214 3075 325 3146 decepit
342 3073 519 3146 etpraecipuo
535 3075 591 3128 Deo
615 3074 763 3129 amabilem
786 3073 1137 3170 Hildebr·andum.cnrisit
1164 3071 1333 3143 Gregorium
1362 3075 1567 3128 Vercetlensem
1585 3071 1843 3146 episcopum,ttalici

214 3164 241 3219 Is
253 3165 316 3218 curn
333 3179 405 3234 saepe
423 3179 539 3217 numero
559 3178 659 3234 papam
677 3171 813 3234 rogasset,
824 3165 890 3217 ntei
900 3179 1014 3216 triarnum
1057 3162 1135 3231 regni
1147 3163 1354 3218 cancellarium.
1370 3163 1415 3232 qni
1428 3165 1489 3232 ejus
1504 3163 1672 3218 electionem
1685 3165 1808 3224 firmaret,
1821 3165 1844 3212 ct

213 3252 1016 3324 imponeret,etiilenolletacquiescerespirrtuprophetiae
1058 3251 1117 3320 ejus
1137 3251 1286 3306 interesset
1305 3252 1518 3306 consecrationi.
1536 3252 1618 3317 Quod
1639 3260 1667 3308 et
1682 3252 1777 3306 facturn
1800 3253 1842 3302 cst.

214 3341 549 3414 plenusferturdiaisse:
574 3341 757 3412 Eaequidem
772 3343 831 3410 jam
859 3341 966 3396 delibor
987 3345 1017 3396 et
1058 3341 1128 3394 Nam
1145 3339 1172 3394 in
1187 3341 1296 3411 jejunio
1322 3342 1500 3396 pentecostes
1515 3342 1648 3396 sacerdos
1664 3341 1845 3398 ordinemne
1911 3397 1912 3406 χ

213 3436 324 3502 tempus
344 3430 523 3485 resolutionis
537 3447 605 3484 aneae
621 3431 717 3492 instat,
728 3437 757 3484 tu
770 3447 834 3483 vero
845 3431 1016 3500 ejussenties
1057 3428 1085 3482 in
1097 3430 1191 3482 natale
1202 3431 1393 3500 apostolorum
1409 3431 1444 3484 ad
1457 3430 1547 3484 altare
1563 3429 1725 3484 eorumdem
1738 3445 1753 3482 a
1766 3426 1844 3481 cardi-

212 3519 404 3574 acerbitatem.
434 3515 514 3582 Quod
535 3525 564 3572 et
584 3525 699 3572 euentus
725 3526 821 3588 postea
854 3520 1013 3574 declaravit.
1058 3517 1499 3589 nalibnssecumtumantiquum
1513 3519 1843 3590 morranepiscopuscorr·

213 3609 286 3674 Quid
301 3608 403 3679 plura‘l
418 3607 635 3662 Consecratione
648 3623 711 3660 vero
728 3608 781 3660 rite
803 3607 953 3671 celebrata,
970 3625 1015 3662 sa·
1056 3614 1193 3661 secratur.
1211 3605 1300 3676 Cujus
1322 3608 1523 3661 consecrationi
1549 3609 1679 3662 interfuit
1700 3603 1842 3676 imperatris

212 3702 356 3753 craneento
370 3713 400 3750 se
415 3695 548 3765 obligarit
562 3713 591 3749 se
608 3696 717 3750 fidelem
730 3711 790 3749 esse
801 3713 878 3766 papae
895 3698 1016 3751 Alexan·
1057 3711 1113 3750 una
1131 3712 1192 3752 cuna
1209 3697 1442 3750 excellentissima
1459 3698 1584 3751 Beatrice
1599 3698 1669 3752 duce
1685 3703 1748 3750 tuac
1761 3693 1838 3746 uidua.

212 3785 263 3840 dre
279 3787 396 3856 ejusque
409 3785 624 3847 successoribus,
639 3786 687 3855 qui
704 3801 752 3855 per·
774 3785 904 3839 meliores
921 3791 1014 3840 essent
1056 3785 1127 3839 Nam
1149 3793 1215 3839 ante
1237 3803 1339 3857 pauoris
1359 3787 1419 3839 dies
1438 3787 1605 3856 magnificus
1633 3786 1688 3839 dux
1702 3780 1842 3839 Gotclridus

212 3875 293 3929 eiccti
304 3874 549 3936 cardinalesmulto
560 3873 641 3926 modo
651 3874 848 3944 imperatorem
859 3891 909 3928 neo
919 3892 1013 3945 regern
1055 3873 1178 3929 obierat.
1478 3938 1484 3948 ι

212 3963 361 4018 nominans
381 3963 422 4016 vel
439 3962 592 4032 patritium.
609 3963 684 4032 quod
707 3972 914 4017 sacramentum
942 3964 1013 4019 bene
1091 3962 1266 4016 Venerabilis
1278 3979 1343 4016 sero
1359 3963 1482 4034 pontifex
1499 3979 1563 4017 mox
1585 3969 1617 4018 ut
1639 3978 1732 4016 curam
1756 3961 1841 4013 sancta

212 4051 394 4106 conservarit.
417 4052 487 4105 Naro
504 4051 654 4105 uerrerabili
669 4052 825 4105 Alexandro
843 4053 973 4107 defuncto
985 4061 1013 4108 et
1054 4051 1186 4106 Romanae
1201 4051 1327 4106 Ecclesiae
1342 4052 1475 4122 suscepit,
1492 4052 1530 4106 nil
1556 4054 1657 4108 melius
1673 4067 1731 4106 esse
1754 4046 1842 4102 delibe-

211 4139 363 4196 venerabili
390 4139 579 4194 Hildebrando
608 4155 657 4210 per
693 4140 821 4194 meliores
856 4143 1012 4197 cardinales
1054 4141 1237 4210 raraquarn
1256 4132 1842 4211 inprimordior·egenradmonere,utepi·

212 4229 457 4300 electoraligiosas
477 4229 702 4300 archiepiscopus
722 4227 845 4284 debitam
861 4231 1011 4299 subjectio·
1054 4237 1184 4301 scopatae
1210 4245 1264 4284 nen
1290 4230 1432 4291 venderet,
1458 4243 1576 4302 seseque
1603 4230 1757 4298 subjectum
1791 4236 1840 4275 ease

211 4336 275 4376 nem
291 4320 322 4374 in
337 4323 450 4374 tantum
466 4319 491 4372 ei
506 4318 678 4378 cantabant
694 4325 807 4372 vocatus
821 4319 855 4372 ad
873 4321 1011 4390 synodum
1021 4341 1045 4401 D
1055 4326 1157 4400 sanctae
1167 4319 1300 4373 Romana
1320 4317 1448 4372 Ecclesia
1463 4325 1687 4388 recognosceret.
1700 4317 1766 4371 Nam
1785 4325 1840 4365 oon-

212 4408 328 4466 reniret.
343 4405 409 4461 etiir
423 4403 519 4460 eadem
531 4405 638 4473 synodo
648 4421 697 4476 per
708 4406 908 4477 priuilegiumae
918 4425 950 4462 su
963 4410 1013 4464 Ec·
1054 4408 1135 4461 tineo
1146 4407 1229 4477 hujus
1246 4413 1349 4461 sancte
1369 4407 1518 4478 legationis
1533 4407 1691 4461 ministram
1717 4403 1777 4457 feeit
1790 4415 1840 4453 esse

211 4495 470 4551 olesiaedexteraeei
487 4494 649 4554 sederet.et
664 4511 719 4548 non
734 4501 845 4549 extorta
860 4497 1013 4552 confessio·
1055 4497 1206 4567 gloriosam
1234 4496 1442 4566 imperatricem
1468 4496 1597 4566 ejusdem
1625 4495 1699 4566 regis
1723 4497 1837 4546 matrem.

211 4587 251 4639 ne'
261 4584 310 4639 sed
323 4583 552 4654 spontaneaeum
565 4583 654 4637 rnedis
664 4584 795 4638 omrribus
810 4601 910 4655 papam
926 4589 1012 4657 profr-
1054 4585 1202 4639 habentem
1215 4601 1309 4638 secum
1330 4585 1358 4638 in
1377 4585 1510 4639 comitatu
1524 4583 1699 4639 uenerabiles
1712 4581 1839 4652 episcopos

210 4679 328 4728 teretur.
344 4672 398 4726 Sed
415 4672 474 4740 jam
490 4671 530 4725 rei
549 4671 676 4726 ordinem
702 4685 925 4744 prosequamur:
943 4677 1011 4730 Pas·
1054 4673 1205 4728 (airardum
1221 4673 1379 4728 Ostiensem
1393 4671 1449 4731 (18Ι
1466 4680 1494 4727 et
1508 4673 1644 4728 Ubartum
1656 4667 1838 4729 Pranesonum

211 4762 285 4816 cheli
299 4759 531 4832 igiturcelebrata
543 4761 694 4815 festivitate
704 4777 767 4816 cem
783 4762 892 4818 abeato
904 4781 975 4836 papa
985 4771 1013 4820 et
1054 4769 1082 4817 ct
1092 4763 1259 4816 Raiuaidum
1271 4764 1441 4830 Cumanum,
1453 4779 1514 4832 quea
1526 4760 1753 4833 Alpestransiens
1763 4754 1838 4810 filium

210 4849 361 4906 venerabili
373 4847 568 4904 archidiacono
592 4850 733 4904 licentiam
751 4853 893 4906 remeandi
908 4853 1013 4909 flaven-
1052 4850 1223 4920 inpartibus
1240 4849 1374 4920 aojoarie
1386 4850 1501 4904 invenit.
1518 4849 1590 4913 Quid
1618 4847 1721 4920 plural
1743 4837 1839 4911 tegatis

209 4951 286 5004 rtem,
295 4938 611 5010 accepisset,antequam
622 4937 748 4993 eamdem
759 4939 858 4994 urbem
867 4939 1009 5010 intrasset,
1052 4939 1186 4994 Romanis
1196 4955 1213 4992 a
1223 4953 1289 5009 rege
1299 4939 1452 4993 honorifice
1463 4938 1609 5008 susceptis,
1621 4953 1683 4992 cum
1692 4951 1738 5005 per
1748 4930 1838 4986 nrultos

210 5029 236 5084 ei
251 5043 328 5082 murs
343 5043 421 5099 papae
436 5026 564 5080 nuntiata
574 5032 627 5090 est,
644 5043 709 5080 nam
722 5027 750 5080 in
767 5028 854 5082 natali
874 5029 902 5082 S.
920 5031 1011 5085 Geor·
1052 5029 1112 5082 dies
1126 5042 1285 5082 sermonem
1298 5028 1479 5082 correctionis
1492 5027 1527 5081 ab
1538 5028 1577 5082 eis
1592 5023 1715 5098 quotidie
1729 5019 1836 5077 audiret.

209 5117 250 5189 gii
262 5115 460 5173 B.A‘lexaader
475 5115 607 5186 spiritum
621 5115 688 5169 coelo
706 5115 838 5171 reddidit.
1051 5119 1086 5171 ad
1101 5118 1232 5172 ultimum
1243 5133 1308 5170 sero
1323 5130 1389 5170 suos
1406 5117 1567 5180 familiares,
1583 5131 1654 5186 qnos
1669 5119 1732 5168 ante
1752 5110 1837 5163 beatus

450 5202 569 5271 Emrticit
585 5205 655 5258 iiber
665 5209 765 5258 tratas.
1051 5206 1339 5260 excommunicaverat
1353 5205 1519 5269 Alexander,
1529 5222 1546 5259 a
1558 5221 1610 5258 suo
1622 5195 1838 5274 prohibuitcollo·

378 5291 510 5348 lNClPl'f
529 5291 634 5346 LIBER
654 5293 838 5348 SEPTIMUS.
1051 5296 1126 5366 quio.
1143 5295 1249 5349 Dehinc
1264 5302 1379 5364 rogatus
1394 5301 1427 5349 ut
1435 5295 1572 5365 synodum
1587 5282 1730 5348 mediaret.
1745 5285 1837 5357 cpisctr

246 5383 349 5438 Eodem
365 5382 462 5453 itaque
479 5381 524 5435 dre
544 5381 652 5452 praefati
674 5382 816 5452 pontifrcis
840 5395 956 5454 corpore
980 5383 1010 5438 in
1052 5403 1101 5457 pos
1114 5385 1278 5439 facietenus
1293 5385 1480 5456 congregarit,
1498 5389 1592 5446 mente
1607 5384 1769 5443 detractans,
1783 5371 1836 5428 nul·

234 5507 340 5599 ¹stillis
355 5499 472 5592 celebris
486 5524 533 5579 iilo
546 5541 613 5592 aero¹
631 5493 775 5584 (lerardus
795 5525 831 5580 ad
859 5541 1013 5600 purpuram
1033 5529 1148 5602 mudena
1172 5499 1294 5596 erectus,
1317 5493 1383 5582 civis
1406 5497 1616 5600 Ratisponensis
1629 5488 1701 5582 filius
1714 5484 1770 5588 luit,
1784 5515 1834 5570 siu·

209 5595 308 5665 gularc
318 5597 452 5667 Bajorum
467 5599 673 5652 ornamentum.
