3856 6176
77 255 115 313 419
513 243 680 301 DECRETA
698 243 770 299 PRO
790 237 928 312 ORDINE
947 237 977 294 S.
996 235 1199 298 nauantem.
1627 251 1681 311 450

76 375 216 436 mandastis
234 375 268 429 de
281 371 408 445 apostolo
422 376 532 442 agatur.
557 369 705 426 Festiritas
723 384 789 423 vcro
807 367 968 428 inAnnum
983 360 1104 432 signum,
1115 365 1244 440 tactaque
1262 371 1387 428 oratione
1401 389 1487 446 supra
1499 375 1604 432 tomas
1613 379 1678 450 pul.

76 467 197 524 crastinum
208 463 361 518 differatur.
382 459 425 514 Ad
440 475 569 530 resperas
585 457 673 530 ipsius
689 457 743 509 diei
764 455 840 526 capi·
880 461 978 511 sentur
993 457 1088 511 omnia
1101 456 1199 528 signa;
1225 459 1326 530 quibus
1346 463 1521 519 cessantibus
1543 465 1680 540 incipiant

75 556 152 620 ulum,
165 559 190 607 et
203 555 300 605 catera
314 565 375 619 quae
388 553 545 619 sequuntur
559 545 594 600 de
609 545 735 616 apostolo
748 545 841 597 dican·
881 546 1034 601 matutinas
1045 545 1151 600 laudes.
1167 546 1270 600 Psalmi
1290 549 1424 604 Dominus
1434 557 1560 621 ropnocit
1574 561 1602 610 et
1611 557 1678 611 reli·

75 651 120 709 tur;
139 641 228 696 debinc
249 637 479 693 commemoratio
501 635 535 690 de
556 634 703 701 Adventu,
723 631 840 704 privatis
881 635 938 705 qui.
955 635 1080 689 Primam
1095 635 1277 706 antiphonam
1297 637 1533 698 hebdomadarius
1551 643 1677 716 incipiat.

75 732 148 786 diebus
159 745 246 801 preces
256 729 371 784 Oramus
384 742 435 796 pro
447 728 525 778 omni
538 725 629 792 produ
645 723 776 777 Ecclesia.
791 721 841 775 Fe·
881 723 1051 794 Capitulum,
1064 726 1167 778 Paulus
1181 741 1275 779 sermm
1289 727 1392 781 Christi
1404 731 1477 784 leste.
1489 732 1623 788 Sacerdos
1637 735 1679 788 in-

75 822 104 874 ria
119 823 213 890 quarta,
232 821 319 881 sexta,
336 818 365 868 et
389 811 509 868 Sabbata
524 812 652 875 Quatuor
669 811 839 882 Temporum
881 812 966 867 dutus
987 812 1049 866 alba
1064 812 1191 867 incenset
1211 813 1325 871 altaria.
1343 816 1443 872 Preces
1463 820 1518 888 Epo
1539 822 1610 890 diei,
1628 825 1679 878 llo-

73 906 258 980 pronuntientur
276 902 427 972 Evangelia
448 901 574 972 ipsorum
601 898 720 954 dierum.
737 897 840 968 Vigilia
880 905 966 955 rnirre.
981 900 1124 955 Psalmum
1139 917 1227 956 unum
1242 903 1368 958 Miserere
1383 909 1680 976 orroi,l)ons.Comme·

73 998 159 1052 lbomae
171 994 295 1066 apostoli,
309 992 334 1046 si
347 991 407 1045 dies
420 989 583 1044 Dominicus
604 1005 660 1043 non
674 986 770 1054 fucrit,
792 1003 838 1040 ra·
879 990 1000 1045 moratio
1017 995 1189 1054 sanctorum,
1210 990 1310 1061 prima,
1334 993 1445 1063 psalmi,
1466 995 1582 1067 litania;
1605 1000 1681 1056 dicta

73 1086 151 1139 dantur
166 1083 270 1149 iratres,
296 1087 324 1135 et
346 1080 386 1134 sic
409 1078 577 1133 balneentur
595 1077 643 1148 qui
661 1077 759 1130 volunt
776 1073 838 1128 bal·
878 1078 963 1134 tertia
978 1083 1006 1134 et
1020 1078 1106 1133 missa
1131 1079 1300 1147 matutinali,
1317 1081 1428 1152 signum
1442 1085 1555 1156 capituli
1574 1086 1680 1144 diutius

73 1170 292 1240 nean,utduobus
306 1167 404 1223 diebus
418 1172 483 1221 ante
492 1165 667 1221 Dominicam
678 1163 838 1219 Nativitatis
879 1166 961 1222 solito
988 1173 1031 1222 est
1059 1167 1237 1238 pulsandum,
1259 1176 1291 1223 ut
1317 1172 1423 1225 cunctis
1451 1175 1679 1246 occupationibus

73 1266 206 1318 sintomnes
222 1259 356 1315 balneati.
372 1259 401 1312 Si
416 1274 528 1313 necesse
543 1257 589 1323 sit,
605 1256 666 1326 i'pso
680 1253 838 1326 apostolicae
878 1256 1074 1326 praetermissis
1088 1257 1123 1310 ad
1138 1257 1249 1311 initium
1264 1259 1379 1328 capituli
1393 1276 1490 1315 onmes
1503 1264 1678 1334 conueniant,

72 1350 197 1406 ledi-itatis
210 1349 255 1404 die
271 1345 396 1402 balneari
410 1350 537 1418 possunt.
554 1333 619 1416 Ipsa
631 1347 727 1398 autem
739 1341 839 1396 balnea
879 1349 911 1399 ut
920 1361 984 1399 cum
997 1345 1101 1400 Christi
1111 1345 1222 1400 Domini
1233 1347 1321 1401 nostri
1333 1348 1471 1404 Nativitas
1481 1353 1681 1421 pronuntiatur

70 1443 108 1495 hoc
128 1439 213 1494 ordine
240 1437 427 1508 disponantur
447 1453 453 1488 :
475 1433 650 1505 praecedente
678 1431 723 1485 die
755 1429 839 1484 debet
878 1437 1059 1502 prosternant
1079 1450 1108 1486 se
1124 1433 1217 1487 cuncti
1232 1434 1262 1488 in
1278 1439 1393 1503 terram,
1413 1437 1600 1495 lectoretiam
1614 1449 1681 1500 ante

69 1529 142 1593 abbas,
159 1531 203 1581 aut
223 1525 272 1598 qui
286 1525 413 1579 ordinem
427 1528 515 1590 tenet,
530 1521 676 1594 providere
691 1535 779 1574 unum
793 1535 837 1573 se·
878 1521 1048 1592 analogium,
1060 1521 1166 1592 pariter
1178 1528 1300 1590 orantes,
1314 1525 1480 1594 usquedum
1496 1529 1544 1598 qui
1553 1531 1681 1588 ordinem

70 1619 151 1671 niorem
169 1615 328 1686 religiosum
344 1619 428 1684 atque
442 1611 619 1684 prudentem,
635 1609 680 1664 cui
695 1607 839 1680 praecipiat
877 1613 964 1676 tenet,
979 1609 1105 1664 oratione
1120 1609 1202 1677 facti,
1215 1611 1304 1682 erigat
1316 1628 1355 1665 se.
1371 1612 1574 1670 Pronuntiatur
1588 1619 1680 1673 Evan-

69 1722 141 1760 mmm
155 1703 251 1758 babere
266 1701 392 1775 deipsis,
409 1700 457 1773 qui
470 1704 646 1755 commoneat
667 1697 767 1752 fratres
782 1687 991 1768 qoaBgelium,
1008 1703 1037 1751 ct
1052 1715 1084 1751 cx
1106 1715 1138 1752 co
1152 1715 1244 1752 sermo
1263 1706 1374 1770 agatur.
1390 1701 1457 1756 Post
1471 1709 1589 1771 sextam,
1606 1706 1679 1762 facto

69 1795 165 1848 homire
183 1791 311 1858 debeant,
329 1797 357 1845 et
378 1789 471 1843 indere
486 1805 570 1860 quam
596 1787 724 1842 ordinate
749 1785 788 1840 ibi
807 1803 838 1840 se
878 1784 1034 1853 intervallo,
1051 1785 1179 1856 pulsetur
1200 1786 1322 1858 signum,
1342 1790 1509 1845 conveniant
1529 1791 1631 1848 fratres
1649 1795 1681 1851 in

69 1883 208 1936 mndneant.
221 1880 276 1945 Qui
290 1879 385 1934 senior
398 1878 464 1932 illuc
476 1893 596 1950 pergens
609 1877 703 1931 rideat
717 1875 839 1946 qualiter
880 1874 1034 1942 ecelesiam,
1060 1875 1216 1929 orationem
1239 1877 1426 1933 communiter
1448 1880 1561 1948 saciant,
1581 1882 1682 1939 litania

69 1971 109 2023 sint
125 1977 272 2042 praeparata
294 1976 323 2023 et
345 1968 442 2039 quates
457 1965 557 2021 famuli
573 1964 682 2020 ibisint
700 1963 836 2035 deputati,
879 1962 996 2017 minime
1027 1963 1145 2028 dicatur,
1177 1964 1331 2020 induantur
1358 1967 1473 2022 missam
1501 1969 1680 2040 celebraturi,

69 2059 147 2114 edlimt
163 2075 215 2114 non
235 2058 368 2124 intentes,
385 2073 436 2110 nec
456 2057 583 2127 Juvenes,
601 2053 650 2108 sed
669 2059 750 2108 atate
773 2069 839 2124 pro·
880 2054 1010 2109 sacerdos
1030 2054 1194 2122 honorifico,
1215 2055 1298 2110 levita
1312 2056 1472 2126 dalmatica,
1488 2059 1543 2114 duo
1565 2061 1682 2117 subdia-

70 2148 182 2203 satiares.
201 2147 282 2212 Quod
301 2146 326 2201 si
345 2144 452 2217 aliquid
470 2145 655 2214 incongruum
676 2141 776 2196 viderit
794 2140 838 2195 in·
880 2141 942 2195 coni
957 2141 1067 2206 tunicis,
1091 2159 1164 2198 unus
1181 2144 1217 2197 ad
1231 2145 1417 2216 prophetiam,
1435 2153 1464 2201 ct
1484 2147 1604 2204 altered
1619 2151 1682 2223 Epi-

69 2236 282 2302 dieetmmerario,
295 2235 380 2290 etille
390 2234 485 2288 statim
496 2232 634 2287 emendet.
645 2232 839 2301 Reversusque
880 2230 990 2296 stolam,
1005 2231 1061 2285 duo
1075 2231 1145 2285 albis
1168 2233 1204 2286 ad
1224 2235 1442 2304 responsorium,
1460 2243 1558 2291 cantor
1575 2237 1683 2294 hebdo-

68 2325 176 2380 scniorin
196 2326 350 2380 claustrum
372 2326 548 2377 commoneat
561 2322 662 2375 fratres
676 2318 751 2390 quod
769 2335 839 2390 opus
880 2319 1023 2374 madarius
1037 2335 1126 2391 cappa
1147 2321 1182 2375 ad
1202 2321 1328 2386 chorum,
1347 2329 1405 2377 tres
1420 2326 1544 2380 conversi
1558 2343 1631 2382 unus
1645 2329 1682 2384 ad

69 2429 113 2467 esse
124 2414 283 2484 cognomrit.
303 2413 358 2467 Sed
374 2411 428 2466 hoc
446 2415 544 2465 caveat
557 2426 592 2464 ne
605 2409 796 2464 adolescentes
811 2411 840 2461 et
879 2406 1065 2475 thuribulum,
1082 2409 1137 2462 duo
1152 2410 1186 2463 ad
1202 2410 1378 2479 candelabra,
1391 2412 1519 2484 pulsetur
1532 2414 1681 2472 classicum

67 2503 141 2556 noritii
149 2503 227 2558 simul
241 2507 319 2570 eant,
336 2501 386 2556 sed
396 2517 460 2555 cum
475 2498 641 2554 senioribus.
652 2498 696 2553 Illi
710 2513 775 2552 vcro
786 2495 839 2550 lra-
880 2494 916 2549 ad
939 2513 1075 2551 canonem
1098 2513 1184 2570 supra
1206 2499 1319 2568 formas,
1343 2507 1558 2573 prosternantur
1576 2503 1682 2561 tabula

67 2597 109 2644 tres
132 2609 193 2663 quos
218 2590 436 2656 commonuerit,
471 2593 620 2660 postquam
645 2585 702 2640 rasi
734 2585 839 2640 fuerint
878 2585 1018 2639 refectorii
1032 2591 1180 2657 cooperta.

66 2681 205 2751 accipientes
214 2684 392 2742 vestimenta,
404 2695 466 2749 quae
474 2684 586 2732 mutare
596 2675 707 2742 debent,
721 2677 840 2747 pergant
915 2675 948 2729 ln
963 2680 1044 2728 noete
1066 2675 1217 2730 Dominicee
1237 2677 1398 2733 Nativitatis
1411 2679 1508 2735 omnia
1521 2681 1601 2753 signa
1624 2683 1682 2754 pri-

67 2769 177 2824 adlocum
186 2769 214 2824 in
224 2787 281 2842 quo
297 2769 400 2823 balnea
412 2771 614 2838 praeparantur,
627 2764 721 2835 ibique
735 2779 840 2819 erueu-
881 2780 958 2818 mum
974 2765 1131 2834 pulsentur,
1145 2764 1180 2818 ad
1198 2764 1389 2820 invitatorium
1403 2774 1525 2839 quatuor
1538 2771 1639 2825 fratres
1653 2771 1684 2826 in

66 2866 96 2911 tm
112 2859 270 2913 vestimenta
284 2873 337 2912 sua
357 2856 398 2910 sic
419 2855 558 2921 ordinate,
574 2859 615 2924 (ut
632 2853 662 2907 in
676 2852 841 2907 dormitorio
881 2851 986 2923 cappis.
996 2853 1028 2907 ln
1040 2869 1208 2924 unoquoque
1220 2860 1357 2908 nocturno
1367 2855 1402 2909 ad
1413 2856 1525 2910 tertiam
1533 2859 1683 2915 lectionem

67 2947 136 3000 lacere
155 2951 379 3016 consueverunt)
404 2945 512 2998 intrent
535 2942 729 3014 unusquisque
749 2940 797 2995 ubi
816 2940 842 2995 ci
883 2941 938 2994 duo
953 2941 1112 2996 sacerdotes
1126 2941 1221 3014 cappis
1235 2941 1326 2997 induti
1341 2943 1397 2998 duo
1414 2945 1559 3000 thuribula
1576 2947 1683 3004 circum

66 3035 105 3089 luit
116 3037 342 3102 demonstratum,
361 3038 398 3098 et,
414 3032 541 3104 deposito
555 3030 616 3085 velo
629 3030 702 3101 quod
716 3035 782 3083 anto
795 3017 871 3083 eosC
882 3027 974 3082 lerant
997 3033 1101 3094 βω,
1128 3028 1218 3100 primo
1240 3028 1349 3084 duobus
1367 3031 1514 3099 altaribus,
1535 3035 1637 3106 majori
1656 3041 1685 3090 et

66 3125 153 3192 pendet,
168 3125 265 3180 sedeat
277 3140 342 3178 cum
358 3121 480 3176 silentio.
497 3119 526 3175 Si
547 3118 614 3191 quid
625 3135 691 3173 vero
707 3117 733 3172 ei
747 3134 843 3172 neces·
883 3115 1054 3180 matutinali,
1066 3116 1167 3171 dehinc
1180 3117 1314 3172 fratribus
1329 3117 1358 3173 in
1369 3120 1453 3174 choro
1467 3122 1640 3178 sedentibus.
1651 3125 1686 3180 ln

66 3213 147 3267 sanum
163 3215 256 3280 merit,
275 3213 401 3267 modeste
413 3209 493 3280 signo
509 3209 603 3280 aliquo
618 3212 704 3279 petat,
721 3205 843 3261 famulus
883 3205 967 3260 tertio
980 3209 1118 3260 nocturno
1128 3205 1348 3276 pronuntientur
1358 3207 1416 3262 haec
1425 3209 1588 3282 Evangelia:
1607 3214 1686 3268 liber

67 3301 110 3354 nlo
122 3304 219 3357 eierato
234 3300 345 3357 deferat
361 3299 403 3354 illi
418 3298 547 3354 celeriter
560 3297 633 3368 quod
647 3295 726 3368 petit,
743 3300 772 3350 et
784 3300 843 3348 sta·
883 3295 1078 3363 promotionis,
1093 3294 1312 3362 horreariorum,
1332 3299 1464 3362 Postorrs,
1486 3301 1519 3354 In
1533 3303 1685 3370 principio.

67 3389 103 3443 lim
119 3397 280 3448 revertatur.
295 3391 450 3460 Postquam
464 3387 532 3442 satis
546 3385 658 3441 ablutus
675 3383 769 3451 fuerit,
787 3399 843 3438 non
884 3383 991 3448 Quibus
1004 3381 1121 3454 expletis
1138 3399 1202 3438 cum
1222 3385 1408 3454 responsoriis
1429 3386 1487 3440 suis
1502 3387 1618 3459 incipiat
1635 3391 1686 3446 do-

67 3477 193 3535 delectetur
206 3479 244 3534 ibi
270 3477 376 3532 diutius
398 3475 548 3530 demorari.
565 3475 688 3545 Surgeus
701 3489 766 3527 vero
785 3471 844 3525 cal·
884 3472 978 3526 minus
993 3470 1079 3526 abbas
1095 3473 1128 3526 Tc
1152 3474 1237 3527 dcam
1255 3475 1414 3528 lordonum.
1432 3476 1493 3539 Quo
1512 3475 1595 3544 dicto,
1611 3478 1687 3548 legat

68 3577 141 3622 ecatus
150 3575 230 3640 atque
244 3566 374 3631 restitus,
386 3563 459 3618 sicut
472 3563 502 3618 in
515 3561 679 3617 dormitorio
690 3560 841 3624 consuerit,
886 3559 1067 3630 Evangelium
1081 3561 1161 3615 Liber
1168 3565 1363 3628 pcneratr'onts.
1375 3563 1455 3618 Uicta
1466 3565 1601 3632 oratione,
1618 3567 1687 3621 inci-

67 3652 145 3710 ablutis
157 3656 289 3712 manibus
310 3658 468 3709 revertatur
492 3653 521 3706 in
544 3652 707 3707 claustrum.
726 3649 846 3704 Adoles-
886 3650 945 3721 piat
959 3654 1057 3703 cantor
1070 3648 1253 3720 antiphonam
1265 3651 1287 3705 0
1297 3653 1373 3705 boote
1385 3653 1520 3720 insontia.
1537 3654 1628 3718 Quam
1643 3671 1686 3710 ca-

68 3750 139 3798 enta
152 3745 198 3816 qui
221 3749 293 3799 sunt
320 3744 350 3796 in
369 3740 504 3808 custodia,
525 3757 588 3795 curn
602 3737 764 3795 custodibus
787 3737 845 3792 suis
885 3744 984 3793 nentes
999 3743 1066 3799 cant
1086 3738 1122 3792 ad
1144 3738 1232 3792 altare
1248 3739 1355 3794 Sanctae
1376 3741 1480 3810 Mariae,
1504 3748 1532 3797 et
1550 3743 1589 3796 ibi
1599 3743 1687 3808 ,dietis

67 3839 122 3896 ant,
135 3837 160 3885 et
173 3834 362 3886 revertantur.
377 3831 401 3884 Α
415 3829 507 3900 prima
529 3844 618 3899 usque
639 3827 675 3880 ad
695 3824 845 3896 completo-
885 3826 1031 3882 matutinis
1046 3826 1080 3880 de
1100 3826 1229 3882 omnibus
1245 3827 1364 3895 Sanctis,
1384 3829 1488 3884 radant
1507 3831 1538 3885 in
1553 3831 1688 3888 dormito·

67 3917 258 3975 numomnibus
281 3918 358 3973 horis
378 3917 486 3990 possint
507 3917 548 3970 ire
563 3917 663 3970 tratres
676 3914 712 3969 ad
731 3913 841 3980 balnea,
885 3916 968 3970 rium.
985 3915 1090 3969 Deinde
1109 3917 1236 3986 pulsetur
1253 3933 1341 3971 unum
1355 3918 1389 3972 de
1412 3919 1565 3990 majoribus
1587 3921 1686 3992 signis,

66 4007 192 4064 sanutus
210 4007 421 4081 praesumatirc
435 4005 671 4078 absquejlicentia
690 4003 785 4059 fratris
799 4000 845 4057 cui
885 4005 958 4059 sicut
971 4003 1076 4075 pulsari
1099 4005 1169 4059 solet
1194 4005 1275 4059 skilla
1298 4005 1327 4058 in
1349 4005 1496 4060 duodecim
1520 4009 1687 4064 lectionibus

67 4092 289 4153 boecommissnm
304 4100 356 4150 est.
885 4100 950 4166 post
971 4093 1135 4165 capitulum,
1160 4099 1226 4148 ante
1246 4093 1443 4149 matutinalem
1467 4096 1593 4152 missam.
1609 4098 1687 4153 Tunc

92 4183 114 4238 Si
125 4185 213 4257 n'gilia
230 4184 388 4241 Dominicae
402 4183 563 4239 Natiuitatis
583 4183 612 4237 in
630 4181 776 4237 Dominica
799 4180 845 4235 dia
885 4182 987 4236 fratres
1002 4183 1050 4253 qui
1065 4181 1100 4236 ad
1115 4181 1229 4236 missam
1252 4181 1386 4236 induendi
1401 4189 1467 4238 sunt
1480 4185 1584 4239 vadant
1598 4186 1633 4239 ad
1647 4187 1687 4240 lo-

68 4275 174 4342 escnerit,
189 4275 246 4330 duo
272 4275 375 4328 fratres
386 4271 580 4326 invitatorium
601 4271 636 4325 de
651 4270 797 4325 Dominica
814 4269 843 4323 in
886 4288 949 4326 cnm
964 4270 1158 4336 constitutum,
1174 4269 1221 4324 ubi
1243 4270 1280 4324 sit
1303 4271 1425 4341 optimus
1440 4271 1513 4342 ignis
1537 4289 1554 4326 a
1572 4273 1688 4329 famulis

67 4357 126 4416 uba
138 4363 238 4430 dicant,
261 4363 387 4436 primum
408 4366 437 4416 ct
454 4361 608 4416 secundum
624 4364 791 4415 nocturnum
810 4335 1033 4414 doDeomerarti
1047 4361 1228 4430 praeparatus,
1244 4357 1362 4413 baccilia
1378 4355 1434 4431 (60)
1447 4377 1567 4433 quoque,
1584 4368 1613 4418 et
1630 4379 1690 4418 ma-

67 4454 112 4518 ipsa
122 4453 263 4508 Dominica
277 4453 359 4516 liant,
371 4450 487 4506 tertium
501 4454 530 4505 et
542 4449 688 4504 matutina
702 4447 800 4502 laudes
812 4447 847 4501 de
888 4447 1027 4519 nutergia,
1040 4453 1069 4502 et
1082 4463 1155 4518 aqua
1168 4447 1258 4502 calida
1276 4445 1312 4501 ad
1333 4447 1488 4504 abluendas
1502 4467 1613 4506 manus.
1629 4453 1689 4507 Hac

68 4535 148 4606 vigilia.
162 4541 229 4596 Post
247 4541 371 4612 primam
394 4539 540 4594 collectam
562 4536 792 4592 commemoratio
813 4535 848 4590 de
890 4538 950 4593 sola
962 4537 1030 4602 sice,
1043 4542 1194 4607 antequam
1205 4537 1307 4604 lavent,
1320 4543 1436 4608 pectunt
1446 4539 1539 4610 capita
1552 4557 1620 4610 sua;
1633 4541 1689 4598 alio

67 4622 203 4698 dominica,
227 4631 319 4684 missa
340 4626 516 4682 matutinalis
533 4625 569 4680 de
583 4625 738 4692 Dominica,
758 4625 848 4695 major
891 4625 966 4679 euim
979 4630 1107 4696 tempore
1126 4623 1204 4696 prius
1219 4624 1321 4692 lavant,
1339 4630 1436 4696 postea
1453 4628 1607 4699 pectinant.
1622 4631 1690 4686 Post

68 4711 274 4787 mugilianus
286 4733 353 4772 vero
367 4715 421 4782 die,
434 4715 507 4770 sicut
523 4714 638 4786 privetis
648 4713 755 4781 diebus,
767 4714 847 4784 signa
887 4713 946 4769 hmo
959 4719 1079 4786 pergant
1092 4713 1122 4767 in
1136 4713 1291 4779 ecclesiam,
1304 4719 1332 4768 ct
1343 4714 1416 4768 facta
1431 4716 1558 4773 oratione
1571 4718 1691 4774 induant

67 4804 191 4869 pdmntur
203 4813 233 4862 ct
245 4806 368 4878 triginta
385 4803 487 4877 psalmi
498 4805 637 4859 dicantur.
651 4801 847 4859 iuvitatorium
888 4821 918 4859 se
940 4803 976 4858 ad
999 4802 1195 4858 celebrandam
1218 4802 1344 4857 missam.
1368 4803 1503 4860 Sacerdos
1527 4806 1688 4876 honorifice,

69 4889 110 4944 duo
123 4903 231 4964 canam,
248 4895 300 4950 sed
311 4911 369 4949 non
383 4894 413 4949 in
426 4893 508 4948 albis.
522 4892 706 4963 Evangelium
722 4907 847 4964 pronun·
887 4893 972 4949 levita
993 4891 1153 4956 dalmatica,
1175 4891 1230 4946 duo
1252 4891 1416 4947 subdiaconi
1438 4895 1551 4964 tunicis,
1567 4913 1640 4953 unus
1654 4899 1691 4954 ad

68 4989 142 5036 notun
154 4985 318 5058 Capitulum
331 4983 367 5038 ad
381 4988 558 5048 nocturnum.
573 4987 601 5036 ct
610 4979 699 5036 oratio
710 4986 740 5036 et
751 4997 848 5036 versus
890 4982 1075 5055 prophetiam,
1085 4987 1113 5036 et
1122 4982 1193 5036 alter
1204 4981 1240 5034 ad
1250 4981 1413 5051 Epistolam,
1424 4983 1459 5036 ad
1469 4986 1687 5057 responsorium,

68 5065 93 5120 de
112 5071 209 5142 sigilla.
227 5073 339 5129 Cretera
361 5071 433 5127 sicut
455 5070 601 5126 retroactis
619 5069 727 5138 diebus,
743 5070 849 5125 scilicet
889 5077 918 5127 ct
933 5071 1055 5138 alleluia,
1072 5075 1142 5142 quot
1156 5075 1254 5124 cantor
1267 5071 1440 5142 praeceperit,
1457 5079 1486 5127 ct
1499 5073 1528 5126 hi
1542 5073 1571 5128 in
1584 5074 1688 5146 cappis,

68 5155 169 5216 officinm
184 5158 720 5226 mortuorum,matutinaedeomnibus
733 5161 846 5226 sanctis,
888 5167 947 5216 tres
969 5159 1104 5224 conversi,
1125 5165 1183 5214 tres
1205 5163 1333 5214 cantores
1358 5159 1388 5213 in
1411 5161 1506 5228 choro,
1531 5168 1597 5216 aute
1620 5179 1690 5234 quos

69 5247 166 5305 nantes
188 5251 218 5308 in
240 5251 439 5307 dormitorium
457 5250 569 5314 radant,
591 5253 620 5303 et
642 5248 672 5303 in
695 5248 848 5320 capitulum
890 5251 945 5304 dno
963 5247 1131 5304 candelabra
1152 5265 1216 5303 cum
1239 5247 1327 5302 cereis
1346 5250 1478 5315 accensis,
1494 5249 1615 5306 infantes
1628 5267 1690 5306 om-

68 5345 233 5399 rerertaetur.
250 5339 295 5394 Ad
312 5339 410 5394 laudes
422 5339 495 5394 sicut
518 5337 581 5392 aliis
592 5334 701 5403 diebus,
723 5337 849 5408 pulsetur
890 5353 949 5393 nes.
980 5337 1113 5392 Pulsatur
1134 5337 1282 5392 classicum
1304 5335 1376 5408 (61),
1404 5341 1432 5390 et
1454 5343 1519 5408 post
1543 5337 1691 5396 inchoetur

92 5441 302 5511 (talamarum
325 5448 398 5504 sorte
418 5445 515 5519 pelvis,
531 5444 678 5502 vernacule
700 5447 792 5500 bossin
805 5445 849 5500 rel
923 5442 982 5570 iffi)
998 5443 1150 5528 Classicum
1166 5443 1212 5498 hic
1225 5443 1346 5526 sumitur
1358 5441 1403 5523 rel
1414 5458 1465 5512 pro
1479 5443 1579 5526 ultimo
1594 5446 1689 5528 signo,

69 5509 150 5582 loquat.
890 5532 922 5571 re
942 5532 993 5587 pro
1003 5531 1105 5587 maJon
1114 5531 1260 5588 campana,
1275 5529 1306 5569 m
1320 5519 1392 5570 turn
1405 5512 1528 5572 ecclcsiae
1542 5521 1642 5592 posita.
