3856 6176
168 304 223 364 sev
292 293 294 300 ’
658 313 690 369 a.
710 315 920 375 nummum
939 319 1118 378 envrunn.
1138 317 1307 375 necarer.
1748 298 1803 359 4⁴8

170 433 325 492 induantur
339 437 386 508 qui
400 436 567 492 celebraturi
580 441 647 493 sunt
659 439 784 507 missam,
795 447 823 496 et
838 443 1001 506 servituviA
1011 444 1103 500 videre
1118 443 1238 515 qualiter
1252 457 1281 496 se
1295 436 1418 494 habeant
1438 435 1566 508 magistri
1581 437 1609 489 et
1622 431 1755 499 intentes,
1777 429 1808 482 et

172 532 238 580 sunt
251 526 286 581 ad
294 527 418 581 missam.
431 527 538 592 Quarta
546 534 575 583 et
583 533 661 583 sexta
672 529 742 584 teria
752 530 775 584 si
784 536 848 601 post
860 537 967 587 sextam
1008 534 1128 605 perlem
1138 532 1194 586 alia
1202 531 1251 585 ubi
1261 527 1449 584 necessarium
1460 541 1520 580 esse
1539 522 1721 596 perspexerit.
1732 521 1806 575 Cum

172 619 275 669 etante
289 615 403 670 missam
418 633 468 688 per
477 617 631 671 claustrum
652 620 809 690 processuri
820 627 896 688 sunt,
910 637 966 676 non
1007 629 1119 694 tempus
1142 619 1237 684 suerit,
1253 618 1363 692 pulsato
1385 616 1475 686 signo,
1504 611 1680 668 venientibus
1698 609 1807 683 pueris,

171 703 299 774 pulsetur
307 705 387 759 skilla
395 705 430 760 ad
441 711 608 778 apparatum
618 705 719 774 missae,
728 708 967 782 sedcumtempus
1007 713 1081 766 iacta
1095 710 1231 774 oratione,
1246 711 1383 762 canantur
1397 703 1541 758 matutinae
1561 700 1668 767 laudes,
1682 713 1809 754 comme·

171 791 356 863 processionis
372 794 539 850 secretarius
565 795 671 850 instare
685 797 869 870 prospexerit,
887 804 968 853 sonet
1008 800 1127 856 moratio
1140 799 1319 854 Sanctorum.
1338 794 1434 848 Prima
1448 808 1512 846 cum
1523 789 1638 862 psalmis
1662 785 1810 842 familiari-

170 897 260 936 unum
270 883 600 956 demediocribussignim
609 902 663 957 quo
672 886 876 953 audito,statim
886 888 967 942 silen-
1008 889 1068 954 bus,
1086 895 1114 942 ct
1128 886 1267 959 precibus,
1282 889 1312 940 et
1323 882 1446 938 collectis
1456 880 1515 936 suis
1529 895 1593 934 cum
1607 883 1716 949 septem
1730 876 1809 948 psal-

168 970 337 1027 tiumfiatin
346 973 659 1030 claustroDisealceent
668 992 707 1042 se,
725 993 825 1032 manus
839 975 964 1042 abluant,
1008 979 1071 1043 nris,
1086 984 1115 1033 et
1129 976 1237 1032 litania.
1252 975 1320 1030 Post
1332 972 1391 1027 haec
1404 972 1445 1024 ita
1459 969 1554 1025 omnia
1567 966 1678 1037 agenda
1690 969 1766 1030 sunt,
1776 969 1810 1018 ut

169 1059 200 1114 in
215 1062 360 1116 ecclesiam
372 1063 483 1132 vadant,
500 1063 628 1136 factaque
655 1063 790 1128 oratione,
807 1073 836 1122 et
849 1067 967 1139 pulsatis
1008 1067 1204 1140 supradictum
1215 1069 1256 1118 est
1268 1064 1400 1117 inmense
1414 1057 1537 1115 Octobri.
1548 1055 1807 1111 Secretarioautem

170 1145 280 1204 duobus
290 1147 388 1222 signis,
399 1149 481 1207 dietis
495 1169 556 1224 quae
570 1153 625 1208 dici
642 1155 741 1212 solent.
759 1154 967 1227 processionem
1008 1157 1125 1213 sollicite
1149 1151 1352 1226 providendum
1376 1154 1428 1216 cst,
1444 1152 1477 1202 ut
1490 1145 1541 1200 tali
1554 1146 1625 1199 hora
1651 1143 1809 1198 rnatutinas

169 1235 275 1293 iaciant
290 1239 364 1294 sicut
378 1241 407 1294 iu
422 1242 528 1298 eisdem
539 1242 638 1298 diebus
654 1244 681 1298 in
695 1245 924 1316 Quadragesima,
941 1249 969 1298 et
1008 1247 1106 1302 laudes
1120 1244 1204 1298 iaciat
1215 1239 1348 1312 incipere,
1363 1241 1502 1310 quatenus
1517 1231 1612 1288 omnia
1631 1232 1693 1286 lucc
1706 1231 1809 1284 clares·

169 1317 200 1380 in
215 1333 320 1394 aestate,
329 1329 363 1383 de
378 1346 434 1400 qua
445 1332 584 1402 posterius
598 1333 747 1388 dicendum
761 1339 804 1388 est
813 1353 819 1402 ;
829 1333 969 1405 postmis-
1010 1339 1089 1392 cente
1100 1333 1245 1389 finiantur.
1257 1330 1287 1385 Si
1314 1333 1410 1382 autem
1429 1323 1572 1380 dubietate
1587 1320 1682 1392 aliqua
1696 1318 1808 1372 deludi·

170 1429 232 1468 sam
246 1417 357 1487 pulsato
372 1419 450 1489 signo
475 1425 577 1492 agatur
597 1420 703 1490 orati0;
728 1425 792 1494 post
811 1421 967 1478 orationem
1006 1433 1063 1492 tur,
1080 1430 1109 1479 et
1121 1421 1227 1494 aliquid
1242 1418 1332 1474 noctis
1342 1420 1406 1488 post
1418 1412 1545 1468 litaniam
1559 1409 1654 1475 suerit,
1671 1407 1744 1461 sieut
1762 1423 1810 1462 su·

169 1504 308 1559 vadantin
317 1507 626 1582 relectoriumaccipere
634 1513 748 1568 mistum
757 1511 967 1567 hebdomadarii
1007 1532 1058 1588 pra
1073 1515 1102 1569 in
1118 1512 1208 1584 primo
1223 1506 1368 1564 intervallo
1381 1503 1421 1559 ita
1435 1519 1469 1557 se
1479 1497 1719 1560 habeantfratres,
1734 1494 1811 1548 vide·

171 1594 306 1664 coquime,
318 1601 346 1650 et
359 1613 462 1652 mensae
476 1599 572 1654 lector.
599 1600 628 1655 Si
643 1617 708 1656 vero
723 1601 772 1656 alii
786 1602 843 1658 sint
855 1601 903 1675 qui
916 1617 967 1673 pro
1007 1606 1073 1660 licet
1087 1609 1117 1658 ut
1131 1605 1232 1674 preter
1241 1595 1378 1667 sanguiue
1393 1593 1517 1647 minutos
1531 1588 1626 1643 nullus
1637 1589 1759 1640 telmai
1773 1583 1811 1636 ³⁶¹

170 1681 294 1736 utilitate
303 1685 425 1740 ecclesiae
431 1689 533 1760 majori
541 1691 632 1746 missae
639 1709 694 1747 non
704 1692 811 1764 possint
819 1691 966 1758 interesse,
1010 1700 1140 1750 stratum.
1158 1689 1336 1745 Clarescentc
1350 1699 1415 1740 vero
1429 1680 1485 1747 die,
1497 1681 1598 1733 exeant
1608 1676 1638 1730 in
1651 1674 1808 1728 claustmm

169 1767 201 1822 in
213 1777 352 1840 potestate
367 1774 475 1831 abbatis
488 1777 531 1832 vel
545 1780 647 1851 prioris
667 1787 761 1849 255
781 1784 819 1837 sit
832 1788 926 1837 utrum
942 1767 1117 1848 etBsederc,
1133 1780 1176 1837 ad
1196 1775 1409 1851 completorium
1429 1771 1552 1846 hymnus
1576 1765 1681 1822 Christe
1695 1765 1744 1832 tuf
1760 1762 1813 1815 Μ

169 1857 224 1929 ipsi
236 1861 349 1916 mistum
362 1865 496 1936 accipere,
509 1879 538 1921 et
549 1874 684 1932 statutam
690 1871 969 1927 hebdomadariisde·
1009 1893 1045 1944 es,
1061 1881 1085 1930 et
1100 1877 1167 1934 dies.

170 1945 257 2002 beant
266 1952 452 2020 quantitatem
462 1956 553 2028 papie,
567 1964 596 2012 ct
610 1965 692 2030 petus
714 1960 826 2016 babere.
837 1961 892 2016 Alii
904 1978 969 2016 vero
1064 1965 1164 2020 Secuto
1179 1962 1215 2016 11.
1229 1989 1262 2001 -
1275 1961 1316 2016 Ab
1329 1959 1455 2017 Adventu
1464 1958 1501 2011 ad
1514 1954 1758 2024 Septaapesimavn.

171 2033 274 2090 iratres
286 2038 399 2094 interim
422 2043 453 2096 in
467 2045 551 2099 choro
571 2047 696 2114 sedeant,
711 2054 740 2103 ct
758 2047 805 2120 qui
819 2049 968 2117 voluerint,
1045 2051 1191 2107 Dominicu
1203 2055 1268 2105 aute
1275 2049 1433 2104 Adventum
1440 2045 1551 2102 Domini
1564 2048 1682 2099 canatm
1691 2039 1813 2096 historia

130 2207 136 2214 1
171 2120 632 2194 legentservitoribusinchomm
643 2137 833 2201 redeuntibus
843 2139 971 2210 pulsetur
1010 2144 1045 2198 de
1057 2146 1154 2197 sancta
1166 2138 1442 2209 Trinitate,hymnus
1452 2138 1546 2190 Primo
1560 2136 1682 2195 dierum,
1694 2129 1810 2203 psalmi,

172 2211 296 2291 signum,
309 2223 438 2274 cantetur
449 2238 533 2278 nona.
545 2225 663 2280 (lentata
676 2243 750 2281 nona
769 2233 878 2294 exeant,
894 2227 971 2299 prior
1010 2234 1135 2297 Domine,
1160 2232 1191 2283 ia
1217 2231 1330 2294 uirtute,
1348 2231 1377 2282 et
1390 2224 1503 2296 reliqui.
1518 2224 1550 2278 ln
1571 2222 1655 2276 tertio
1670 2224 1812 2276 nocturno

173 2301 969 2388 adpercutiendumeymbalum,hebdomadariicoquinae,
1012 2319 1211 2394 pronuntietur
1243 2315 1423 2388 Evangelium
1448 2332 1454 2366 τ
1490 2313 1559 2367 dara
1589 2311 1759 2374 aestimasset,
1783 2313 1813 2361 et

173 2394 203 2443 et
216 2393 308 2448 ceteri
323 2396 371 2466 qui
387 2399 517 2454 servituri
532 2410 598 2458 suut
613 2403 650 2457 ad
664 2405 789 2474 injuncta
802 2404 853 2458 sibi
868 2405 970 2461 officie.
1012 2410 1086 2466 idem
1111 2410 1222 2480 legatur
1240 2424 1258 2461 a
1275 2405 1419 2461 secerdote
1444 2400 1575 2456 revestito
1603 2415 1666 2454 cum
1694 2397 1814 2451 collecta

209 2481 342 2540 Kolenda
357 2485 531 2557 Novembris,
545 2491 569 2544 si
583 2493 628 2546 dic
656 2493 801 2548 Dominica
817 2495 969 2562 evenerint,
1012 2487 1811 2565 tractationem.lidleudespsalmiDomiaasrepaauit.

173 2567 310 2626 festivitas
323 2575 451 2630 omnium
480 2578 646 2636 Sanctorum
670 2581 832 2638 solemniter
850 2590 969 2654 agatur3
1012 2587 1181 2660 Antiphone
1202 2585 1236 2640 de
1259 2583 1406 2646 Trinitate,
1423 2587 1451 2636 et
1476 2578 1606 2634 similiter
1624 2591 1708 2647 super
1727 2575 1814 2628 horas

173 2660 356 2728 sequentibus
366 2681 430 2719 vero
444 2667 560 2738 privatis
572 2669 670 2725 diebus
684 2671 862 2742 responsoria
875 2672 971 2727 dican·
1013 2695 1102 2750 usque
1126 2676 1163 2731 ad
1186 2675 1334 2746 Vesperas,
1355 2687 1418 2728 cunr
1432 2667 1571 2743 capitulis,
1586 2670 1615 2722 et
1627 2662 1761 2729 versibus,
1784 2667 1815 2717 et

173 2749 222 2799 tur
238 2749 298 2802 Vidi
307 2752 468 2822 Poeninum,
481 2762 510 2812 et
519 2757 654 2814 lectiones
666 2760 756 2831 longa
770 2778 803 2815 ex
816 2762 969 2834 prophetis.
990 2765 1145 2829 'collectis
1161 2765 1197 2820 ad
1216 2761 1383 2818 Benedictus
1404 2759 1568 2832 antiphona,
1596 2761 1625 2811 ct
1642 2755 1758 2810 collecta
1776 2753 1814 2806 de

173 2833 204 2889 Si
219 2852 283 2892 vero
298 2839 356 2895 dies
370 2843 560 2901 Kalendarum
573 2847 642 2902 seria
655 2851 787 2916 secunda,
801 2856 852 2906 aut
874 2852 968 2919 tertia,
1011 2853 1233 2910 Trinitate.Post
1242 2850 1386 2905 collectam
1397 2845 1670 2917 dicaturantiphona
1681 2859 1713 2896 cx
1724 2842 1816 2896 Evan-

172 2930 223 2979 aut
233 2933 334 2996 quarta
342 2933 475 3002 evenerit,
487 2937 662 3006 precedente
672 2939 817 2994 Dominicu
825 2940 972 2995 inchoetur
1011 2943 1085 3015 gelio
1098 2943 1167 2997 dura
1181 2943 1354 3006 sublevasset,
1368 2953 1432 2992 cum
1444 2935 1634 3001 Glorial'atxv',
1650 2946 1747 2985 versus
1758 2931 1814 2984 Do-

171 3013 291 3070 historia
314 3020 376 3074 Vidi
396 3023 557 3093 Dominam,
578 3027 628 3082 sed
642 3033 739 3082 tamen
752 3029 899 3084 intervalla
914 3046 971 3085 non
1012 3036 1107 3086 asinas
1121 3033 1257 3100 reperavit,
1274 3029 1390 3084 collecta
1410 3027 1516 3090 Eccita,
1534 3025 1659 3088 llemine,
1671 3036 1764 3075 sermo
1782 3019 1813 3072 in

170 3101 227 3157 nisi
240 3111 304 3175 post
329 3108 469 3166 Kalendas
494 3111 638 3186 incipiant.
656 3117 685 3172 Si
706 3133 770 3172 vcro
801 3121 909 3190 quintu,
929 3087 1002 3174 velC
1013 3116 1366 3192 capitulo,etmatutinalis
1377 3111 1669 3174 missadeDominica,
1681 3107 1816 3178 majordo

171 3197 250 3246 sexta
264 3193 342 3260 feria,
360 3198 402 3252 vel
433 3200 554 3257 Sabbata
582 3204 715 3259 Kalendae
739 3207 905 3271 exstiterint,
927 3224 971 3261 se·
1013 3217 1110 3265 sancta
1119 3208 1266 3264 Trinitate.
1284 3206 1313 3260 Si
1336 3204 1473 3259 festivitas
1498 3199 1644 3256 duodecim
1658 3198 1817 3253 lectionum

172 3288 277 3350 queutc
288 3283 433 3342 Dominiee
447 3289 594 3345 inchoetur
613 3293 741 3358 historia,
749 3300 777 3348 ct
788 3295 921 3350 lectiones
936 3313 971 3351 ex
1012 3298 1145 3364 evenerit,
1158 3312 1215 3352 non
1227 3300 1353 3352 mutetur
1365 3294 1427 3364 ipsa
1440 3291 1588 3347 duodecim
1597 3288 1748 3344 lectionum
1757 3285 1817 3339 fes-

171 3371 330 3442 prophetis;
342 3375 476 3432 lectiones
485 3394 549 3433 vero
558 3381 690 3450 grandes,
709 3388 737 3436 et
750 3383 897 3438 intervalla
907 3401 971 3440 mox
1011 3387 1114 3442 tivitae.

171 3464 237 3528 post
244 3459 423 3518 festivitatem
432 3465 654 3525 inchoentur.ab
660 3471 712 3524 hac
721 3472 872 3527 festivitate
882 3489 970 3544 usque
1048 3474 1169 3530 Sabbata
1180 3473 1354 3545 praecedente
1368 3469 1544 3525 Dominicam
1561 3468 1596 3522 de
1610 3467 1737 3520 Adventu
1751 3464 1818 3520 Do-

173 3547 210 3599 ad
224 3548 352 3618 quintam
363 3552 460 3608 teriam
471 3559 537 3610 ante
551 3557 669 3628 Pascha,
681 3560 735 3614 nisi
752 3560 800 3614 ubi
823 3561 970 3617 duodecim
1011 3563 1260 3632 mini,dimittatur
1269 3562 1304 3616 ad
1316 3576 1445 3632 vesperas
1455 3557 1544 3614 oratio
1555 3557 1589 3610 de
1613 3571 1703 3621 cruce,
1719 3570 1819 3624 usque

171 3634 316 3706 lectiones,
351 3649 401 3698 aut
429 3650 526 3700 octava
543 3647 658 3712 luerint,
679 3655 825 3716 canantur,
853 3653 969 3723 privatis
1010 3653 1045 3708 ad
1058 3659 1168 3708 octavas
1183 3650 1356 3724 Epiphaniae.
1384 3649 1413 3704 Si
1427 3647 1565 3702 festivitas
1590 3642 1819 3700 sanctiAndroae

172 3722 282 3792 diebus,
303 3735 367 3798 post
395 3733 535 3788 orationes
554 3740 620 3790 ante
639 3737 731 3791 officia
750 3744 897 3805 nocturna,
918 3739 969 3793 tri-
1010 3741 1040 3796 in
1059 3742 1112 3796 hac
1126 3741 1171 3796 die
1200 3739 1333 3804 evenerit,
1358 3742 1479 3808 agantur
1503 3733 1624 3806 pleniter
1634 3746 1755 3802 vespera
1777 3731 1818 3786 de

171 3811 253 3882 ginta
259 3817 360 3886 psalmi
370 3820 456 3876 abac
467 3825 618 3878 Dominum
632 3843 695 3880 eam
709 3829 872 3896 tribularer,
882 3844 972 3899 usque
1011 3831 1146 3901 apostolo.
1163 3829 1262 3883 Finitis
1280 3826 1403 3897 vesperis
1416 3823 1567 3895 incipiatur
1576 3819 1730 3892 antiphona
1744 3819 1818 3874 Ecce

174 3899 271 3956 Omnis
289 3909 406 3974 spiritus
425 3913 518 3966 laudet
531 3913 692 3969 dominam.
708 3915 796 3969 Primi
811 3916 906 3971 decem
921 3934 972 3988 pro
1013 3937 1113 3974 nornen
1134 3921 1247 3974 Domini
1261 3933 1325 3974 eum
1347 3917 1444 3972 Gloria
1457 3915 1545 3969 Patri.
1561 3911 1642 3966 Dicta
1655 3908 1817 3980 antiphona

171 3990 311 4048 defunctis
317 3995 377 4052 sine
389 3998 504 4068 Gtor·ia;
522 4007 671 4073 sequentes
684 4005 780 4059 decern
795 4022 846 4076 pro
859 4022 972 4076 congre·
1012 4012 1148 4080 sequatur
1159 4023 1257 4062 versus
1273 4012 1302 4060 et
1315 4004 1431 4059 collecta
1443 4003 1478 4056 de
1493 4001 1614 4056 adventu
1636 3996 1758 4052 Domini.
1779 3997 1818 4052 In

170 4081 284 4150 geticae
299 4082 357 4139 bini
370 4103 433 4141 cum
444 4105 502 4168 una
515 4091 619 4159 Gloria,
634 4093 752 4148 extremi
766 4094 862 4150 decem
872 4111 922 4165 pro
932 4096 971 4150 fa·
1011 4096 1133 4150 crastino
1146 4118 1148 4125 ¹
1160 4095 1195 4148 ad
1216 4092 1418 4152 invitatorium,
1433 4091 1489 4145 duo
1515 4089 1617 4142 iratres
1635 4085 1664 4139 in
1679 4083 1759 4147 albis,
1782 4084 1817 4140 in

169 4170 328 4227 miliaribus
352 4180 381 4229 et
402 4175 642 4250 benefactoribus3
665 4187 694 4236 et
714 4181 743 4236 hi
764 4182 824 4236 bini
838 4200 902 4238 cum
915 4200 971 4239 una
1011 4185 1076 4239 sede
1090 4183 1239 4256 episcopali
1254 4184 1282 4237 in
1297 4181 1402 4252 cappis.
1412 4181 1448 4235 Et
1463 4177 1623 4247 ubicunque
1635 4174 1818 4228 ordomona-

172 4257 277 4324 Gloria,
293 4262 398 4333 singuli
419 4281 483 4320 cum
504 4268 642 4338 precibus,
659 4275 687 4324 et
701 4271 824 4326 collectis
848 4273 915 4327 suis.
936 4273 971 4327 Et
1011 4274 1127 4328 chorum
1143 4272 1190 4344 qui
1203 4271 1248 4326 hic
1262 4269 1437 4333 describitur,
1450 4267 1485 4322 ad
1510 4264 1711 4327 invitatorium,
1733 4265 1762 4314 et
1775 4261 1817 4315 ad

171 4353 236 4417 post
246 4358 383 4407 nocturna
395 4361 423 4408 et
443 4355 596 4412 familiares
611 4359 743 4430 psalmos,
755 4360 885 4416 Officium
898 4377 971 4415 mor·
1013 4361 1189 4426 Benedictus,
1204 4366 1233 4414 et
1248 4359 1282 4414 ad
1297 4357 1458 4428 Magrrilveat
1472 4352 1633 4426 precipitur
1647 4365 1708 4405 esse
1722 4349 1751 4404 in
1767 4350 1817 4404 al-

169 4438 296 4508 tuorum,
313 4445 341 4494 et
355 4445 499 4499 matutinae
509 4446 607 4501 laudes
621 4447 656 4502 de
670 4448 800 4504 omnibus
810 4450 919 4504 Sanctis
943 4409 1065 4506 etDbis.
1081 4451 1114 4506 ln
1128 4450 1194 4504 sede
1208 4447 1359 4520 episcopali
1374 4445 1534 4500 institutum
1544 4447 1588 4496 cst
1597 4455 1658 4495 esse
1665 4439 1695 4493 in
1702 4438 1816 4508 cappis.

175 4524 366 4594 Verbamea,si
388 4531 570 4589 tricenarium
586 4535 700 4590 habent.
714 4537 969 4593 Posthaecdeseen·
1013 4540 1158 4595 Lectiones
1169 4539 1203 4594 de
1218 4536 1293 4592 Isaia
1304 4535 1443 4607 propheta
1465 4548 1553 4603 usquc
1578 4530 1613 4584 ad
1632 4527 1817 4583 nativitatem

170 4613 269 4670 dentes
279 4633 294 4671 e
304 4616 467 4675 dormitorio
477 4623 632 4678 sedeantiu
654 4625 755 4695 ellare,
773 4627 969 4682 iniantescum
1010 4628 1132 4684 Domini.
1148 4628 1181 4682 In
1190 4625 1336 4680 matutinis
1350 4621 1479 4678 laudibus
1493 4618 1595 4692 psalmi
1603 4619 1730 4672 Miserere
1741 4619 1817 4686 raei,

170 4701 359 4762 luminaribus
372 4708 401 4762 in
412 4710 694 4784 capitulodiligenter
703 4731 719 4769 a
728 4716 870 4787 magistris
879 4722 971 4772 custo·
1010 4719 1091 4778 Deus,
1106 4722 1134 4772 et
1148 4715 1258 4784 reliqui.
1274 4712 1316 4768 Ad
1331 4710 1499 4767 Benedictus
1515 4706 1645 4762 sacerdos
1655 4704 1755 4759 inalba
1767 4704 1816 4760 in-

170 4791 294 4862 diantur,
311 4803 443 4854 canentes
454 4800 528 4870 quod
547 4803 736 4858 necessarium
750 4804 812 4868 erit,
830 4811 880 4860 aut
894 4805 918 4859 si
930 4808 971 4861 ni·
1012 4810 1108 4862 censet
1121 4804 1230 4859 altaria.
1245 4801 1290 4857 Ad
1310 4805 1407 4868 25⁰
1428 4798 1551 4854 Primam
1578 4793 1742 4866 capitulum,
1758 4794 1817 4848 Do·

170 4881 225 4936 mis
250 4884 389 4954 profunda
409 4895 490 4942 nocte
511 4891 692 4958 surrexerint,
708 4898 828 4964 pausent
843 4896 971 4965 jacentes
1011 4898 1098 4960 raiae,
1114 4893 1352 4957 vrvieercreaostri,
1364 4887 1494 4943 omuibus
1510 4884 1664 4941 Dominicis
1678 4888 1707 4937 et
1728 4882 1815 4936 sestis

170 4971 207 5026 ad
219 4973 318 5028 sedilia
328 4991 389 5030 sua.
405 4977 462 5031 lsto
477 4978 622 5034 intervallo
637 4980 721 5035 debet
734 4981 811 5052 prior
824 4999 887 5036 cum
904 4983 969 5039 abs·
1012 4981 1151 5038 diebusad
1159 4980 1340 5036 Nativitatem
1349 4977 1472 5033 Domini.
1489 4977 1584 5032 Gloria
1591 4976 1623 5028 in
1630 4975 1741 5026 excelsis
1752 4971 1814 5026 Deo

171 5077 257 5116 consa
267 5078 383 5119 accensa
396 5066 478 5134 (caece
497 5067 618 5136 laterna)
636 5070 817 5140 percharum
831 5070 872 5124 ire
887 5073 971 5126 aevi·
1011 5071 1127 5126 minime
1141 5071 1260 5135 dicatur,
1277 5068 1314 5122 ad
1327 5068 1464 5137 majorem
1490 5064 1604 5118 missam
1626 5062 1759 5115 diaconus
1781 5067 1814 5114 et

169 5149 236 5206 dere
252 5167 335 5223 quam
348 5154 516 5224 regulariter
527 5157 662 5225 sedeunt3
678 5157 779 5212 deinde
794 5176 845 5230 per
858 5160 968 5228 altaria,
1011 5159 1197 5216 subdiaconus
1211 5157 1313 5212 casulis
1340 5157 1398 5218 siut
1417 5153 1518 5209 induti.
1534 5149 1687 5206 Dominicis
1702 5152 1730 5202 et
1744 5147 1814 5203 aliis

169 5243 197 5294 et
207 5241 335 5296 membra
344 5243 566 5330 monasterii,ne
578 5247 650 5300 torte
666 5245 767 5319 aliquis
781 5247 820 5301 ibi
834 5247 965 5304 dormiat.
1007 5249 1098 5318 festis,
1114 5249 1216 5322 quibus
1239 5245 1386 5302 duodecim
1402 5243 1537 5298 lectiones
1560 5239 1677 5303 iaciunt,
1693 5236 1814 5307 adipem

169 5327 199 5383 Si
213 5345 278 5384 vero
293 5330 417 5401 aliquem
441 5339 570 5387 orantem
597 5334 745 5399 invenerit,
769 5334 886 5391 silenter
902 5353 967 5409 per·
1009 5336 1203 5394 comedant.Si
1211 5334 1347 5390 festivitas
1366 5331 1455 5386 saneti
1463 5330 1582 5385 Andreae
1589 5327 1676 5382 inhac
1685 5325 1731 5380 die
1745 5340 1814 5378 eve-

167 5423 304 5475 transcat.
319 5420 399 5485 Quod
415 5421 439 5475 si
463 5422 587 5494 aliquem
610 5423 796 5478 dormientem
818 5428 964 5496 repererit,
1008 5427 1092 5493 nerit,
1103 5425 1277 5497 praecedente
1284 5423 1406 5478 Sabbata
1415 5420 1487 5474 sicut
1495 5418 1524 5472 in
1537 5416 1642 5487 vigilia
1647 5415 1811 5486 jejunetur,

170 5506 300 5580 evigilato
314 5510 343 5563 in
356 5511 483 5576 chorum,
502 5511 581 5582 signo
595 5513 678 5579 iacto,
697 5513 799 5568 reverti
812 5514 964 5586 praecipiat.
1008 5521 1036 5570 et
1047 5516 1134 5570 missa
1147 5515 1182 5569 de
1195 5512 1298 5584 vigilia
1311 5510 1421 5564 dicatur
1437 5502 1681 5561 :commemoratio
1701 5501 1737 5555 ad
1756 5517 1812 5554 ve-

168 5596 275 5656 Deinde
289 5598 372 5653 debet
385 5617 436 5670 per
445 5601 602 5654 claustrum
612 5607 641 5656 et
655 5600 685 5656 in
698 5601 853 5673 capitulum
866 5603 917 5673 ire,
934 5621 966 5660 ac
1007 5621 1113 5678 speras,
1127 5609 1156 5661 et
1168 5603 1198 5658 in
1208 5601 1331 5656 crastino
1341 5599 1377 5654 ad
1389 5596 1545 5654 matutinas
1560 5593 1667 5660 laudes,
1681 5589 1814 5650 etmissa
