3856 6176
74 309 111 369 til
509 301 675 358 bechura
695 301 767 358 PRO
786 299 924 357 ORDINE
942 300 973 356 S.
991 297 1192 356 BENEDIGTI.
1615 305 1668 364 458

72 437 123 490 ituro
134 433 262 504 portarum
276 428 395 483 honeste
408 423 492 482 debet
504 441 566 481 esse
587 431 702 497 paratus
724 431 753 482 et
765 443 829 482 cor·
838 429 862 486 Α
871 423 1030 490 Defunctis;
1046 421 1169 478 officium
1176 421 1360 490 Mortuerum,
1373 422 1448 496 quod
1462 427 1527 498 post
1537 439 1669 485 mensam

72 523 120 578 duis
132 518 227 594 [auleis
236 534 281 572 eeu
290 513 443 590 tapetibus}
454 520 484 570 et
496 513 663 571 dorsalibus.
870 512 924 567 dici
936 513 1008 566 solet
1021 527 1077 566 non
1103 511 1212 566 dicatur
1223 530 1230 578 ;
1253 512 1374 582 hymnus
1397 511 1434 568 ad
1454 515 1668 588 completorium

95 610 180 666 Taliter
193 606 317 662 ordinata
332 603 465 670 statione,
487 609 590 660 canam
608 605 689 676 pueri
711 605 746 660 de
769 605 830 660 loco
873 603 915 668 Te,
933 604 1003 655 lucis
1013 607 1077 655 onte
1093 603 1257 666 terminum,
1271 601 1319 671 qui
1333 601 1463 658 similiter
1474 605 1610 661 dicendus
1624 613 1668 662 est

71 703 155 772 apto,et
164 697 207 769 qui
220 699 356 767 precepto
366 693 489 748 cantoris
501 709 565 749 cum
575 693 616 748 eis
630 699 723 760 eruut,
735 695 829 750 Gloria
852 689 1000 746 ‘omnibus
1012 688 1110 744 diebus
1124 704 1212 759 usqua
1223 689 1259 742 ad
1274 689 1414 746 Kalendas
1424 693 1668 752 Novembris.Post

71 792 123 851 laus,
135 791 159 842 et
177 785 299 840 similiter
313 783 415 838 chorus
433 781 610 854 respondeat.
632 783 726 848 Pueri,
742 785 828 838 lsrael
869 779 1082 850 completorium
1094 779 1204 834 cortina
1214 779 1380 849 deponatur.

71 895 88 930 u
99 883 121 930 tu
132 878 185 938 lea,
197 879 223 928 at
231 874 343 938 chorus,
355 874 408 928 Oui
418 875 524 940 puerile
539 873 619 924 decus
626 889 635 935 ,·
653 871 721 925 item
736 872 826 943 pueri,
905 868 987 923 Peria
998 868 1096 938 quinta
1103 872 1146 922 tot
1156 867 1279 922 candelae
1288 869 1546 928 accendanturante
1556 875 1664 942 letare,

70 967 123 1020 Plebs
137 965 236 1018 llelraa
255 963 315 1025 tibi,
343 965 372 1014 et
397 959 509 1022 chorus,
536 960 592 1014 Cui
615 962 722 1028 puerile
732 975 743 1026 ;
761 959 828 1014 item
872 961 942 1028 quot
956 956 1125 1028 antiphonas
1142 961 1170 1010 et
1186 961 1255 1026 quot
1268 958 1447 1026 responsoria
1459 962 1567 1016 cantari
1583 979 1667 1034 opor·

70 1052 136 1124 poeri,
149 1053 232 1108 dctus
242 1052 273 1104 in
287 1052 408 1114 mauis,
424 1053 454 1102 et
463 1048 576 1114 chorus,
592 1049 687 1104 dtoru'o
698 1049 830 1104 tenallia
872 1050 921 1100 tet.
939 1045 1039 1100 Finitis
1045 1044 1136 1098 tribus
1150 1043 1324 1099 orationibus
1336 1046 1465 1102 sedentes
1480 1050 1601 1119 psallant
1612 1051 1669 1106 sin-

70 1141 128 1196 dictis
139 1139 241 1194 inchoet
251 1143 350 1192 cantor
364 1137 573 1208 responsorium
591 1139 763 1205 lnprediente
777 1139 830 1192 llo-
871 1134 931 1206 guli
944 1134 1059 1188 silenter
1069 1132 1229 1203 quindecim
1244 1133 1376 1204 psalmos,
1393 1135 1498 1206 absque
1508 1138 1603 1193 Gloria
1613 1141 1668 1194 Pe·

71 1232 140 1294 nina·
163 1233 188 1282 et
206 1225 379 1296 ingrediente
397 1224 538 1280 civitatem
559 1223 750 1296 processione,
773 1223 829 1280 duo
872 1226 920 1288 lra',
936 1239 999 1276 cum
1014 1221 1144 1292 capitulis
1167 1227 1195 1276 et
1214 1222 1336 1277 collectis
1355 1225 1506 1280 consuetis.
1522 1226 1565 1280 Ad
1587 1230 1668 1282 Pater

71 1315 337 1386 najarasignaml
358 1313 723 1384 pulsentur-,donamina
736 1312 827 1382 signa,
871 1317 962 1366 noster
980 1315 1161 1382 prosternant
1176 1327 1206 1364 sa
1228 1327 1312 1382 super
1332 1310 1445 1376 formas,
1466 1318 1495 1368 et
1517 1312 1617 1369 abbate
1633 1315 1669 1370 si-

70 1405 210 1476 processione
223 1403 348 1457 intrante
362 1401 392 1457 in
408 1403 537 1465 chorum,
551 1402 698 1472 pulsentur
712 1401 748 1455 ad
765 1401 830 1456 mis·
869 1417 956 1470 guum
980 1399 1099 1454 faciente
1118 1405 1246 1470 surgant.
1271 1401 1349 1454 Inter
1365 1401 1542 1471 psallendum
1561 1408 1590 1458 et
1603 1407 1669 1458 ante

70 1510 120 1548 am.
142 1493 181 1547 Sic
201 1491 328 1546 ordinata
343 1490 494 1561 processio,
516 1490 630 1544 veniens
652 1507 742 1562 usque
763 1495 829 1546 ante
870 1494 1037 1543 nocturnam
1047 1488 1283 1559 pulsentursigna
1291 1487 1365 1544 sicut
1374 1489 1403 1543 in
1418 1489 1565 1546 duodecim
1575 1491 1671 1547 lectio·

69 1587 140 1653 portas
159 1579 328 1642 monasterii.
351 1577 436 1634 saciat
462 1579 622 1645 stationem,
654 1579 830 1634 servantibus
871 1576 963 1632 nibus.
980 1577 1102 1632 Pulsutis
1119 1575 1250 1632 omnibns
1260 1576 1347 1647 signis
1355 1577 1467 1633 inchoet
1481 1579 1670 1639 hebdomada·

70 1670 139 1740 poeris
151 1669 270 1725 ordinem
283 1685 366 1724 suum
376 1667 451 1723 inter
464 1674 616 1738 utrumque
630 1668 757 1724 chorum.
774 1668 829 1723 De·
871 1666 930 1722 rius
945 1667 1128 1738 antiphonam
1150 1669 1230 1722 Zetus
1249 1667 1346 1721 ἀοτηαα
1367 1674 1428 1722 lua.
1445 1669 1514 1724 Cum
1530 1669 1671 1740 incipiunt

69 1765 162 1829 pomtur
171 1759 269 1814 iterum
280 1758 417 1814 feretrum
429 1773 515 1828 super
527 1772 654 1812 mensam
668 1757 754 1828 pallio
764 1771 829 1811 coe-
840 1757 1021 1836 Bpsalmum
1035 1759 1134 1827 petant
1143 1754 1254 1809 veniam
1266 1771 1351 1826 super
1363 1756 1478 1823 formas,
1490 1761 1518 1812 et
1527 1758 1563 1812 ad
1579 1762 1670 1812 matu·
1697 1806 1701 1818 ,

70 1849 261 1917 penancantor
275 1863 342 1902 nero
352 1847 392 1902 sie
402 1846 647 1917 anteaincoeptum
662 1844 831 1900 habeatres-
873 1845 948 1900 tinas
970 1844 1068 1900 laudes
1084 1843 1224 1898 similiter.
1240 1844 1295 1898 Per
1314 1844 1439 1914 singulas
1457 1843 1626 1918 antiphonas
1642 1851 1670 1902 et

69 1937 830 2006 pousodumllolleperuntponttficesuttuncpropecanta-
872 1934 984 2004 singula
992 1932 1170 2005 responsoria
1180 1931 1396 2002 exstinguantur
1404 1933 1668 2004 singulaecandela3

70 2025 400 2098 tunsit3quocantatetres
411 2032 462 2079 aut
475 2028 596 2096 quatuor
610 2025 722 2090 tratres,
738 2024 830 2078 induti
871 2021 1005 2078 lectiones
1020 2023 1081 2076 sine
1096 2023 1174 2086 lube,
1189 2023 1297 2084 domne,
1313 2021 1354 2075 vel
1376 2026 1406 2075 tu
1421 2026 1514 2076 autem
1530 2022 1670 2092 legantur.

71 2114 139 2185 cappis
150 2132 213 2186 quas
230 2113 401 2169 secretarius
417 2112 456 2166 ibi
477 2117 588 2184 paratas
603 2113 715 2178 habeat,
729 2117 832 2168 canant
872 2115 973 2170 Primae
986 2114 1092 2170 tresde
1106 2113 1353 2169 lamentationibus
1367 2113 1496 2170 ieremiae
1511 2115 1572 2170 sine
1586 2120 1672 2170 cantu

72 2219 152 2258 renum
166 2205 460 2272 l'nusautemcxipsie‚
475 2207 581 2256 stantes
595 2201 792 2257 interchorum
803 2206 833 2256 et
873 2209 901 2258 et
910 2201 1066 2275 alphabetis
1081 2201 1265 2273 prascriptis3
1290 2202 1320 2266 in
1338 2202 1461 2258 secundo
1475 2211 1622 2271 nocturno,
1637 2204 1672 2258 de

71 2291 411 2363 nlquias.Quotinito,cum
423 2307 552 2362 regressu
562 2291 829 2354 intrantecclesiam,
873 2291 1045 2363 expositione
1057 2291 1158 2362 psalmi
1168 2291 1288 2355 Exaudi,
1304 2291 1383 2356 Beue,
1400 2293 1554 2346 orationem
1568 2307 1669 2358 ancone,

71 2387 155 2436 autore
173 2381 320 2436 inchoante
335 2379 518 2452 antiphonam
534 2381 684 2448 Principes,
701 2385 730 2434 et
746 2379 832 2434 aliam
874 2397 937 2436 cum
952 2383 1092 2449 deprecor,·
1103 2379 1132 2434 in
1142 2379 1226 2434 tertio
1237 2378 1271 2434 de
1280 2379 1405 2450 Epistola
1415 2379 1496 2436 Pauli
1507 2381 1673 2436 Conuenien-

71 2469 293 2540 lppropinquobut.
306 2470 342 2525 Et
359 2469 479 2540 ingressi
499 2467 650 2523 Ecclesiam
663 2467 833 2524 taciantsta-
875 2471 946 2523 tibus
959 2471 1046 2532 vobis;
1072 2467 1234 2541 antiphona·
1253 2484 1350 2523 omnes
1365 2473 1394 2524 ct
1416 2469 1545 2526 uersiculi
1568 2469 1674 2542 absque

71 2557 148 2612 tionem
163 2575 209 2630 per
231 2558 328 2614 omnia
351 2557 472 2612 similem
490 2563 556 2612 ante
571 2556 740 2612 crucifixum
754 2557 832 2629 prius
874 2557 939 2611 linis
954 2557 1086 2612 melodia.
1099 2559 1132 2612 ln
1145 2557 1292 2612 matutinis
1303 2557 1442 2624 laudibus,
1459 2573 1522 2614 cum
1533 2557 1676 2631 incipiunt

72 2644 190 2701 letatum
208 2649 301 2719 htque
314 2646 354 2702 ibi
368 2663 385 2702 a
398 2645 490 2701 tribus
503 2647 547 2700 vel
566 2651 687 2717 quatuor
700 2645 834 2701 tratribus
876 2644 1016 2716 psalmum
1032 2647 1153 2700 loudme
1166 2646 1317 2700 Dominum
1331 2647 1363 2699 dc
1384 2649 1465 2710 calis,
1487 2646 1591 2700 radant
1612 2661 1675 2700 ma·

71 2740 170 2790 mntetm
191 2737 219 2792 in
235 2735 333 2809 cappis
352 2733 561 2807 responsorium
577 2735 833 2790 Circumdederunt.
875 2733 958 2806 gistri
970 2727 1045 2788 inter
1057 2733 1189 2798 infantes,
1201 2733 1288 2804 quiet
1301 2733 1373 2788 versi
1388 2733 1446 2788 sint
1460 2735 1495 2789 ad
1507 2734 1624 2806 priores,
1640 2734 1677 2788 si·

14 2853 15 2858 κ
72 2821 115 2884 Quo
122 2823 347 2896 mutatoincipiat
356 2822 443 2878 abbas
450 2823 661 2894 responsorium
675 2823 834 2891 Synapopm
876 2827 963 2877 cutet
975 2821 1031 2892 ipsi
1045 2821 1166 2876 infantes
1178 2840 1184 2889 ;
1197 2823 1316 2892 iuvenes
1328 2839 1403 2890 vero,
1427 2823 1475 2893 qui
1498 2823 1527 2877 in
1548 2821 1676 2878 custodia

71 2917 89 2962 et
106 2911 196 2968 intrent
214 2914 334 2968 chorum
356 2912 521 2968 sonantibus
543 2912 579 2966 ad
596 2911 712 2966 missam
738 2911 834 2981 signis,
877 2916 951 2977 sunt,
964 2911 1070 2966 mistim
1085 2911 1181 2966 sintin
1195 2911 1293 2965 ordine
1316 2911 1469 2966 seniorum.
1486 2911 1615 2966 candela
1631 2927 1677 2966 cx·

14 3007 15 3038 l
72 2998 159 3054 nissam
179 3003 330 3068 celebrent,
350 3002 460 3073 palmas
474 3007 504 3056 et
517 2999 632 3055 trondcs
654 3000 684 3054 in
707 2999 836 3055 manibus
878 2999 1059 3070 stinguantur
1073 2998 1103 3052 in
1116 3002 1176 3052 toto
1188 2997 1368 3064 monasterio,
1385 3003 1487 3069 praeter
1500 3015 1597 3067 unam,
1614 3017 1676 3072 quae

71 3085 171 3156 habeam,
186 3107 288 3163 easque
305 3095 369 3162 post
383 3089 552 3146 oblationem
567 3088 648 3160 panis
663 3093 692 3144 et
710 3087 775 3154 vini,
790 3049 906 3143 in-cin
920 3087 1005 3142 choro
1019 3087 1134 3154 ardeat3
1158 3102 1219 3158 qua
1242 3091 1271 3142 et
1290 3087 1360 3159 ipsa,
1386 3091 1500 3144 mutere
1524 3089 1676 3161 incipiente

71 3175 160 3246 dpiente
172 3180 298 3246 diacono,
308 3177 401 3234 cuncti
412 3195 462 3250 per
475 3177 602 3234 ordinem
617 3177 745 3232 offerant.
877 3183 1059 3255 antiphonam
1081 3185 1211 3238 Proditor
1228 3188 1332 3244 autem,
1357 3183 1563 3255 exstinguatur.
1579 3185 1674 3242 Finita

95 3265 186 3323 labala
212 3268 356 3324 relectorii
374 3271 512 3340 cooperta
535 3267 601 3322 sint.
627 3269 694 3322 Post
708 3282 835 3322 mensam
876 3270 1032 3343 antiphona
1045 3274 1195 3325 curventur
1214 3285 1299 3341 super
1315 3269 1419 3324 sormas
1439 3270 1493 3325 sub
1510 3271 1621 3326 silentio
1635 3273 1677 3327 di·

73 3355 194 3411 neridiana
206 3358 276 3412 hora
291 3355 322 3411 in
336 3356 415 3411 lectis
433 3355 490 3410 suis
510 3356 663 3427 quiescant.
681 3354 837 3428 Appropin·
877 3363 972 3414 centes
987 3359 1071 3426 apra
1090 3361 1199 3422 eleison,
1212 3360 1294 3412 Pater
1308 3362 1410 3425 noster,
1425 3375 1522 3430 preces
1535 3360 1590 3428 Epo
1601 3361 1674 3426 diret,

73 3446 222 3512 qomtebora
233 3463 321 3513 nona,
338 3447 432 3517 pulset
445 3446 613 3501 secretarius
620 3445 732 3517 signum
742 3437 836 3501 minus
877 3449 1002 3512 domine,
1020 3447 1159 3518 psalmum
1175 3448 1302 3501 Miserere
1319 3449 1383 3513 mci,
1409 3448 1488 3515 Deus,
1509 3449 1601 3504 solum
1615 3447 1677 3504 sine

74 3533 165 3601 uodioe;
178 3541 244 3590 tunc
262 3541 384 3607 surgant
402 3551 508 3602 ornnes,
536 3541 565 3590 et
587 3535 682 3590 lavent
695 3550 797 3590 manus
808 3538 837 3588 et
878 3537 973 3593 Gloria
984 3538 1074 3602 Patri,
1091 3535 1235 3590 collectam
1249 3537 1537 3605 ltespaaquasnmas,
1549 3539 1674 3604 Domina·

74 3617 140 3686 laea,
153 3629 179 3678 et
190 3629 309 3696 pectant
321 3641 362 3688 se,
384 3628 413 3677 et
433 3631 553 3695 pergant
573 3622 603 3677 in
621 3622 765 3678 ecclesiam
789 3639 837 3676 se·
878 3624 1013 3697 signoque
1028 3624 1100 3680 sacto
1112 3613 1148 3679 ab'
1161 3623 1262 3680 abbate
1276 3625 1319 3680 rel
1333 3624 1427 3696 priore
1441 3631 1587 3698 surgentes
1599 3626 1677 3682 incli-

74 3707 180 3782 deantque
192 3713 221 3767 in
234 3713 333 3767 choro.
350 3712 421 3766 Cum
436 3711 557 3766 infantes
576 3711 625 3765 loti
639 3711 745 3766 fuerint
759 3715 788 3765 et
801 3711 837 3766 ad
878 3719 957 3780 nent,
972 3715 1046 3768 sicut
1059 3713 1159 3779 solent,
1176 3718 1242 3767 ante
1253 3717 1410 3780 etretro,et
1419 3718 1473 3770 stet
1484 3715 1676 3788 unusquisque

75 3799 161 3854 enoria
170 3800 209 3856 ire
222 3800 504 3873 coeperint,pulsante
518 3800 609 3870 majus
623 3800 734 3870 signum
749 3815 837 3855 secre-
878 3802 907 3858 iu
929 3804 989 3858 loco
1016 3819 1067 3858 suo
1083 3807 1230 3874 usquequo
1249 3802 1384 3874 magister
1399 3803 1539 3860 intantum
1554 3806 1678 3860 laternas

72 3887 129 3954 uno,
141 3897 252 3960 surgam
265 3905 367 3945 omnes
381 3889 416 3944 de
427 3887 560 3944 sedilibus
569 3888 637 3954 suis,
651 3893 689 3954 et,
704 3887 838 3958 ingressis
878 3908 1008 3947 accensas
1026 3891 1056 3946 in
1072 3891 1188 3946 chorum
1203 3890 1319 3957 delerat,
1337 3897 1365 3946 et
1377 3891 1445 3963 ipsis
1459 3893 1613 3949 infantibus
1626 3895 1679 3952 tri·

73 3971 159 4031 dorum
171 3979 337 4058 letantibus,
346 3978 450 4033 faciant
464 3978 542 4050 prius
557 3977 723 4040 orationem,
739 3982 837 4048 postca
879 3979 948 4035 bunt
963 4002 969 4044 ς
986 3980 1155 4035 secretarius
1174 3995 1285 4051 quoque
1300 3980 1433 4035 accendat
1446 3980 1542 4037 lumen
1555 3988 1621 4038 ante
1633 3985 1675 4038 al-

72 4053 589 4138 catenenonamuuacaneaupulsato
600 4066 728 4138 cymbalo
740 4065 839 4138 aprio·
878 4075 949 4133 tare,
966 4069 1041 4123 undo
1048 4071 1165 4138 juvenes
1179 4070 1303 4123 laternas
1317 4085 1383 4124 suas
1395 4069 1557 4125 accendant.
1573 4071 1624 4126 llis
1637 4072 1678 4127 ita

25 4187 27 4275 q
73 4163 92 4200 n
108 4163 208 4225 pergant
227 4171 328 4210 omnes
350 4155 380 4208 in
401 4153 588 4210 relectorium.
618 4154 694 4209 Talis
715 4153 782 4208 ordo
804 4155 839 4209 de
880 4157 1009 4230 peractis,
1026 4162 1205 4212 revertantur
1217 4173 1315 4212 omnes
1327 4157 1363 4211 ad
1377 4158 1464 4212 lectos
1478 4175 1553 4218 suos.

70 4241 400 4299 uendianaserreturtota
413 4247 519 4304 estate.
532 4242 653 4314 exceptis
664 4241 837 4314 jejuniorum
913 4247 1082 4301 Lucesccnte
1096 4245 1152 4312 die,
1174 4245 1215 4300 ita
1237 4249 1270 4300 ut
1288 4245 1367 4316 pueri
1389 4247 1545 4316 etjuvenes
1562 4248 1624 4304 sine
1638 4250 1677 4304 la·

72 4323 150 4394 diebus,
165 4333 301 4404 usquead
314 4331 454 4387 Kalendas
471 4331 608 4388 Octobris.
844 4334 965 4425 Dternis
979 4334 1087 4406 possint
1099 4333 1317 4404 exire,pulsetur
1330 4349 1348 4387 a
1363 4335 1515 4390 secretario
1529 4339 1674 4408 paruulum

94 4414 158 4474 l'eria
170 4423 253 4478 tertia
267 4420 388 4476 radendi
403 4425 470 4476 sunt
483 4421 595 4483 tratres,
610 4421 641 4473 in
660 4419 781 4474 claustro
796 4419 835 4475 si·
877 4425 989 4496 signum
1004 4423 1232 4479 modice.Statim
1246 4428 1393 4494 surgentes
1402 4423 1503 4480 trahes
1513 4426 1637 4482 calceent
1646 4444 1676 4484 se

71 4505 224 4578 adipsadie
236 4530 244 4580 ἱ
256 4507 758 4567 etissflmfiss⁰d0b0ss10⁵⁸0ibalssess
769 4525 837 4580 ΡΜ·
878 4512 1090 4570 nocturnalibus
1106 4510 1174 4578 suis,
1190 4517 1220 4565 et
1237 4510 1277 4566 sic
1300 4511 1412 4567 veniant
1426 4513 1455 4568 in
1469 4513 1596 4582 chorum,
1612 4533 1677 4573 cur·

73 4601 153 4658 Palm·
178 4599 244 4664 ΟΜ
267 4615 325 4672 (1¹1⁰
345 4599 447 4654 ordine
468 4599 547 4662 flant,
564 4603 593 4653 el
608 4596 748 4670 quomodo
771 4597 837 4652 illuc
878 4606 976 4659 santes
1002 4619 1032 4656 se
1051 4617 1135 4672 super
1157 4600 1261 4656 formas
1284 4600 1313 4653 in
1335 4600 1433 4657 ordine
1448 4618 1509 4669 suo,
1532 4620 1677 4678 quousque

73 4686 145 4738 fatres
155 4687 193 4743 ire
205 4694 234 4743 et
247 4688 372 4760 qualiter
386 4687 426 4742 ibi
446 4704 476 4743 sa
494 4687 598 4742 habere
610 4687 738 4752 debeant,
753 4702 838 4758 supe·
880 4695 974 4757 πω
989 4690 1109 4745 infantes
1124 4687 1245 4743 veniant.
1262 4688 1317 4752 Qui
1330 4688 1398 4744 dum
1412 4691 1548 4761 venerint,
1564 4701 1678 4767 peracta

73 4767 213 4832 iudicum
229 4783 283 4845 est,
307 4793 370 4832 cum
388 4793 482 4832 sermo
497 4781 571 4831 esset
589 4777 623 4830 dc
645 4775 752 4830 balneis
772 4781 838 4831 ante
879 4779 1015 4845 oratione,
1028 4778 1157 4849 sectoque
1166 4777 1246 4848 signo
1259 4775 1294 4832 ab
1304 4777 1416 4850 abbate,
1426 4786 1676 4854 surgentaeetatim

74 4855 149 4918 [luisti
157 4867 338 4922 Nativitatem
354 4865 553 4939 preparandis,
879 4868 1159 4940 incipienthymnum
1172 4869 1236 4922 lam
1250 4869 1319 4923 lucis
1333 4875 1392 4925 arto
1401 4871 1499 4939 sidere,
1510 4873 1616 4945 absque
1625 4876 1678 4930 lico

97 4947 160 5007 l'eria
173 4963 275 5027 quarta
284 4971 342 5011 non
352 4961 455 5026 agatur
467 4953 625 5028 processi03
641 4961 741 5010 caetera
750 4971 838 5027 agan·
880 4960 960 5013 Patri
973 4960 1009 5011 sit
1020 4959 1120 5026 glorio.
1135 4956 1167 5012 Et
1179 4951 1310 5012 inchoata
1320 4958 1484 5030 antiphona,
1497 4960 1627 5018 dicantur
1635 4979 1677 5018 rc·

75 5045 103 5088 ur
113 5055 179 5098 more
190 5045 274 5100 solita
290 5045 431 5117 usquead
450 5060 591 5116 resperas.
614 5045 688 5099 Ante
708 5061 839 5116 vesperas
879 5047 992 5118 gulares
1007 5045 1118 5117 psalmi,
1140 5051 1169 5100 et
1191 5047 1352 5117 Quicunque
1366 5052 1427 5104 uult
1441 5049 1501 5105 sine
1518 5051 1613 5106 Gloria
1626 5054 1677 5107 Pa·

77 5129 676 5208 :ontimmrpsalmiueaaaaruusnostra,
692 5134 840 5206 pulsentur
882 5139 930 5190 ιη’.
946 5135 1039 5190 Finita
1056 5135 1221 5207 antiphona,
1245 5137 1353 5192 curvati
1377 5154 1462 5210 super
1470 5139 1584 5206 formas,
1601 5139 1678 5194 dicat

76 5212 130 5282 *aaa
140 5221 209 5278 sicut
221 5225 252 5279 in
264 5223 345 5278 sestis
364 5223 473 5287 diebus,
487 5223 695 5296 responsorium
716 5223 840 5278 Circum·
880 5223 1073 5297 unusquisque
1087 5225 1161 5297 apud
1180 5241 1210 5280 se
1223 5223 1253 5280 in
1263 5225 1374 5281 silentio
1389 5229 1474 5295 apro
1484 5229 1677 5289 aletramPater
1782 5213 1784 5216 ⁵

77 5301 177 5364 edeam
190 5329 242 5368 me.
252 5311 498 5367 Hebdomadan'us
510 5318 694 5384 canatpreoes
704 5313 838 5380 dpoelini¹
883 5320 983 5379 creater,
1000 5315 1083 5372 Credo
1102 5317 1135 5370 in
1150 5318 1246 5383 llenrn,
1262 5331 1359 5386 preces
1373 5331 1461 5386 usque
1475 5314 1511 5369 ad
1529 5314 1678 5372 confessio·

77 5391 168 5466 lmine,
192 5401 319 5472 psalmus
336 5401 370 5456 ad
398 5417 494 5473 preces
517 5402 691 5457 solummodo
715 5403 843 5457 Miserere
883 5421 957 5470 nem,
979 5403 1108 5476 tactoque
1128 5405 1209 5476 signo
1224 5403 1260 5458 ab
1280 5404 1390 5470 abbate,
1406 5403 1516 5458 dicatur
1529 5403 1675 5462 consessio.
1728 5387 1731 5396 Δ

78 5485 120 5546 ³¹¹}
132 5485 204 5556 deus,
224 5488 330 5562 psalmi
344 5488 481 5562 prostrati
494 5504 550 5543 non
563 5487 701 5544 dicantur.
716 5489 784 5545 Post
794 5505 842 5544 ue·
883 5492 988 5548 Deinde
996 5493 1112 5560 silenter
1121 5507 1182 5565 qum
1194 5498 1353 5564 sequuntur
1363 5491 1458 5548 dicant
1466 5509 1471 5542 :
1479 5493 1608 5550 Converte
1619 5512 1676 5564 nos,

78 5581 145 5634 ‘lats
157 5575 189 5632 de
208 5576 343 5634 omnibus
366 5577 487 5646 Salamis,
503 5577 632 5635 dicantur
649 5593 771 5649 vesperae
792 5595 843 5651 pro
884 5585 1038 5649 etcoetera5
1054 5581 1254 5646 lle'sererernei,
1265 5583 1343 5649 Deus,
1356 5579 1417 5634 sine
1427 5579 1680 5652 Gloriacohectam

165 5675 303 5740 Parnon
324 5677 387 5740 CL.
803 5717 806 5722 ‚
1525 5688 1562 5750 la
