4046 6186
219 265 287 326 toto
629 265 825 324 sunnonis
844 259 1101 322 AUGUSTODUN.
1120 261 1234 320 EPlSG.
1254 259 1441 322 EPISTOLN
1787 268 1859 326 lati

218 395 339 452 salutem
354 393 518 450 nullatenus
542 391 672 448 sufficere
686 393 839 460 valeamus,
853 408 950 448 eorum
965 387 1049 448 sui-A
1061 388 1188 459 lingonis
1203 389 1398 461 Lugdunensis
1405 391 1533 448 Ecclesia
1539 392 1746 466 archipresulis
1755 399 1786 450 et
1795 411 1863 468 apo·

216 484 337 556 fragium
352 482 510 539 necessario
523 481 602 537 nobis
618 487 663 537 est
677 482 896 554 implorandum,
907 481 955 552 qui
964 494 1021 533 non
1063 478 1167 534 stolicee
1177 479 1251 533 sedis
1262 480 1383 550 legatiet
1392 487 1499 544 nostra,
1510 487 1543 538 ut
1556 484 1716 556 quicunque
1725 485 1862 540 laicorum

217 574 307 628 solum
322 572 426 627 laboris
439 572 482 627 sui
495 571 619 626 fructum
634 572 791 644 percipere,
808 571 858 626 sed
886 575 913 625 et
939 567 1020 623 nobis
1062 582 1094 621 ex
1111 583 1277 640 quacunque
1292 571 1603 640 parochia,AEduensis,
1615 575 1663 628 vcl'
1673 574 1792 628 alterius
1806 574 1863 646 epi·

215 661 407 734 peccaminum
422 661 702 716 nostrorumneniarn
716 659 922 732 apuddirinam
937 659 1019 712 mise·
1061 663 1201 727 scopatus,
1218 657 1253 711 ad
1269 658 1410 724 ecclesias,
1431 660 1507 715 vicos
1530 667 1559 716 et
1581 661 1726 716 cimeteria
1744 663 1775 716 B.
1793 663 1864 717 Ger·

220 751 369 806 ricordiam
379 752 456 822 juste
466 755 495 805 et
509 749 553 822 pie
566 750 681 804 vivendo
701 749 828 805 obtinere
842 751 1016 804 meruerunt.
1059 745 1135 798 mani
1152 746 1312 816 coniugium
1329 749 1455 814 iecerint,
1471 755 1501 804 et
1515 740 1583 804 inibi
1598 757 1712 822 peracto
1723 751 1792 805 anni
1802 768 1865 822 spa·

217 839 343 906 Quorum
355 838 582 912 propitiationem
591 838 711 894 utnobis
721 854 927 910 comparemus,
938 850 1014 890 sacra
1056 832 1106 890 tio.
1121 836 1242 889 statione
1254 837 1296 890 nel
1324 837 1437 909 hospitii
1464 839 1632 896 necessitate
1644 841 1790 896 immorati
1803 841 1862 896 fue·

218 929 277 984 Deo
293 930 389 984 lccain
401 929 503 1000 quibus
517 945 614 982 eorum
629 928 764 982 memoria
778 927 862 998 digne
876 931 904 981 et
917 925 1018 979 lauda·
1057 922 1124 988 rint,
1139 924 1175 978 ad
1191 925 1336 980 ecclesiam
1352 927 1457 982 scilicet
1472 929 1503 1006 li.
1519 929 1636 984 loannis
1662 929 1862 1002 Evangelistae,

217 1017 313 1073 biliter
329 1018 474 1073 excolatur
488 1021 548 1072 tota
567 1016 714 1072 devotione
728 1021 890 1072 construere
904 1020 1017 1085 sataga-
1058 1027 1121 1081 quae
1135 1012 1210 1082 apud
1224 1012 1344 1068 Barrum
1359 1016 1414 1070 sita
1427 1021 1479 1082 est,
1496 1022 1526 1072 et
1539 1017 1685 1073 ecclesiam
1717 1019 1748 1074 S.
1765 1019 1863 1074 &aar

217 1123 291 1175 mus,
306 1113 337 1162 ut
350 1108 385 1162 de
399 1108 453 1162 hac
467 1107 538 1161 valle
549 1107 738 1178 lacrymarum
755 1122 853 1162 eorum
869 1121 922 1176 ope
936 1101 1017 1158 educi
1057 1099 1117 1154 nini
1130 1101 1164 1156 de
1175 1102 1305 1158 Planesia
1318 1109 1346 1158 et
1359 1105 1505 1160 ecclesiam
1517 1105 1546 1163 S·
1557 1107 1673 1162 Martini
1688 1108 1724 1162 de
1733 1108 1864 1163 Dronen·

217 1202 247 1253 et
266 1197 302 1252 ad
326 1195 497 1252 consortium
521 1195 633 1250 illorum
660 1195 870 1267 pertingenteS,
901 1193 1017 1247 tandem
1056 1188 1123 1255 tico,
1138 1190 1222 1246 liceat
1235 1193 1433 1263 predictarum
1450 1195 1631 1251 ecclesiarum
1641 1197 1760 1256 clericis.
1772 1213 1862 1269 quan·

217 1286 308 1342 Deum
323 1303 421 1342 eorum
436 1286 466 1340 in
477 1285 542 1340 Sion
555 1285 650 1340 videre
674 1300 844 1340 mercamur.
863 1282 936 1349 Quia
949 1299 1017 1353 ergo
1057 1277 1106 1334 diu
1121 1281 1309 1337 communiter
1323 1286 1351 1337 et
1375 1282 1436 1338 sine
1463 1285 1577 1357 proprio
1602 1285 1731 1353 vixerint,
1752 1285 1819 1341 illos
1829 1291 1861 1342 ut

219 1375 254 1430 B.
267 1376 439 1431 Germanum
464 1374 493 1429 in
520 1389 639 1429 numero
654 1390 751 1429 eorum
768 1372 858 1445 quiin
872 1373 923 1427 hoc
936 1371 1017 1426 nobis
1057 1370 1187 1440 proprios
1198 1371 1385 1442 parochianos
1400 1372 1514 1441 habere,
1533 1380 1562 1430 et
1576 1374 1733 1430 oblationes
1746 1391 1861 1446 eorum,

218 1464 390 1538 patrocinari
405 1469 532 1535 possunt,
548 1479 604 1519 non
619 1463 749 1519 infimum
770 1479 839 1530 esse,
850 1462 961 1516 sincera
975 1477 1018 1516 sa-
1058 1458 1256 1528 quasvivendo
1271 1475 1322 1515 seu
1337 1461 1484 1517 moriendo
1497 1479 1549 1534 pro
1571 1480 1601 1518 se
1615 1463 1781 1531 obtulerint,
1798 1481 1861 1520 sus·

218 1569 273 1608 crre
283 1553 392 1625 pagine
405 1553 541 1607 relatione
556 1553 581 1606 ei
595 1551 797 1607 miraculorum
812 1551 950 1606 evidentia
973 1549 1018 1605 di·
1058 1545 1160 1618 cipere,
1177 1548 1321 1620 etabsque
1335 1550 1420 1605 ullius
1435 1567 1562 1623 personae
1575 1551 1773 1625 inquietudine
1793 1554 1862 1608 reti·

219 1640 348 1706 dicimus,
359 1657 410 1714 ego
426 1644 524 1712 Agano
540 1639 1017 1712 licetindignus,lEduensisminen
1058 1651 1139 1694 nere.
1158 1637 1211 1701 Qui
1223 1654 1287 1693 vero
1299 1655 1330 1693 se
1343 1639 1382 1694 eis
1402 1642 1480 1712 prius
1496 1646 1528 1697 ut
1538 1641 1864 1713 parochianusnonJ‘nn·

220 1731 359 1794 Ecclesia,
372 1731 481 1786 utinam
497 1746 554 1785 non
570 1730 605 1785 ad
630 1729 830 1785 detrimentum
857 1745 962 1794 meum,
978 1728 1049 1804 (ἰὴ-Β
1060 1726 1140 1792 xerit,
1155 1725 1179 1781 si
1194 1732 1289 1784 tamen
1305 1728 1334 1783 ia
1347 1729 1402 1784 alia
1415 1730 1548 1802 parochia
1562 1731 1686 1786 moriens
1700 1731 1813 1803 aliquid
1829 1732 1864 1787 de

220 1820 450 1892 ctusepiscopus,
477 1819 571 1875 ridens
598 1819 665 1874 olim
690 1820 782 1875 locum
807 1819 837 1874 in
865 1835 921 1891 quo
943 1835 1018 1874 nunc
1059 1812 1217 1882 bonissuis,
1241 1816 1281 1872 eis
1308 1819 1352 1873 nal
1377 1836 1473 1875 eorum
1502 1820 1626 1875 ecclesiis
1654 1821 1803 1876 dimittere
1821 1821 1864 1876 rel

218 1909 343 1983 predicti
358 1909 524 1964 confessoris
538 1908 659 1964 Ecclesia
681 1908 775 1963 divino
803 1913 873 1963 nutu
895 1907 950 1962 sita
964 1912 1016 1972 est,
1058 1903 1132 1974 apud
1146 1905 1301 1974 quamlibet
1308 1924 1405 1964 eorum
1417 1909 1563 1964 ecclesiam
1571 1909 1747 1982 sepulturam
1756 1910 1864 1967 habere

220 1997 351 2069 religioni
363 1998 422 2053 lore
433 2014 599 2070 congruum,
615 2001 726 2069 utpote
749 1996 784 2051 ab
799 1996 876 2052 omni
898 1996 1019 2068 strepitu
1060 1992 1188 2060 noluerit,
1204 1995 1229 2050 si
1239 1995 1402 2070 presbytero
1417 2015 1469 2054 suo
1483 1999 1558 2071 quod
1576 1999 1714 2072 placuerit
1728 2001 1773 2055 vel
1788 2017 1864 2054 com

220 2087 350 2160 populari
360 2093 500 2143 remotum
514 2087 701 2160 quorumdam
726 2085 811 2142 etiarn
836 2086 972 2141 relatione
991 2089 1019 2140 et
1059 2087 1158 2155 petens
1172 2083 1337 2157 obsequium
1352 2088 1525 2158 persolverit,
1533 2088 1678 2160 praemissa
1690 2089 1865 2144 auctoritate

220 2177 435 2249 sepulchrorum
458 2193 521 2248 quae
543 2176 582 2230 ibi
609 2176 812 2231 cilodiebantur
839 2173 1019 2230 attestatione
1059 2172 1215 2241 firmamus,
1231 2174 1326 2230 uthoc
1340 2191 1451 2248 quoque
1471 2175 1575 2232 nullius
1589 2177 1732 2232 calumnia
1744 2177 1865 2233 velcon-

190 2278 191 2282 ’
219 2266 399 2338 comperiens
413 2266 471 2320 Deo
487 2265 629 2338 quondam
644 2281 706 2320 esse
722 2265 855 2328 dicatum,
868 2264 1018 2336 quemdam
1059 2262 1227 2318 tradictione
1241 2263 1421 2336 impediatur.
1429 2265 1595 2338 Quicunque
1610 2267 1698 2338 igitur
1712 2268 1863 2323 secularis

220 2353 301 2411 bonae
316 2352 580 2425 vitaepresbyterum
596 2351 774 2408 Bernardum
788 2351 901 2408 nornine
920 2353 955 2407 de
972 2369 1019 2408 re·
1060 2351 1105 2406 nel
1130 2351 1246 2408 clericus
1274 2354 1472 2425 praedictarum
1503 2355 1685 2411 ecclesiarum
1706 2357 1864 2412 cimeteriis

220 2443 324 2516 ligione
336 2443 462 2510 conveni,
487 2448 516 2498 et
542 2441 639 2498 u'tsub
653 2443 793 2499 canonicae
806 2442 869 2497 vitae
882 2441 1019 2498 institutis
1060 2456 1178 2513 corpora
1191 2459 1244 2498 sua
1270 2443 1383 2515 sepeHri
1406 2444 1442 2500 ad
1470 2446 1683 2502 sustentandam
1703 2464 1863 2520 pauperum

221 2532 261 2588 ibi
272 2533 330 2588 Deo
342 2538 372 2588 et
384 2536 598 2604 praememorato
613 2531 765 2587 confessori
779 2531 932 2588 deserviret
947 2547 1019 2603 sape
1060 2530 1164 2585 Christi
1179 2532 1343 2604 pauperiem
1359 2535 1557 2598 concesserint,
1572 2536 1597 2590 si
1612 2535 1711 2592 viatico
1733 2537 1861 2608 corporis

222 2638 287 2678 eum
302 2639 428 2678 monens.
441 2622 596 2678 uttandem
612 2621 727 2677 monitis
742 2621 812 2676 meis
826 2621 1021 2692 acquiesceret
1060 2624 1089 2674 et
1104 2621 1250 2692 sanguinis
1264 2623 1331 2677 lesu
1359 2623 1464 2678 Christi
1491 2625 1651 2697 praemuniti
1678 2632 1863 2697 peccatomm

223 2709 343 2778 obtinui,
359 2726 392 2766 ea
406 2709 565 2766 conditione
580 2709 757 2782 interposita.
771 2695 939 2780 utquandiu
952 2708 1021 2762 inihi
1061 2708 1264 2764 contessionem
1284 2711 1445 2778 habuerint,
1462 2731 1548 2785 quam
1572 2731 1722 2786 possumus
1735 2720 1765 2770 et
1780 2714 1867 2770 debe·

221 2799 280 2856 nita
315 2815 408 2855 comes
444 2806 527 2862 esset,
566 2803 595 2854 et
630 2816 663 2855 ex
699 2798 794 2854 divina
830 2797 1022 2853 misericordia
1062 2813 1126 2853 mus
1141 2798 1346 2855 absolutionem
1362 2802 1530 2858 auctoritate
1544 2802 1625 2858 nobis
1634 2804 1789 2859 commissa
1800 2821 1867 2859 sus-

223 2895 395 2962 oportunum
408 2890 500 2950 lieret.
512 2889 639 2959 ejusdem
649 2888 703 2943 loci
717 2887 962 2944 commoditatibus
976 2888 1021 2942 in·
1061 2887 1153 2958 cipere
1167 2893 1338 2944 mereantur·

224 2979 368 3034 servirem.
385 2978 466 3034 Unde
494 2985 592 3050 postea
615 2978 790 3050 comperiens
812 2994 829 3031 a
852 2976 1019 3050 quibusdam
1029 3024 1053 3087 G
1097 2976 1125 3032 S.
1141 2978 1284 3049 Agenoris
1298 2978 1421 3052 episcopi
1436 2979 1599 3041 AEducnsis.

222 3067 404 3141 presbyteris,
416 3067 568 3139 ingruente
593 3067 720 3130 avaritia,
740 3066 878 3139 predicte
893 3066 1020 3122 Ecclesiae
1098 3067 1127 3122 S.
1142 3066 1271 3123 Widonis
1287 3068 1490 3130 archidiaconi.

222 3158 371 3214 commodo
386 3157 526 3228 impediri,
544 3163 633 3228 etpro
645 3156 788 3212 exactione
811 3155 1018 3228 illorumque,
1098 3156 1126 3211 S.
1143 3157 1270 3227 Hugonis
1286 3159 1440 3218 archidiac.

222 3246 264 3302 illi
277 3264 347 3319 quos
360 3245 517 3319 presbyteri
527 3246 712 3318 parochianos
721 3261 787 3301 suos
803 3245 942 3311 dicebant,
963 3245 1020 3300 Deo
1097 3244 1125 3300 S.
1142 3245 1236 3300 Sevini
1250 3246 1405 3306 archidiac.
1424 3255 1453 3304 et
1464 3250 1619 3321 prepositi.

223 3334 343 3392 etbcato
355 3335 496 3392 Germano
510 3351 561 3406 pro
579 3335 704 3390 remedio
714 3334 816 3390 anime
838 3351 895 3390 sua
909 3334 1021 3389 dimise·
1098 3332 1127 3388 S.
1144 3333 1287 3405 Norgaudi
1302 3334 1409 3390 archid.
1424 3342 1453 3391 et
1465 3337 1598 3392 cantoris.

222 3429 298 3491 rant,
313 3424 459 3496 religiosos
476 3423 550 3479 viros
573 3423 734 3494 inquietari,
751 3423 838 3479 statui
854 3422 1021 3479 auctoritate
1098 3424 1126 3479 S.
1143 3423 1266 3479 Ramerii
1281 3425 1518 3498 archipresbyteri
1531 3428 1693 3484 cardinalis.

222 3514 315 3569 Patris
335 3518 364 3569 et
386 3512 450 3569 Filii
474 3517 503 3568 et
526 3513 649 3586 Spiritus
675 3513 774 3580 sancti,
795 3519 824 3568 et
851 3511 926 3568 beati
945 3511 1022 3568 Petri
1100 3513 1129 3568 S.
1142 3513 1257 3568 Roberti
1272 3514 1535 3588 archipresbyteri.-

224 3602 416 3675 apostolorum
428 3601 572 3674 principis,
587 3599 663 3656 beati
679 3617 790 3672 quoque
804 3602 916 3657 Nazarii
930 3607 1024 3674 patro-
1100 3602 1130 3657 S.
1147 3602 1273 3657 Durandi
1283 3603 1431 3674 capellani.

222 3690 253 3745 ni
266 3706 375 3746 necnon
401 3689 497 3744 domni
523 3688 652 3761 Gregorii
679 3707 767 3762 papae,
788 3689 886 3745 domni
911 3705 1023 3763 quoque

1444 3873 1862 3890 “-

547 3997 1057 4118 AGANONIS
1095 4005 1524 4121 131‘15001‘1

484 4203 537 4269 ar
559 4201 743 4272 aionon
765 4198 1043 4271 tununnensis
1067 4202 1291 4272 rnonncnn
1314 4201 1594 4272 nrrscoeonnn
1710 4279 1714 4287 ,

877 4373 1211 4471 EPISTOLA

594 4563 686 4641 enos
703 4560 888 4628 mnnnro
914 4562 1142 4628 aunonensi
1167 4563 1483 4627 incarnerscoro

749 4723 888 4806 (nam.
911 4674 1027 4786 ,tanat
1050 4723 1164 4786 amen.
1187 4725 1226 4791 v.
1248 4724 1332 4805 iro.)

260 4964 298 5039 (ll
313 4965 348 5022 A.
377 4961 502 5038 [tigano]
520 4964 782 5036 augustodunensis
810 4967 967 5041 episcopus,
987 4968 1022 5024 n.
1064 4983 1160 5023 curam
1168 4983 1270 5040 gerens
1281 4964 1409 5022 Ecclesia
1421 4963 1617 5036 Lugdunensis
1629 4977 1697 5020 cum
1710 4967 1770 5019 toto
1784 4961 1863 5037 Lug·

142 5044 146 5058 “
225 5047 401 5122 [hunaldus]
427 5047 622 5118 lingonensis,
639 5049 673 5104 G.
700 5047 886 5123 [Gualterius]
911 5051 1022 5108 Gabilo·
1063 5057 1198 5112 dunensis
1213 5051 1798 5125 Ecclesiaeconventuumnibusprovinciae
1807 5055 1864 5108 Tu·

224 5140 329 5208 nensis,
354 5139 387 5194 1..
415 5135 593 5211 lhandricus]
608 5137 784 5195 Matiscensis
817 5141 874 5197 vice
894 5143 1021 5214 primatis
1062 5147 1191 5203 nonensis
1204 5145 1352 5219 episcopis,
1366 5143 1524 5210 abbatibus,
1538 5143 1646 5199 clericis
1668 5150 1700 5199 et
1713 5143 1861 5199 monachis

261 5282 297 5353 (ll
313 5281 346 5338 In
364 5280 487 5338 Ecclesia
500 5281 657 5339 Turonensi
684 5289 751 5340 tunc
775 5285 904 5358 ingentes
917 5295 1020 5344 exorta
1059 5289 1166 5347 lebant.
1181 5291 1254 5345 ilinc
1272 5306 1320 5345 rex
1334 5288 1449 5344 Falconi
1464 5287 1588 5344 Rechino
1612 5285 1708 5342 comiti
1727 5288 1861 5358 Andaga-

225 5353 387 5410 suntturbte
418 5353 520 5409 Earum
535 5355 643 5411 occasio
652 5361 680 5411 et
694 5373 780 5412 causa
792 5374 824 5412 ex
839 5374 872 5414 ec
886 5364 953 5414 nata
964 5364 1016 5425 est,
1060 5378 1157 5418 rorum
1171 5361 1293 5432 iniunxit
1306 5367 1337 5416 ut
1352 5359 1590 5432 anhiepiscooum
1609 5359 1675 5413 sede
1690 5375 1742 5413 sua
1758 5359 1861 5428 dejice·

223 5425 299 5554 {uod
320 5425 458 5480 Radulius
480 5425 705 5499 archiepiscopus
726 5428 831 5485 faveret
856 5431 959 5486 Amata
991 5437 1021 5487 et
1059 5439 1122 5500 ret;
1139 5449 1194 5505 quo
1208 5433 1444 5504 sactopraedictus
1467 5430 1602 5486 Rodulfiis
1625 5431 1795 5501 Gregorium
1811 5449 1863 5503 pa-

251 5496 338 5568 ugoni
353 5495 450 5551 Iliensi
468 5497 608 5580 episcopo,
629 5497 703 5554 sedis
720 5501 879 5584 apostolice
906 5502 1015 5574 legatis,
1058 5521 1122 5578 pam
1138 5520 1189 5577 per
1197 5505 1312 5561 nuntios
1321 5503 1519 5576 interpellarit,
1530 5508 1562 5558 ut
1571 5518 1664 5558 comes
1674 5501 1862 5573 andegaven·

224 5568 273 5640 t1¹¹i
285 5566 674 5644 PhiliPWfflSstlepstus
689 5587 772 5643 ream
784 5574 829 5629 sni
850 5573 1018 5631 autermro-
1057 5577 1097 5634 sis
1106 5586 1135 5634 et
1148 5576 1276 5634 mnonici
1284 5575 1380 5633 Sancti
1401 5574 1527 5642 Martini,
1551 5573 1601 5648 qui
1623 5574 1686 5646 ejus
1699 5573 1813 5646 legatos
1831 5575 1863 5631 in
