3986 6184
221 271 257 332 39
644 313 646 323 .
713 263 745 318 B.
766 265 972 327 LANFRANGI
994 271 1174 332 OAN'PUAR.
1195 274 1363 330 ARGlllliP.
1823 275 1853 332 lt

220 397 343 456 mannici
351 391 822 469 imperiimagnatumlibentissimc
830 411 957 464 assensu,
969 415 1017 453 rex
1025 405 1045 462 ,A
1057 401 1148 456 mensi
1163 401 1242 456 illum
1251 399 1376 473 praelecit
1390 397 1518 454 invitum.
1531 397 1571 452 Ea
1584 403 1754 472 tempestate
1763 399 1854 454 civitas

218 487 386 555 Willclmus,
408 484 482 558 quod
500 482 678 555 potissimum
693 483 840 555 solumque
854 487 1018 558 acceptabat
1057 489 1233 561 Rothomaga
1248 489 1362 545 viduata
1376 492 1419 543 est
1433 492 1531 542 sanct>
1545 504 1577 542 ac
1590 488 1743 544 venerabili
1768 489 1854 544 archi-

218 574 1016 644 consilium,doctoremsnpramemoratum,l.anlrancum
1057 579 1175 649 praesule
1194 579 1323 635 lluurilio
1339 577 1393 647 ⁴92)
1411 596 1417 632 :
1436 583 1503 632 tune
1517 577 1608 633 clerus
1625 579 1717 634 omnis
1731 585 1761 632 et
1775 594 1856 650 popu·

218 667 333 732 scilicet,
350 664 385 720 ad
404 664 456 718 hoc
467 661 553 733 elegit
567 661 711 732 negotium
724 661 944 734 suscipiendum.
1056 666 1101 722 lus
1116 668 1278 739 congregati
1289 666 1420 722 volebant
1433 664 1661 721 substituendum
1673 667 1776 738 eligere
1790 667 1856 722 Lan·

539 748 655 806 CAPUT
664 749 698 804 V.
1057 755 1185 811 francum
1203 755 1256 824 113)
1270 773 1276 822 ;
1302 771 1399 810 verum
1415 759 1475 810 toto
1490 755 1638 810 conamine
1653 756 1700 810 ille
1716 755 1773 811 tale
1789 771 1856 810 onus

255 843 298 902 ll.
322 840 404 898 Libet
427 856 503 896 nuuc
525 839 605 910 quasi
632 838 667 892 ab
697 839 752 894 alio
773 839 887 896 exordio
915 841 1017 896 seriem
1057 843 1201 900 devitabat
1214 843 1318 910 subire,
1341 843 1487 899 humiliter
1502 844 1591 914 magis
1605 843 1721 916 cupiens
1746 843 1856 899 subesse

218 939 320 988 nosba
329 928 498 986 narrationis
512 927 644 998 dirigere,
656 927 820 999 etqnaedam
831 928 936 984 ombsa
945 930 1018 986 inse·
1058 949 1142 1003 quam
1153 949 1282 1004 preesse.
1298 934 1370 988 Nam
1384 930 1527 987 abbatiam
1538 932 1754 1000 cadomensem,
1771 949 1853 1005 quam

217 1037 280 1077 rere
294 1021 359 1088 (20),
370 1025 400 1073 et
412 1019 452 1072 sic
466 1021 567 1072 cuncta
585 1017 620 1071 de
636 1016 735 1071 eodem
753 1017 918 1084 Lanhanco,
934 1023 1018 1090 prout
1056 1020 1161 1076 invitus
1175 1028 1345 1092 susceperat,
1361 1019 1481 1076 libenter
1490 1019 1655 1086 dimisisset,
1666 1021 1690 1076 si
1705 1026 1784 1076 extra
1801 1021 1857 1076 aui·

217 1109 382 1182 poterimus,
410 1105 551 1178 prosequi.
576 1105 628 1160 Hic
653 1104 742 1175 igitur
759 1105 843 1161 homo
868 1107 1014 1177 religione,
1057 1125 1110 1165 mre
1133 1110 1277 1165 lesionem
1298 1125 1412 1180 gravem
1437 1109 1528 1164 fecere
1549 1109 1694 1165 valuisset.
1710 1110 1791 1175 Quod
1811 1127 1856 1164 rex

217 1198 356 1272 sapientia
364 1194 441 1251 omni
450 1210 508 1250 aevo
519 1192 718 1262 memorabilis,
729 1194 817 1250 nobili
827 1200 906 1250 ortus
917 1211 1017 1266 paren·
1039 1198 1213 1265 advertens,
1236 1197 1277 1269 θ’)
1302 1197 1422 1270 providit
1447 1197 1600 1268 subrogare
1627 1199 1764 1254 loannem
1791 1197 1853 1270 (tl),

217 1287 284 1355 tela,
300 1287 336 1342 ab
345 1285 427 1340 annis
442 1281 594 1355 puerilibus
608 1283 823 1338 eruditasestin
833 1284 935 1340 scholis
945 1284 1015 1339 libe·
1056 1301 1140 1358 quem
1146 1285 1370 1342 Abricatensium
1380 1286 1566 1342 mustituerat
1577 1287 1738 1358 pontificem
1749 1304 1756 1354 ς
1768 1287 1817 1341 sed
1826 1293 1856 1341 ut

217 1377 320 1433 ralinm
334 1374 438 1429 artium
450 1379 479 1428 at
492 1373 587 1444 legum
601 1371 777 1427 secularium
788 1372 824 1426 ad
837 1389 894 1428 sua
908 1389 1015 1428 morem
1056 1375 1109 1429 hoc
1124 1375 1258 1431 canonica
1285 1375 1375 1442 lieret,
1397 1375 1539 1430 licentiam
1560 1375 1673 1448 petendi
1690 1376 1784 1446 gratia
1802 1376 1854 1432 Ro·

216 1465 324 1538 patrive.
341 1463 509 1518 Adolescens
522 1466 617 1517 orator
632 1464 778 1516 veteranos
792 1460 971 1516 adversantes
985 1461 1015 1516 in
1056 1478 1132 1517 mam
1144 1463 1249 1518 direxit
1262 1463 1393 1519 eumdem
1417 1462 1547 1518 abbatam
1567 1464 1771 1518 Oadomensem
1786 1464 1853 1518 Lan·

218 1553 375 1612 actionibus
393 1567 541 1608 causarum
569 1550 730 1622 frequenter
754 1549 861 1616 revicit,
890 1554 1015 1604 torrente
1055 1551 1202 1620 lrancnm;
1220 1553 1268 1624 qui
1281 1569 1353 1609 onus
1362 1553 1478 1624 huiusce
1492 1552 1640 1623 legationis
1653 1552 1785 1608 alacriter
1796 1569 1854 1624 per-

217 1643 354 1700 laeuudiae
368 1646 497 1697 accurate
517 1639 646 1694 dicendo.
663 1637 711 1708 l¹⁹)
730 1639 763 1693 ln
780 1639 842 1710 ipsa
858 1643 940 1694 astate
954 1655 1016 1693 sen·
1055 1639 1159 1709 larena,
1182 1641 1255 1696 sicut
1281 1641 1411 1696 Ecclesiis
1427 1639 1558 1712 cupiebat
1582 1657 1643 1695 csse
1661 1641 1855 1697 consulturus

215 1735 320 1790 tentias
332 1735 497 1804 depromere
507 1730 609 1802 sapuit,
621 1745 690 1800 quas
707 1734 854 1800 gratanter
858 1721 1046 1801 jurisperitiB
1057 1746 1130 1802 papa
1135 1729 1294 1784 Alexandro
1302 1730 1476 1802 impetravit;
1486 1746 1598 1785 sacrum
1609 1746 1720 1802 qnoque
1730 1729 1853 1802 pallium,

216 1829 267 1880 aut
278 1823 388 1896 judices
402 1821 445 1875 vel
459 1826 593 1892 praetores
608 1818 728 1874 civitatis
750 1817 941 1890 acceptabant.
960 1819 1016 1873 lde·
1056 1835 1119 1874 cum
1140 1818 1254 1872 licentia
1266 1819 1350 1889 hujus
1365 1819 1560 1891 promotionis,
1577 1819 1735 1891 deportavit
1752 1839 1759 1888 3
1783 1819 1875 1875 unde.

216 1912 300 1970 minit
310 1912 409 1966 horum
424 1909 520 1980 Papia.
535 1911 573 1962 At
586 1923 649 1962 cum
660 1907 690 1962 in
701 1906 797 1962 exsilio
808 1907 1017 1978 philosophare·
1056 1915 1085 1962 et
1099 1907 1152 1978 ipsi
1164 1907 1217 1962 toti
1232 1908 1371 1964 Neustria
1384 1908 1520 1978 gandium
1536 1907 1598 1963 fuit.

215 2005 272 2066 tur,
287 1998 415 2054 accendit
433 1996 562 2051 animum
577 1996 639 2066 ejus
652 1993 761 2049 divinus
781 1993 864 2064 ignis,
881 1999 909 2049 et
923 1992 1015 2048 illuxit
1057 2035 1059 2041 .
1366 1997 1483 2052 CAPUT
1499 1996 1546 2052 Vl.

216 2088 293 2144 cordi
317 2089 379 2158 ejus
402 2101 483 2140 arnor
498 2101 569 2139 verae
592 2081 748 2154 sapientia.
766 2083 1015 2138 Animadvertebat
1093 2082 1855 2156 l2.Posthaecveneruntadregemindngliamtresle·

185 2165 189 2173 ’
215 2175 290 2232 enim
301 2175 376 2248 quod
389 2173 486 2229 mnndi
498 2172 584 2244 hujus
591 2171 761 2243 prosperitas
771 2172 896 2242 etgloria
906 2172 1014 2227 vanitas
1053 2173 1211 2244 gatisimal,
1221 2173 1415 2229 Erminlredus
1424 2174 1602 2230 Sedunorum
1611 2174 1854 2246 episcopusetduo

216 2271 269 2322 est.
293 2263 449 2336 Repentino
473 2261 569 2332 itaque
587 2259 674 2315 animi
699 2265 777 2314 rnotu
803 2277 833 2314 se
860 2260 1012 2331 abnegans,
1053 2261 1147 2317 clevici
1161 2262 1329 2329 cardinales,
1342 2262 1420 2316 missi
1432 2263 1466 2316 ad
1480 2263 1645 2334 petitionem
1657 2263 1853 2334 ipsiusapapa

216 2355 377 2425 mundoque
389 2350 565 2416 renuntians,
580 2348 701 2421 sumpsit
713 2349 794 2404 Becci
808 2348 936 2403 habitum
952 2348 1015 2403 reli·
1054 2349 1222 2416 Alexandro,
1238 2351 1285 2422 qui
1307 2367 1382 2418 eam,
1399 2351 1429 2406 in
1443 2351 1550 2406 Pascha
1564 2367 1696 2406 coronam
1711 2353 1791 2422 regni
1806 2369 1853 2407 ca-

214 2443 317 2516 gionis,
333 2447 362 2497 et
383 2439 550 2512 regulariter
565 2439 657 2493 vivere
677 2437 769 2509 coepit.
793 2437 940 2493 studiosus
960 2437 1014 2492 fuit
1054 2439 1105 2510 piti
1119 2439 1180 2509 ejus
1193 2440 1419 2511 imponentes,in
1434 2456 1530 2511 regem
1543 2440 1693 2510 Anglicum
1708 2441 1854 2496 confirma-

215 2532 289 2588 idem
304 2528 452 2594 coenobita,
465 2526 540 2582 verbi
553 2526 647 2597 gladio
655 2525 793 2597 perimere
803 2530 903 2591 sectas,
912 2525 934 2579 si
943 2542 1013 2597 quas
1054 2533 1163 2583 verant.
1190 2527 1231 2598 (θ’)
1252 2530 1430 2600 congregata
1452 2535 1496 2584 est
1517 2545 1584 2599 ergo
1606 2528 1732 2600 synodus
1751 2545 1855 2600 magna

215 2620 382 2676 advertisset
396 2617 561 2672 catholicam
580 2614 681 2670 laedere
694 2614 789 2668 tidem.
808 2614 885 2669 ldem
901 2630 1013 2686 quoque
1053 2615 1854 2691 Windresoris[al.,Windrelord];(25)inqua,praesidente

215 2709 339 2781 optimus
352 2704 526 2778 plenitudine
539 2702 694 2768 charitatis,
715 2702 882 2757 resuscitare
905 2707 1013 2772 satage·
1054 2720 1129 2774 rege,
1144 2704 1179 2759 ab
1194 2705 1261 2776 ipsis
1283 2705 1383 2776 legatis
1405 2705 1507 2777 dejecti
1521 2713 1589 2761 sunt
1602 2707 1716 2778 quidam
1731 2708 1853 2781 episcopi

215 2797 274 2865 bat,
291 2812 342 2868 per
353 2793 638 2856 fidei-rectitudinem,
655 2791 685 2846 in
697 2791 794 2846 heresi
809 2795 945 2846 mortuos.
962 2790 1013 2846 Sa·
1053 2792 1162 2864 indigni
1175 2793 1347 2865 episcopatu,
1371 2801 1486 2866 propter
1510 2795 1596 2849 vitam
1618 2796 1798 2851 criminosam
1824 2803 1854 2852 et

216 2887 324 2959 pientes
339 2890 368 2939 et
382 2882 505 2954 religiosi
519 2881 664 2953 pontillces
675 2879 895 2952 metropolitani,
905 2894 1013 2933 necnon
1054 2881 1196 2937 inscitiam
1210 2899 1284 2938 curas
1298 2883 1457 2955 pastoralis.
1474 2881 1553 2938 Inter
1566 2899 1635 2954 quos
1650 2883 1695 2953 (³³)
1714 2885 1853 2956 deposue-

216 2979 245 3030 et
256 2975 381 3038 abbates,
393 2969 746 3041 tremueruntsapientiam
756 2967 914 3027 Lanlranci.
928 2972 1014 3038 atque
1054 2975 1122 3024 runt
1136 2970 1304 3042 Stigandum
1316 2987 1380 3026 cum
1390 2972 1570 3028 anathemate
1579 2973 1771 3044 reprobatum,
1783 2975 1855 3029 mul-

214 3063 427 3134 religiositatem
442 3065 471 3116 et
491 3058 697 3122 auctoritatam,
723 3058 782 3128 ejus
798 3063 826 3112 et
849 3035 1089 3113 correctionifltis
1103 3058 1268 3114 criminibus
1283 3059 1511 3131 coinquinatum
1526 3060 1575 3131 qui
1590 3076 1654 3116 cum
1671 3060 1781 3116 duobus
1795 3061 1851 3132 epi·

214 3169 245 3208 se
259 3151 340 3207 subdi
353 3150 442 3222 gavisi
456 3155 533 3204 sunt.
544 3147 639 3218 Ipsum
654 3163 765 3217 qnoque
781 3145 909 3200 Ecclesia
919 3144 1014 3216 plures
1054 3147 1155 3219 scopiis
1171 3148 1287 3203 infanda
1302 3147 1455 3203 ambitione
1469 3148 1701 3204 Cantuariensem
1714 3150 1853 3221 archiepi-

213 3241 374 3313 pontiiicem
401 3239 445 3295 vel
466 3237 597 3292 abbatem
618 3235 672 3290 sibi
695 3233 850 3290 incredibili
873 3232 1011 3288 desiderio
1051 3243 1197 3308 scopatum
1207 3236 1357 3292 invaserat.
1366 3235 1529 3292 Substitutis
1537 3237 1632 3308 itaque
1640 3237 1769 3293 inlocum
1777 3239 1853 3309 deje-

213 3330 365 3400 petierunt.
382 3326 430 3396 l³⁰l
454 3326 553 3391 Roma,
571 3328 656 3396 caput
680 3323 765 3388 orbis,
785 3321 946 3377 sollicitavit
959 3319 1009 3392 121)
1053 3329 1163 3380 ctorum
1173 3325 1281 3380 idoneis
1296 3325 1460 3390 rectoribus,
1471 3326 1607 3381 remansit
1614 3342 1702 3381 vacua
1712 3326 1852 3382 Dorober-

214 3433 278 3484 eum
294 3415 430 3488 epistolis,
451 3418 566 3485 precatu
581 3416 683 3467 conata
696 3428 760 3466 aum
782 3412 904 3466 retinere
925 3417 954 3466 et
973 3409 1009 3464 vi.
1053 3411 1149 3466 nensis
1162 3413 1305 3478 cathedra,
1321 3413 1422 3484 inqua
1440 3413 1579 3484 pretiosus
1593 3413 1697 3468 Christi
1710 3415 1854 3470 confessor

214 3505 323 3576 Quippe
333 3508 521 3574 cognoverant
531 3517 594 3557 anm
607 3499 807 3573 peritissimum
817 3500 1013 3571 honestaque·
1051 3500 1227 3570 Augustinus
1251 3500 1382 3556 omnibus
1403 3501 1513 3573 prefuit
1536 3502 1688 3558 Britanniis
1702 3503 1851 3576 episcopis.

213 3594 290 3661 libet,
301 3599 436 3648 eteorum
446 3591 588 3646 contraria
598 3587 1010 3658 secemere3diligentissimum
1053 3587 1194 3659 Cogitanti
1203 3605 1268 3644 vero
1278 3589 1337 3660 regi
1352 3589 1386 3644 de
1399 3589 1453 3645 hac
1466 3606 1498 3646 re
1508 3595 1538 3645 at
1551 3607 1679 3661 proceres
1693 3592 1773 3662 regni
1786 3607 1854 3647 con·

213 3683 314 3754 cuique
326 3697 379 3736 sua
392 3679 547 3736 retribuere
561 3677 759 3750 perpendiculo
768 3675 1009 3745 rationabilitatis3
1052 3677 1165 3745 sulcati,
1176 3677 1441 3734 convenientissimo
1451 3679 1516 3741 line,
1525 3679 1554 3733 in
1568 3678 1722 3735 Lanlranco
1735 3679 1852 3750 quievit,

210 3770 453 3844 promptissimum
466 3768 556 3823 ardua
566 3768 693 3838 duraque
703 3765 844 3837 suscipere
855 3781 889 3820 ac
902 3765 1011 3836 perpeti
1052 3769 1192 3837 quatenus
1206 3765 1380 3821 uberrimum
1397 3767 1536 3822 luminare
1553 3767 1582 3821 in
1604 3767 1655 3822 bac
1668 3783 1731 3822 erce
1745 3769 1853 3822 elatum

212 3859 363 3916 causaveri
372 3857 449 3913 boni.
462 3857 656 3928 cognoverant
668 3854 753 3910 etiam
764 3855 836 3909 hanc
846 3853 1009 3924 ejasvitam,
1052 3853 1170 3909 nebulas
1192 3854 1315 3927 undique
1336 3855 1506 3926 pravitatum
1530 3860 1559 3909 et
1572 3855 1706 3926 caligines
1720 3857 1853 3924 dilueret,

212 3965 274 4020 quse
288 3947 388 4003 merito
409 3945 520 4001 dicatur
534 3943 661 4016 quadam
684 3942 912 4009 odirectissima
927 3948 1011 4014 atque
1052 3942 1237 3998 saluberrimo
1251 3942 1360 4013 fulgore
1374 3949 1474 3998 cuncta
1493 3943 1655 3999 honestans.
1676 3944 1855 4016 Quapropter

208 4036 354 4096 ,tutissima
369 4036 404 4090 ad
424 4033 557 4107 perennis
584 4033 647 4088 vitae
669 4037 781 4104 portum
802 4032 858 4086 via.
883 4031 932 4086 llle
948 4047 1012 4086 vero
1052 4031 1130 4086 misit
1139 4031 1286 4103 praedictos
1295 4031 1403 4102 legatos
1414 4032 1445 4087 in
1454 4032 1657 4088 Normanniam
1666 4033 1702 4087 ad
1716 4034 1769 4088 hoc
1780 4049 1854 4104 opus

212 4125 297 4182 nimis
309 4124 397 4180 altum
409 4123 463 4179 sibi
477 4122 628 4179 duxitaliis
638 4137 767 4193 praeesse,
781 4121 907 4175 intimam
921 4125 1012 4175 extre·
1052 4119 1265 4192 perficiendum.
1282 4120 1353 4174 Cum
1366 4119 1452 4191 igitur
1467 4120 1638 4176 Sedunensis
1652 4121 1798 4192 episcopus
1811 4121 1855 4176 in-

211 4214 340 4272 mitatem
353 4213 438 4270 corde
451 4217 480 4268 et
504 4211 604 4266 allecta
624 4227 681 4265 non
700 4209 841 4265 deserens.
866 4209 1011 4264 Gloriosus
1052 4210 1153 4264 vitaret
1166 4225 1230 4264 eum
1245 4209 1280 4264 ad
1304 4209 1430 4280 regimen
1452 4209 1620 4281 pontificale,
1637 4209 1807 4265 denuntians
1821 4210 1854 4264 in

211 4303 266 4360 dux
290 4304 518 4359 Normannorum
536 4299 706 4366 Willelmus,
736 4299 810 4354 hunc
834 4296 1854 4370 precordialinconcilioepiscoporumetabbatumNormanniaepetitio-

212 4391 322 4448 colebat
338 4390 548 4458 lumiliaritate;
573 4392 745 4461 quapropter
768 4385 893 4442 canobio
919 4385 1011 4441 Cado·
1052 4403 1117 4443 nem
1131 4386 1215 4457 regis,
1231 4386 1370 4458 simulque
1384 4386 1557 4442 voluntatem
1577 4403 1667 4454 snam,
1684 4393 1713 4442 et
1726 4387 1852 4459 reliquo·

254 4530 307 4601 (ab,
321 4531 382 4587 Huc
395 4531 552 4602 nsquelere
564 4534 655 4585 totum
667 4545 699 4584 ex
711 4528 776 4584 Vita
790 4527 866 4584 beati
880 4527 1010 4584 Herluini
1093 4527 1146 4598 (ἳὸ)
1164 4529 1183 4584 S
1203 4528 1293 4583 nodus
1306 4528 1336 4582 in
1350 4544 1407 4598 qua
1421 4529 1455 4584 de
1476 4529 1547 4585 oslto
1567 4529 1607 4583 Sti
1628 4529 1701 4584 ando
1725 4529 1851 4586 Cantua-

212 4603 311 4660 desum
333 4608 395 4658 tum
411 4611 463 4656 est.
568 4671 573 4683 ι
833 4670 839 4682 ,
1053 4599 1139 4655 riensi
1153 4545 1322 4655 substitutus
1335 4545 1572 4662 sstnanliancus.
1628 4599 1738 4655 inloniae
1753 4600 1853 4656 habita

252 4673 310 4742 ‹tl›
342 4674 387 4728 ide
400 4673 479 4728 eade
488 4687 518 4726 re
530 4670 678 4742 epistolam
692 4670 1014 4725 Lanlrancradhlexan·
1053 4679 1104 4735 est,
1121 4668 1290 4737 ann010i0,
1314 4670 1344 4724 in
1368 4671 1471 4726 octavis
1491 4671 1611 4737 Pascha,
1628 4687 1660 4725 ac
1674 4672 1758 4742 paulo
1793 4677 1850 4737 ost,

213 4746 295 4800 drum
305 4744 477 4869 pontificem,
489 4759 567 4797 num.
578 4739 623 4804 ll,
633 4741 715 4808 infra,
728 4747 757 4794 et
765 4741 853 4812 ipsius
862 4739 1012 4796 Alexandri
1052 4742 1123 4797 feria
1136 4741 1242 4796 scilicet
1254 4740 1377 4796 secunda
1391 4747 1455 4812 post
1468 4742 1661 4808 Pentecosten,
1681 4742 1756 4814 apud
1808 4743 1853 4797 in·

214 4817 304 4887 episto
315 4832 361 4870 am
381 4815 416 4869 ad
446 4812 881 4896 Gnillelmumuconqnaestorem
904 4812 1012 4881 Anglia
1053 4811 1853 4896 dleshorum3GuillelmusEbomcensemarchiepiscopa-

211 4882 837 5026 attathdebilitabit.litt
853 4881 927 4953 ...a
943 4881 1013 4936 ¹⁸¹*
1052 4882 1855 5026 ttltttallllittiglttlrllttttitt?-

251 5031 307 5098 (22)
323 5025 444 5082 Maurilii
459 5027 509 5081 Elo
530 5025 586 5080 'uni
601 5023 730 5078 dedimus
750 5024 786 5078 ad
807 5040 912 5079 annum
932 5022 1010 5080 1067.
1053 5031 1167 5093 noster;
1191 5025 1240 5080 sed
1260 5025 1397 5095 Rogavius
1420 5027 1587 5081 Hovedenus
1607 5025 1637 5080 in
1660 5031 1740 5097 parte
1762 5025 1853 5096 priori

255 5101 308 5166 (23)
320 5097 494 5154 ldemrelert
528 5094 1012 5160 rdericus‘Vitalis,lib.1vilistoriae
1052 5096 1213 5160 Annalium,
1229 5095 1300 5150 duas
1323 5095 1375 5150 has
1392 5098 1514 5168 synodos
1530 5097 1686 5168 distinguit.
1709 5097 1854 5152 Caeterum

213 5169 416 5226 ecclesiastica.
1053 5167 1180 5238 quamvis
1189 5165 1336 5236 Anglicani
1350 5175 1478 5223 auctores
1489 5167 1657 5238 Stigandum
1665 5183 1721 5222 non
1734 5167 1854 5222 omnino

239 5241 308 5315 llll
324 5241 351 5297 ls
365 5240 488 5295 loannes
508 5242 552 5292 est
565 5243 664 5292 auctor
678 5235 764 5290 libelli
783 5235 818 5292 de
832 5235 932 5292 divinis
954 5236 1013 5292 offi-
1053 5242 1194 5301 excusent,
1212 5253 1279 5292 eum
1292 5243 1388 5292 tamen
1405 5245 1434 5293 et
1446 5239 1516 5294 alios
1533 5239 1678 5310 episcopos
1692 5242 1721 5292 et
1734 5236 1854 5293 abbates

212 5313 272 5378 ciis,
296 5328 379 5385 quem
400 5315 463 5364 tum
481 5309 628 5380 episcopus
648 5307 859 5362 Abrincatensis
882 5308 1011 5364 Maurilio
1052 5307 1087 5363 ob
1099 5309 1127 5364 id
1140 5307 1317 5380 potissimum
1328 5325 1345 5362 a
1356 5309 1504 5365 Guillelmo
1514 5326 1580 5380 rege
1594 5309 1756 5364 exturbatos
1764 5308 1855 5364 luisse

212 5381 432 5454 Rothomagensi
444 5380 624 5450 nuncupavit.
641 5378 767 5443 Quatuor
781 5379 817 5432 ad
840 5379 932 5450 ipsum
951 5379 1008 5450 epi·
1050 5379 1186 5445 scribunt,
1203 5385 1235 5434 ut
1248 5379 1412 5446 Normanni,
1430 5380 1531 5452 quibus
1554 5381 1601 5436 ille
1619 5381 1709 5451 magis
1731 5379 1849 5446 fidebat,

213 5455 299 5509 stolas
323 5452 437 5525 scripsit
459 5450 642 5516 lanfrancus,
659 5465 720 5520 quae
737 5448 773 5504 ab
793 5450 912 5504 Acherio
927 5450 1009 5506 editae
1050 5466 1148 5506 eorum
1163 5451 1277 5505 sedibus
1290 5451 1459 5522 potirentur.
1466 5451 1701 5524 Quodscriptores
1710 5452 1855 5507 Norman-

118 5553 121 5558 ·
211 5530 288 5581 aunt.
309 5525 350 5580 De
363 5525 461 5579 codem
479 5522 540 5594 agit
557 5520 707 5578 ordericus
723 5520 771 5576 lib.
787 5537 812 5576 v.
828 5521 960 5577 Historia
973 5521 1009 5577 ad
1049 5521 1290 5582 niciaGuillelmo
1305 5528 1382 5579 recta
1392 5522 1549 5579 intentione
1563 5523 1667 5580 lactum
1683 5522 1767 5578 luisse
1781 5539 1855 5584 con·

210 5611 318 5654 annm
332 5592 412 5664 1079,
428 5610 483 5668 quo
497 5591 575 5652 obiit.
590 5591 662 5650 Vide
678 5591 717 5648 ibi
732 5592 793 5663 ejus
815 5591 1004 5665 epitaphium.
1048 5592 1178 5651 tendunt.
