3882 6172
107 270 166 330 693
606 269 820 330 OllRONlGON
839 271 1086 346 BEOCFNSF..-
1107 269 1265 327 anntvlo.
1705 270 1759 332 694

107 397 242 469 gesimam
252 397 496 469 sextus,templum
507 395 644 454 Beccense
655 397 828 454 ornamentis
835 399 944 459 daco-A
953 395 1039 452 habet
1057 396 1202 451 amictum.
1225 396 1293 452 Tres
1315 397 1454 462 monachi,
1475 414 1508 454 eo
1526 399 1572 454 die
1594 415 1659 455 cum
1673 401 1754 456 laicis

108 503 190 541 rans.
209 489 293 541 Anno
313 487 394 557 cujus
416 490 496 541 sexto
519 485 575 540 divi
591 487 757 559 patriarchae
773 487 916 542 Benedicti
957 493 1066 557 septem
1079 485 1114 539 ab
1127 485 1308 556 Hypponensi
1322 486 1451 558 episcopo
1468 487 1546 542 Becci
1560 489 1634 543 tonsi
1650 495 1726 546 suut.

109 575 314 648 prescriptum
333 575 504 641 institutum,
521 591 569 630 sex
584 575 682 631 coaevis
693 575 854 648 junioribus
869 592 916 630 co·
993 576 1074 629 Anno
1089 574 1218 646 sequenti
1243 574 1380 630 llenricus
1400 576 1520 647 septimo
1536 577 1677 634 Kalendas
1695 582 1755 635 Au-

113 665 248 730 mitatus,
265 665 378 738 auspice
391 665 512 724 Christo.
525 665 834 737 professussum.Quod
849 664 917 720 mihi
956 663 1032 734 gusti
1053 662 1149 718 Remis
1164 671 1299 719 sacratur.
1321 665 1433 719 Interea
1447 665 1544 720 Galliae
1566 667 1755 724 cardinalibus

113 752 249 808 Christus
267 752 385 824 virginis
408 752 506 809 matris
526 754 655 826 precibus
669 755 793 809 salutare
815 759 915 808 vertat.
957 752 993 806 ad
1015 752 1134 807 Paulum
1157 752 1273 807 tertium
1287 751 1405 807 Romam
1422 754 1614 826 pergentibus,
1634 755 1754 812 lacobus

112 842 185 897 Post
204 842 348 898 decimum
369 849 501 914 quartum
525 841 611 914 huJus
637 843 784 914 purpurati
808 841 917 897 abbatis
955 837 1751 915 Annibaldussublieccensiumreparationumpraetextu,

112 947 235 996 annum,
249 949 267 986 a
281 931 534 987 Oneuauaallllad
551 931 685 987 Nicensm
701 932 915 988 conventionem
957 945 1053 1000 sparso
1067 928 1166 983 callide
1181 929 1252 1000 regii
1268 945 1421 985 consensus
1437 947 1559 998 rumore,
1578 933 1680 988 bonam
1697 934 1753 989 Sil·

112 1025 243 1086 vocatus,
258 1020 334 1091 apud
353 1020 439 1076 Italos
455 1019 556 1090 grandi
575 1021 702 1075 omnium
725 1021 812 1086 luctu,
832 1027 915 1077 aetate
955 1017 1156 1073 rebascensis
1180 1025 1272 1090 1111111111
1294 1019 1394 1089 vulgus
1415 1020 1534 1074 Parcurn
1550 1021 1624 1084 dicitl
1642 1028 1752 1094 partem

114 1108 209 1163 adhuc
224 1109 356 1175 llorente,
370 1109 499 1171 moritur,
510 1110 525 1164 J
528 1124 618 1164 oanne
626 1103 766 1164 Venatore
779 1110 915 1165 cardinali
956 1106 991 1162 ad
1006 1107 1141 1162 librarum
1152 1107 1250 1177 viginti
1265 1107 1389 1178 quinque
1402 1109 1499 1174 millia,
1510 1109 1627 1180 publicis
1642 1112 1756 1184 exponit

114 1197 293 1270 presbytero,
305 1197 485 1254 lexoviorum
496 1199 631 1269 antistite,
639 1198 783 1270 trigesimo
795 1200 915 1272 septimo
956 1194 1139 1267 emptoribus,
1156 1195 1311 1267 quasivero
1324 1197 1412 1251 annui
1426 1198 1552 1268 ejusdem
1567 1199 1756 1273 11111οηί1111-

114 1283 399 1342 abbatesuccessore.
650 1317 653 1322 -
956 1289 1055 1340 ventus
1074 1285 1125 1340 uni
1143 1285 1248 1356 pastori
1271 1301 1327 1340 non
1351 1285 1512 1355 sufficiant3
1527 1293 1637 1342 constat
1658 1293 1755 1346 antem

149 1373 202 1429 llic
227 1375 321 1430 multa
346 1389 440 1430 rerum
459 1375 631 1448 experientia
654 1376 789 1449 prudens,
815 1377 915 1432 Carolo
956 1371 1117 1444 hujusmodi
1133 1371 1756 1448 lucusquadringentisquinquagintajugeri-

113 1463 241 1536 primum
256 1471 355 1520 octavo
367 1465 478 1533 charus,
492 1465 630 1521 Ludovico
645 1465 745 1521 deinde
762 1466 915 1522 successori
955 1460 1008 1516 bus
1022 1461 1132 1532 lapideo
1146 1476 1226 1515 muro
1236 1478 1300 1517 cum
1314 1461 1376 1534 ipso
1389 1462 1515 1518 coenobio
1529 1464 1646 1522 cinctus.

113 1553 374 1624 disjunctissimus,
391 1560 489 1626 postea
504 1553 650 1610 Francisco
664 1554 782 1627 principi
796 1555 915 1627 primoa
991 1551 1119 1621 Augusto
1126 1555 1270 1622 sequente,
1284 1550 1328 1604 vir
1335 1551 1452 1606 celebris
1464 1554 1607 1609 memoriae
1618 1555 1756 1628 Georgius

113 1643 241 1698 consiliis
255 1648 287 1698 et
299 1633 486 1716 eleemosynis
499 1643 647 1699 familiaris
662 1650 746 1700 astat.
765 1644 914 1700 Francisco
956 1637 1144 1694 Ambasianus
1159 1639 1393 1712 liothomagensis
1415 1640 1543 1706 antistes,
1560 1642 1589 1696 in
1608 1648 1699 1698 castro
1711 1644 1758 1698 Vi-

115 1732 218 1804 quippe
225 1719 465 1788 Northmanhinm
473 1733 737 1798 visitantgsseccum
746 1733 914 1805 ingreditur,
927 1718 951 1780 B
956 1729 1061 1800 gaiano
1072 1729 1172 1784 Garolo
1182 1727 1321 1784 Borbonio
1338 1746 1506 1790 successore.
1518 1730 1639 1786 moritur
1649 1732 1755 1787 Retho-

114 1817 916 1892 nbiloanneslleuatorregiaoonventioneincathedram
959 1817 1033 1890 magi
1042 1817 1072 1873 in
1082 1817 1140 1874 ade
1155 1817 1512 1890 Virgineaxvnltalendas
1521 1819 1660 1886 Octobris,
1670 1820 1757 1876 uince

116 1906 453 1965 abbatialamasratribus
468 1909 665 1965 introducitur.
675 1910 773 1982 Ibique
784 1909 917 1982 Georgia·
958 1907 1102 1962 mausoleo
1122 1907 1265 1965 conditus.
1289 1907 1369 1972 Quod
1382 1907 1496 1978 quidam
1513 1924 1575 1964 curu
1587 1908 1636 1964 illa
1648 1910 1757 1966 excelsa

116 2011 180 2052 num
195 1997 306 2052 festum
322 1998 399 2070 regio
410 1998 509 2054 decore
523 1999 689 2055 Franciscus
701 1997 917 2055 celebrat.Unde
957 1995 1208 2068 pyramide,quam
1223 1995 1317 2051 vivens
1330 1997 1360 2050 in
1371 1996 1576 2069 mediotemplo
1590 1999 1756 2067 construxit,

115 2090 176 2157 post
195 2085 393 2142 hebdomadas
407 2087 531 2160 quinque
545 2088 581 2142 ad
603 2089 770 2144 Vatevillam
792 2104 915 2153 movens,
957 2083 1032 2139 inter
1047 2084 1144 2140 mundi
1160 2084 1301 2140 mirabilia
1324 2083 1406 2140 facile
1430 2101 1606 2141 numerares.
1623 2087 1757 2144 Kalendis

115 2173 280 2229 Alienorem
295 2163 445 2248 conjugem
460 2176 554 2232 Caroli
569 2177 602 2238 V,
620 2177 811 2232 Romanorum
826 2177 916 2249 impe·
957 2190 1023 2229 vero
1038 2174 1165 2244 ejusdem
1184 2173 1313 2231 Octobris
1337 2174 1476 2230 ilenricus
1496 2174 1676 2247 Rothomagi,
1694 2193 1758 2233 cum

117 2263 218 2318 tatoris
232 2279 372 2331 sororem,
385 2265 465 2321 Beeci
475 2266 708 2322 valetudinarium
720 2266 917 2338 relinquissq-
957 2260 1124 2324 incredibili,
1144 2265 1204 2316 tum
1217 2265 1342 2334 sumptu,
1358 2266 1419 2316 tum
1437 2262 1534 2334 patriae
1548 2263 1759 2338 1111111111-

117 2358 219 2425 quante
243 2352 360 2409 biennio
384 2354 505 2426 dieque
528 2356 712 2427 reliquiarum
737 2355 917 2412 Becoensium
957 2349 1758 2422 tur,ubiquodammodoprodigaciviumliberalitasnou

116 2441 234 2497 celebris
247 2443 346 2514 agitur
358 2444 503 2512 memoria,
521 2446 667 2517 noctejam
682 2446 830 2518 protunda,
845 2445 917 2500 lam·
958 2454 1024 2494 suas
1048 2438 1207 2504 facultates,
1224 2439 1274 2494 sed
1298 2439 1411 2511 egregia
1427 2438 1471 2494 sui
1497 2439 1631 2511 principis
1657 2442 1760 2498 merita

116 2531 217 2602 panem
227 2531 308 2587 inam
324 2533 483 2604 quindecim
497 2535 676 2590 marcharum
687 2535 795 2606 argenti
810 2535 918 2608 specio.
957 2527 1290 2599 olemantiamquemetiri
1300 2527 1758 2600 delectatur.Hujusmemorabilis

117 2637 278 2694 nmquam
287 2622 424 2678 Garrinus
435 2622 529 2679 ferrea
538 2629 637 2680 catena
645 2625 674 2679 in
682 2625 784 2680 sacello
794 2624 917 2697 Virginis
958 2623 1087 2688 sumptus
1106 2633 1139 2672 111
1152 2616 1256 2671 11111ῑὶ11
1271 2633 1328 2671 11011
1349 2615 1482 2687 vulgatis.
1508 2618 1623 2688 pulchre
1644 2621 1758 2692 elegan-

117 2711 217 2765 matris
245 2711 441 2784 suspenderat,
469 2712 624 2785 ambasque
647 2715 741 2769 lances
768 2719 917 2786 argenteas
957 2710 1056 2778 terque
1071 2704 1201 2788 meminit
1215 2703 1330 2776 quidam
1344 2704 1487 2776 Chappius
1501 2706 1637 2777 superbas
1655 2725 1757 2764 novem

116 2800 201 2855 choro
215 2799 443 2872 pensiles,nocau
453 2802 529 2857 sures
539 2803 639 2859 audaci
652 2803 799 2874 sacrilegio
813 2803 918 2876 deprae.
958 2798 987 2848 et
994 2793 1092 2866 viginti
1099 2792 1210 2849 tabulas
1219 2793 1326 2848 recenti
1337 2792 1480 2848 volumine
1489 2794 1650 2867 vivaeltigia
1658 2814 1760 2869 repca·

117 2891 230 2946 dantur.
254 2889 381 2954 Quorum
394 2897 523 2947 auctores
543 2891 713 2964 liothomagi
726 2899 793 2948 rotae
809 2893 917 2964 suppli·
958 2886 1757 2951 cantsoaldibusadhaeelanuariis,noctemsubmediam

118 2979 159 3034 cio
173 2979 293 3050 dignam
315 2980 473 3035 mercedem
489 2981 637 3053 recipiunt.
654 2981 726 3036 Dum
750 2981 917 3054 Magdalena
958 2977 1154 3034 assistentibus
1168 2977 1253 3032 choro
1267 2977 1402 3033 fratribus
1422 2978 1459 3033 ad
1469 2985 1622 3034 nocturnas
1633 2979 1754 3051 vigilias,

117 3067 259 3124 Francisci
288 3067 357 3133 tilia,
384 3068 487 3124 Jacobo
515 3070 662 3125 Scotorum
685 3070 745 3141 regi
777 3039 1162 3126 connubiocacceduntcum
1177 3071 1258 3122 terrae
1267 3065 1755 3139 motibuscrebraFulgura,ingentia

115 3157 256 3228 iungitur,
276 3155 416 3213 lledinum
439 3157 474 3212 ad
489 3158 684 3214 Theroennam
697 3164 820 3214 castrum
840 3159 915 3215 idern
957 3162 1104 3212 ventorum
1120 3155 1217 3215 ilabra.
1228 3154 1303 3210 inter
1316 3171 1439 3228 quaenec
1454 3156 1587 3229 Frequens
1596 3157 1691 3212 aerius
1702 3157 1757 3212 lra-

118 3245 283 3301 Franciscrrs
291 3245 491 3318 armisreeipit,
499 3249 651 3319 statimque
661 3247 752 3321 pactis
766 3247 801 3302 ad
813 3248 917 3304 decen·
956 3262 1018 3317 gor,
1038 3247 1080 3300 vel
1095 3261 1182 3312 aurae,
1201 3244 1357 3300 certissima
1376 3245 1499 3301 discerni
1523 3253 1616 3318 queat.
1635 3246 1702 3302 Erat
1719 3247 1756 3302 ad

117 3333 195 3389 nium
214 3351 282 3389 cum
301 3335 401 3390 carolo
424 3337 552 3406 Augusto
575 3336 704 3402 induciis,
725 3353 776 3408 per
795 3337 915 3392 mediam
958 3334 1099 3390 interioris
1114 3333 1213 3406 templi
1227 3333 1388 3406 pyramides
1403 3333 1511 3398 ambas,
1529 3336 1637 3391 cocleos
1650 3337 1756 3407 gradus

118 3423 237 3478 Galliam
248 3424 369 3480 Carolus
385 3424 419 3479 ad
433 3424 571 3480 Flandriae
585 3425 742 3490 Gaudavos,
754 3425 916 3481 Francicam
957 3424 1116 3496 opperiens,
1129 3423 1266 3479 turricula
1280 3422 1354 3478 binis
1370 3423 1506 3478 columnis
1520 3441 1571 3496 per
1584 3425 1703 3496 angulos
1710 3441 1758 3481 sex

118 3511 318 3568 liberalitatem
342 3519 473 3585 expertus
494 3513 629 3586 pervenit.
656 3515 719 3568 Mox
740 3515 914 3581 Franciscus,
957 3512 1057 3578 levata,
1073 3512 1183 3584 lapideo
1196 3510 1325 3566 tabulatu
1337 3511 1523 3568 adsummum
1538 3513 1671 3586 cuspidis,
1684 3520 1756 3570 nutu

118 3617 212 3658 manse
223 3602 312 3666 lulio,
328 3603 562 3658 Northmauniam
582 3607 721 3675 repetens,
748 3603 867 3658 sontium
887 3604 916 3659 in
958 3600 1051 3671 potius
1067 3601 1160 3656 divino
1172 3617 1256 3672 quam
1272 3600 1402 3656 humanis
1412 3601 1521 3656 artibus
1532 3603 1677 3674 perducta,
1693 3621 1755 3675 quae

117 3691 239 3747 chestre
248 3691 916 3764 Beccensilicentiumtempestivammrnoditate
957 3689 1010 3744 hac
1031 3689 1128 3746 eadam
1152 3689 1319 3761 intemperie
1334 3705 1477 3755 corruens,
1494 3707 1627 3762 magnam
1649 3693 1756 3766 templo

117 3781 249 3846 allicitur,
259 3780 330 3835 adeo
345 3787 377 3836 ut
387 3781 444 3836 illic
457 3797 563 3836 coenarn
573 3780 696 3836 morsibi
706 3781 800 3853 parari
806 3780 915 3852 jubeat,
956 3778 1069 3833 ruinam
1088 3795 1139 3834 suo
1149 3795 1216 3833 casu
1231 3778 1337 3833 attulit.
1352 3779 1444 3850 Atque
1454 3781 1500 3852 (ut
1513 3780 1571 3836 iere
1586 3787 1652 3836 sunt
1663 3782 1756 3838 sortu-

118 3869 356 3940 reginaAlienore
367 3870 396 3924 in
408 3870 630 3941 aedecapitulari,
642 3870 789 3940 eregione,
799 3871 835 3926 ad
844 3871 916 3926 Her·
958 3883 1000 3922 nae
1016 3867 1146 3932 ludibria,
1163 3885 1224 3939 quae
1239 3869 1363 3942 periculo
1380 3869 1485 3924 socium
1496 3869 1575 3924 addit
1588 3871 1759 3943 periculum)

118 3959 185 4014 luini
199 3959 363 4030 sepulcrum
373 3960 514 4030 epulante.
526 3959 622 4030 Regiis
633 3959 742 4014 interea
751 3959 916 4016 florentibus
958 3957 1112 4029 llaymonis
1123 3957 1263 4012 Ocurserii
1275 3957 1421 4012 Beccensis
1436 3958 1576 4025 monachi,
1600 3961 1648 4031 qui
1669 3962 1757 4017 Anni·

117 4047 212 4118 gestis,
227 4048 352 4102 loannes
366 4047 598 4120 septuagenarius
617 4049 646 4102 in
666 4048 789 4103 llarolaa
804 4048 917 4120 expedi-
957 4043 1050 4113 baldo,
1076 4061 1092 4098 a
1115 4045 1249 4112 conciliis,
1278 4053 1306 4100 et
1335 4046 1440 4102 vicibus
1466 4046 1573 4114 aderat,
1603 4055 1754 4120 suggestu3

118 4137 242 4192 tiouead
265 4137 382 4192 Marlam
405 4135 481 4192 febre
501 4137 639 4204 moritur3
659 4136 755 4192 iacobi
765 4137 916 4192 Annibaldi
958 4134 1013 4189 duo
1040 4150 1157 4190 summae
1181 4133 1268 4190 turris
1296 4135 1466 4205 crepitacula
1484 4137 1602 4206 majora,
1619 4139 1679 4192 solo
1694 4143 1752 4204 Μ

120 4225 287 4282 successoris
312 4226 458 4298 diligentia
480 4228 597 4282 Beccum
627 4226 745 4281 delatus.
774 4225 826 4282 Ubi
858 4232 916 4281 tres
957 4222 1079 4295 dirupta,
1100 4222 1209 4294 publice
1233 4222 1389 4279 frustratim
1414 4230 1554 4281 vaeneunt.
1578 4225 1680 4298 sicque
1696 4243 1756 4283 rem

122 4314 309 4371 hebdomadas
338 4315 509 4388 quotidianis
533 4315 661 4387 precibus
687 4333 720 4372 ac
741 4315 842 4388 vigiliis
863 4315 915 4370 ire·
957 4312 1107 4384 pretiosam
1120 4311 1424 4384 magnicomparatam,
1437 4313 1523 4368 sacris
1539 4314 1635 4371 usibus
1645 4315 1756 4372 dedica·

120 4411 280 4476 quentatas,
296 4405 325 4460 in
340 4405 464 4476 Virginis
474 4406 573 4460 matris
583 4405 642 4460 aede
657 4411 766 4476 pausat.
785 4405 840 4461 Cor
855 4407 916 4476 ejus
957 4407 1026 4466 tam,
1043 4400 1128 4457 veluti
1145 4401 1266 4472 quadarn
1281 4399 1411 4456 Antiochi
1431 4401 1559 4467 audacia,
1577 4419 1640 4460 cum
1653 4405 1756 4478 probro

118 4494 199 4550 theca
211 4493 345 4566 plumbea
360 4494 388 4548 in
410 4495 495 4550 choro
516 4495 551 4548 ad
570 4511 648 4548 aram
667 4495 803 4566 majorem
819 4493 916 4549 condi·
957 4489 1065 4561 privato
1090 4489 1175 4545 etiam
1197 4489 1294 4561 patria
1316 4490 1486 4545 contrahens
1509 4491 1640 4561 dedecus,
1665 4495 1756 4566 proia-

117 4589 171 4638 tnr.
193 4583 304 4655 Corpus
320 4583 445 4638 Lexoviis
464 4583 493 4638 in
513 4583 572 4638 aede
591 4583 745 4655 apostolica
759 4582 916 4638 incredibili
958 4597 1026 4636 nare
1049 4596 1105 4635 non
1135 4578 1283 4644 erubescit,
1316 4579 1504 4652 modicunque
1530 4581 1595 4638 inde
1618 4590 1756 4656 quaestum

117 4679 241 4745 sumptu,
256 4665 429 4744 abepiscopis
440 4673 610 4744 appositum,
623 4672 755 4744 quiescit.
958 4669 1067 4737 sitiens,
1084 4669 1191 4741 pudore
1211 4669 1348 4740 neglecto,
1364 4669 1518 4726 maximum
1532 4677 1593 4728 tum
1609 4672 1672 4740 sibi,
1693 4679 1754 4732 tum

152 4760 347 4834 Hujusbonas
367 4761 546 4818 ecclesiastici
570 4761 695 4816 muneris
722 4765 826 4832 partes,
852 4776 916 4815 cum
958 4758 1017 4814 suis
1032 4761 1162 4830 (quorum
1189 4757 1215 4812 id
1245 4758 1338 4829 gratia
1358 4757 1455 4830 tiebat)
1480 4767 1604 4816 mustam
1631 4763 1756 4820 inlamiae

117 4849 249 4906 beccensi
261 4850 387 4906 coenobio
402 4850 577 4906 Annibaldus
586 4851 660 4906 idern
672 4849 782 4905 Claudii
791 4849 917 4904 Francia
959 4851 1054 4902 notam
1078 4847 1255 4919 contempsit,
1282 4863 1352 4919 opus
1375 4848 1490 4920 quidem
1511 4850 1603 4906 aulico
1618 4855 1755 4910 monacho

117 4940 263 4995 admiralis
286 4939 373 4996 irater
391 4940 468 5011 regio
483 4939 576 4994 favore
597 4938 714 5005 obtinet,
733 4939 800 4994 dum
828 4939 918 4994 Fran·
958 4937 1068 5008 dignus.
1087 4935 1757 5014 ClaudiusposthaecAtinibaldusvirexequestri

117 5030 206 5084 uiscus
230 5029 344 5084 ilenrici
364 5030 536 5085 Francorum
560 5028 690 5100 Delphini
714 5027 918 5099 primogenitus
959 5025 1056 5080 ordine
1073 5024 1254 5092 clarissimus,
1270 5041 1303 5080 ac
1328 5025 1452 5082 Francia
1479 5028 1634 5097 admiralis,
1661 5031 1757 5086 Jacobi

117 5117 560 5174 nascitur.lacobusAnnibaldus
569 5116 914 5172 triaecclesiasticimune·
960 5114 1105 5170 Beccensis
1119 5114 1351 5170 commendatarii
1366 5115 1462 5183 frater,
1477 5133 1541 5173 cum
1555 5118 1630 5189 apud
1640 5119 1757 5174 Ferram

118 5211 157 5264 n's
169 5208 295 5280 insignia
307 5207 342 5262 ab
356 5207 495 5280 episcopis
511 5206 694 5280 Hipponensi,
706 5206 816 5261 Aniano
832 5211 917 5278 atque
959 5204 1092 5276 oppidum
1103 5219 1167 5258 cum
1179 5205 1238 5260 suis
1247 5209 1354 5276 ageret,
1363 5205 1479 5276 solaque
1489 5205 1533 5260 sui
1544 5205 1621 5259 lama
1635 5205 1756 5261 ferocem

118 5298 301 5364 castoriensi,
312 5296 431 5354 Romani
446 5294 586 5369 pontilicis
597 5295 744 5370 permissu,
755 5295 836 5350 Becci
852 5311 917 5350 sus·
959 5295 1044 5349 Ruthi
1062 5293 1214 5348 exercitum
1229 5293 1366 5359 eluderet,
1383 5293 1484 5348 acnori
1499 5291 1576 5348 febre
1589 5299 1677 5359 actus,
1691 5311 1757 5350 san·

120 5389 197 5460 cipit.
960 5384 1011 5438 ctis
1027 5383 1142 5438 monitis
1156 5381 1239 5437 unico
1257 5382 1315 5437 silio
1340 5381 1454 5446 relictis
1478 5379 1679 5437 decimosexto
1703 5383 1758 5438 lla·

154 5477 260 5543 Quinto
275 5477 372 5533 Nonas
386 5475 451 5532 Maii
473 5474 604 5530 sacerdos
627 5475 752 5536 allectus,
774 5473 919 5547 episcopus
960 5473 1057 5528 lendes
1075 5471 1232 5540 Februarii,
1254 5471 1329 5527 inter
1350 5485 1430 5525 sacra
1444 5475 1607 5525 constanter
1621 5471 1753 5531 moritur.

121 5565 432 5638 consecratusdtquea
444 5563 629 5636 legatisPauli
643 5562 719 5618 tertii
730 5567 918 5634 purpuratum
960 5561 1002 5619 Ad
1021 5559 1213 5618 innahaldem
1239 5560 1337 5624 aedem,
1360 5573 1421 5632 quac
1437 5557 1581 5630 Appevilla
1597 5559 1754 5632 dicebatur,
