<?xml version="1.0" encoding="UTF-8"?>
<!DOCTYPE html PUBLIC "-//W3C//DTD XHTML 1.0 Transitional//EN"
    "http://www.w3.org/TR/xhtml1/DTD/xhtml1-transitional.dtd">
<html xmlns="http://www.w3.org/1999/xhtml" xml:lang="en" lang="en">
 <head>
  <title>
</title>
<meta http-equiv="Content-Type" content="text/html;charset=utf-8" />
  <meta name='ocr-system' content='tesseract 3.04.00' />
  <meta name='ocr-capabilities' content='ocr_page ocr_carea ocr_par ocr_line ocrx_word'/>
</head>
<body>
  <div class='ocr_page' id='page_1' title='image "./patrologiaecurs92unkngoog_0823.png"; bbox 0 0 4046 6186; ppageno 0'>
   <div class='ocr_carea' id='block_1_1' title="bbox 839 441 1261 617">
    <p class='ocr_par' dir='ltr' id='par_1_1' title="bbox 839 441 1261 617">
     <span class='ocr_line' id='line_1_1' title="bbox 839 441 1261 617; baseline 0.002 -2"><span class='ocrx_word' id='word_1_1' title='bbox 839 441 1261 617; x_wconf 72' lang='lat' dir='ltr'><strong>annuunt.</strong></span> 
     </span>
    </p>
   </div>
   <div class='ocr_carea' id='block_1_2' title="bbox 355 741 1742 835">
    <p class='ocr_par' dir='ltr' id='par_1_2' title="bbox 355 741 1742 835">
     <span class='ocr_line' id='line_1_2' title="bbox 355 741 1742 835; baseline -0.006 -21"><span class='ocrx_word' id='word_1_2' title='bbox 355 745 438 835; x_wconf 80' lang='lat' dir='ltr'><strong>(Col.</strong></span> <span class='ocrx_word' id='word_1_3' title='bbox 459 749 564 832; x_wconf 83' lang='lat' dir='ltr'><strong>hujus</strong></span> <span class='ocrx_word' id='word_1_4' title='bbox 579 747 766 816; x_wconf 88' lang='lat' dir='ltr'><strong>voluminis</strong></span> <span class='ocrx_word' id='word_1_5' title='bbox 784 752 883 826; x_wconf 79' lang='lat' dir='ltr'><strong>llll,</strong></span> <span class='ocrx_word' id='word_1_6' title='bbox 900 753 979 832; x_wconf 89' lang='lat' dir='ltr'><strong>post</strong></span> <span class='ocrx_word' id='word_1_7' title='bbox 992 747 1163 814; x_wconf 83' lang='lat' dir='ltr'><strong>wilhelmi</strong></span> <span class='ocrx_word' id='word_1_8' title='bbox 1178 746 1432 829; x_wconf 86' lang='lat' dir='ltr'><strong>Hirsaogiensis</strong></span> <span class='ocrx_word' id='word_1_9' title='bbox 1451 741 1742 831; x_wconf 75' lang='lat' dir='ltr'><strong>constitutiones).</strong></span> 
     </span>
    </p>
   </div>
   <div class='ocr_carea' id='block_1_3' title="bbox 594 1048 1512 1164">
    <p class='ocr_par' dir='ltr' id='par_1_3' title="bbox 594 1048 1512 1164">
     <span class='ocr_line' id='line_1_3' title="bbox 594 1048 1512 1164; baseline -0.009 0"><span class='ocrx_word' id='word_1_10' title='bbox 594 1048 945 1164; x_wconf 69' lang='lat' dir='ltr'><strong>snmus!</strong></span> <span class='ocrx_word' id='word_1_11' title='bbox 982 1049 1512 1158; x_wconf 67' lang='lat' dir='ltr'><strong>wunsam!</strong></span> 
     </span>
    </p>
   </div>
   <div class='ocr_carea' id='block_1_4' title="bbox 807 1271 1298 1338">
    <p class='ocr_par' dir='ltr' id='par_1_4' title="bbox 807 1271 1298 1338">
     <span class='ocr_line' id='line_1_4' title="bbox 807 1271 1298 1338; baseline 0 -2"><span class='ocrx_word' id='word_1_12' title='bbox 807 1273 974 1336; x_wconf 79' lang='lat' dir='ltr'><strong>anulus</strong></span> <span class='ocrx_word' id='word_1_13' title='bbox 995 1271 1298 1338; x_wconf 77' lang='lat' dir='ltr'><strong>ulnsaumuusIs</strong></span> 
     </span>
    </p>
   </div>
   <div class='ocr_carea' id='block_1_5' title="bbox 434 1457 1671 1558">
    <p class='ocr_par' dir='ltr' id='par_1_5' title="bbox 434 1457 1671 1558">
     <span class='ocr_line' id='line_1_5' title="bbox 434 1457 1671 1558; baseline -0.006 0"><span class='ocrx_word' id='word_1_14' title='bbox 434 1458 796 1558; x_wconf 85' lang='lat' dir='ltr'><strong>PRAEFATIO</strong></span> <span class='ocrx_word' id='word_1_15' title='bbox 834 1460 907 1554; x_wconf 88' lang='lat' dir='ltr'><strong>IN</strong></span> <span class='ocrx_word' id='word_1_16' title='bbox 944 1458 1073 1556; x_wconf 85' lang='lat' dir='ltr'><strong>SUA</strong></span> <span class='ocrx_word' id='word_1_17' title='bbox 1110 1457 1600 1558; x_wconf 84' lang='lat' dir='ltr'><strong>ASTRONOMIOA</strong></span> <span class='ocrx_word' id='word_1_18' title='bbox 1627 1459 1671 1516; x_wconf 63' lang='lat' dir='ltr'><strong>“l</strong></span> 
     </span>
    </p>
   </div>
   <div class='ocr_carea' id='block_1_6' title="bbox 889 1625 1209 1762">
    <p class='ocr_par' dir='ltr' id='par_1_6' title="bbox 889 1625 1209 1762">
     <span class='ocr_line' id='line_1_6' title="bbox 889 1625 1209 1762; baseline 0 -22"><span class='ocrx_word' id='word_1_19' title='bbox 889 1671 998 1762; x_wconf 81' lang='lat' dir='ltr'><strong>(Circa</strong></span> <span class='ocrx_word' id='word_1_20' title='bbox 1015 1693 1071 1740; x_wconf 90' lang='lat' dir='ltr'><strong>an.</strong></span> <span class='ocrx_word' id='word_1_21' title='bbox 1095 1625 1209 1758; x_wconf 74' lang='lat' dir='ltr'><strong>toli.)</strong></span> 
     </span>
    </p>
   </div>
   <div class='ocr_carea' id='block_1_7' title="bbox 426 1867 1676 1947">
    <p class='ocr_par' dir='ltr' id='par_1_7' title="bbox 426 1867 1676 1947">
     <span class='ocr_line' id='line_1_7' title="bbox 426 1867 1676 1947; baseline -0.002 -19"><span class='ocrx_word' id='word_1_22' title='bbox 426 1871 537 1947; x_wconf 77' lang='lat' dir='ltr'><strong>[Edidit</strong></span> <span class='ocrx_word' id='word_1_23' title='bbox 551 1871 583 1928; x_wconf 83' lang='lat' dir='ltr'><strong>R.</strong></span> <span class='ocrx_word' id='word_1_24' title='bbox 601 1868 889 1936; x_wconf 67' lang='lat' dir='ltr'><strong>eneruauerunt,</strong></span> <span class='ocrx_word' id='word_1_25' title='bbox 907 1867 982 1924; x_wconf 81' lang='lat' dir='ltr'><strong>Tbes.</strong></span> <span class='ocrx_word' id='word_1_26' title='bbox 997 1867 1120 1925; x_wconf 74' lang='lat' dir='ltr'><strong>anemos</strong></span> <span class='ocrx_word' id='word_1_27' title='bbox 1137 1870 1237 1924; x_wconf 72' lang='lat' dir='ltr'><strong>moise.</strong></span> <span class='ocrx_word' id='word_1_28' title='bbox 1253 1871 1322 1924; x_wconf 88' lang='lat' dir='ltr'><strong>tom.</strong></span> <span class='ocrx_word' id='word_1_29' title='bbox 1339 1867 1374 1939; x_wconf 89' lang='lat' dir='ltr'><strong>V,</strong></span> <span class='ocrx_word' id='word_1_30' title='bbox 1388 1873 1470 1942; x_wconf 87' lang='lat' dir='ltr'><strong>parte</strong></span> <span class='ocrx_word' id='word_1_31' title='bbox 1483 1883 1504 1939; x_wconf 86' lang='lat'><strong>1,</strong></span> <span class='ocrx_word' id='word_1_32' title='bbox 1519 1886 1584 1944; x_wconf 88' lang='lat' dir='ltr'><strong>pag.</strong></span> <span class='ocrx_word' id='word_1_33' title='bbox 1600 1869 1676 1945; x_wconf 56' lang='lat'><strong>252]</strong></span> 
     </span>
    </p>
   </div>
   <div class='ocr_carea' id='block_1_8' title="bbox 233 2150 1875 5435">
    <p class='ocr_par' dir='ltr' id='par_1_8' title="bbox 233 2150 1874 4009">
     <span class='ocr_line' id='line_1_8' title="bbox 275 2150 1872 2234; baseline -0.005 -15"><span class='ocrx_word' id='word_1_34' title='bbox 275 2159 598 2234; x_wconf 86' lang='lat' dir='ltr'><strong>Divinioperisquadam</strong></span> <span class='ocrx_word' id='word_1_35' title='bbox 608 2157 654 2214; x_wconf 90' lang='lat' dir='ltr'><strong>die</strong></span> <span class='ocrx_word' id='word_1_36' title='bbox 663 2154 803 2230; x_wconf 86' lang='lat' dir='ltr'><strong>completa</strong></span> <span class='ocrx_word' id='word_1_37' title='bbox 812 2152 920 2228; x_wconf 81' lang='lat' dir='ltr'><strong>synaxi,</strong></span> <span class='ocrx_word' id='word_1_38' title='bbox 930 2151 1217 2227; x_wconf 79' lang='lat' dir='ltr'><strong>optataeActuatione</strong></span> <span class='ocrx_word' id='word_1_39' title='bbox 1230 2150 1485 2224; x_wconf 63' lang='lat' dir='ltr'><strong>tua,fcharissime,</strong></span> <span class='ocrx_word' id='word_1_40' title='bbox 1499 2155 1603 2212; x_wconf 88' lang='lat' dir='ltr'><strong>tacitus</strong></span> <span class='ocrx_word' id='word_1_41' title='bbox 1617 2157 1766 2214; x_wconf 89' lang='lat' dir='ltr'><strong>considero</strong></span> <span class='ocrx_word' id='word_1_42' title='bbox 1781 2154 1872 2228; x_wconf 86' lang='lat' dir='ltr'><strong>quali·</strong></span> 
     </span>
     <span class='ocr_line' id='line_1_9' title="bbox 237 2241 1871 2326; baseline -0.005 -17"><span class='ocrx_word' id='word_1_43' title='bbox 237 2252 340 2326; x_wconf 88' lang='lat' dir='ltr'><strong>quietis</strong></span> <span class='ocrx_word' id='word_1_44' title='bbox 349 2244 878 2323; x_wconf 76' lang='lat' dir='ltr'><strong>gratiasecretioremlocumpetiiubi</strong></span> <span class='ocrx_word' id='word_1_45' title='bbox 893 2243 1031 2316; x_wconf 88' lang='lat' dir='ltr'><strong>meipsum</strong></span> <span class='ocrx_word' id='word_1_46' title='bbox 1072 2247 1117 2298; x_wconf 82' lang='lat' dir='ltr'><strong>ter</strong></span> <span class='ocrx_word' id='word_1_47' title='bbox 1135 2241 1270 2314; x_wconf 87' lang='lat' dir='ltr'><strong>antiquus</strong></span> <span class='ocrx_word' id='word_1_48' title='bbox 1292 2243 1416 2312; x_wconf 83' lang='lat' dir='ltr'><strong>coluber,</strong></span> <span class='ocrx_word' id='word_1_49' title='bbox 1440 2244 1476 2299; x_wconf 86' lang='lat' dir='ltr'><strong>ad</strong></span> <span class='ocrx_word' id='word_1_50' title='bbox 1497 2243 1592 2301; x_wconf 89' lang='lat' dir='ltr'><strong>omnia</strong></span> <span class='ocrx_word' id='word_1_51' title='bbox 1611 2262 1725 2318; x_wconf 80' lang='lat' dir='ltr'><strong>semper</strong></span> <span class='ocrx_word' id='word_1_52' title='bbox 1748 2244 1871 2301; x_wconf 75' lang='lat' dir='ltr'><strong>coelestis</strong></span> 
     </span>
     <span class='ocr_line' id='line_1_10' title="bbox 238 2333 1873 2410; baseline -0.003 -13"><span class='ocrx_word' id='word_1_53' title='bbox 238 2341 308 2397; x_wconf 89' lang='lat' dir='ltr'><strong>mihi</strong></span> <span class='ocrx_word' id='word_1_54' title='bbox 320 2345 387 2396; x_wconf 88' lang='lat' dir='ltr'><strong>ante</strong></span> <span class='ocrx_word' id='word_1_55' title='bbox 401 2340 496 2394; x_wconf 89' lang='lat' dir='ltr'><strong>oculos</strong></span> <span class='ocrx_word' id='word_1_56' title='bbox 506 2337 609 2394; x_wconf 86' lang='lat' dir='ltr'><strong>mentis</strong></span> <span class='ocrx_word' id='word_1_57' title='bbox 623 2352 737 2410; x_wconf 87' lang='lat' dir='ltr'><strong>ponere,</strong></span> <span class='ocrx_word' id='word_1_58' title='bbox 753 2343 783 2391; x_wconf 91' lang='lat' dir='ltr'><strong>et</strong></span> <span class='ocrx_word' id='word_1_59' title='bbox 793 2334 961 2390; x_wconf 88' lang='lat' dir='ltr'><strong>miserabilis</strong></span> <span class='ocrx_word' id='word_1_60' title='bbox 970 2333 1032 2389; x_wconf 68' lang='lat' dir='ltr'><strong>vira</strong></span> <span class='ocrx_word' id='word_1_61' title='bbox 1071 2334 1170 2405; x_wconf 73' lang='lat' dir='ltr'><strong>gratie</strong></span> <span class='ocrx_word' id='word_1_62' title='bbox 1197 2350 1315 2390; x_wconf 88' lang='lat' dir='ltr'><strong>munera</strong></span> <span class='ocrx_word' id='word_1_63' title='bbox 1334 2333 1446 2391; x_wconf 77' lang='lat' dir='ltr'><strong>invidiae</strong></span> <span class='ocrx_word' id='word_1_64' title='bbox 1464 2336 1579 2391; x_wconf 80' lang='lat' dir='ltr'><strong>venenis</strong></span> <span class='ocrx_word' id='word_1_65' title='bbox 1596 2335 1781 2393; x_wconf 81' lang='lat' dir='ltr'><strong>inficiendum</strong></span> <span class='ocrx_word' id='word_1_66' title='bbox 1795 2337 1873 2392; x_wconf 71' lang='lat' dir='ltr'><strong>oben</strong></span> 
     </span>
     <span class='ocr_line' id='line_1_11' title="bbox 237 2423 1868 2503; baseline -0.002 -18"><span class='ocrx_word' id='word_1_67' title='bbox 237 2429 461 2503; x_wconf 86' lang='lat' dir='ltr'><strong>superfluitatem</strong></span> <span class='ocrx_word' id='word_1_68' title='bbox 476 2427 556 2499; x_wconf 86' lang='lat' dir='ltr'><strong>quasi</strong></span> <span class='ocrx_word' id='word_1_69' title='bbox 568 2425 719 2498; x_wconf 86' lang='lat' dir='ltr'><strong>judiciaria</strong></span> <span class='ocrx_word' id='word_1_70' title='bbox 733 2423 907 2480; x_wconf 89' lang='lat' dir='ltr'><strong>districtione</strong></span> <span class='ocrx_word' id='word_1_71' title='bbox 925 2423 1032 2478; x_wconf 87' lang='lat' dir='ltr'><strong>exami·</strong></span> <span class='ocrx_word' id='word_1_72' title='bbox 1072 2439 1149 2490; x_wconf 88' lang='lat' dir='ltr'><strong>raus,</strong></span> <span class='ocrx_word' id='word_1_73' title='bbox 1158 2423 1338 2496; x_wconf 73' lang='lat' dir='ltr'><strong>hacquoque</strong></span> <span class='ocrx_word' id='word_1_74' title='bbox 1349 2423 1430 2480; x_wconf 89' lang='lat' dir='ltr'><strong>nobis</strong></span> <span class='ocrx_word' id='word_1_75' title='bbox 1444 2423 1579 2481; x_wconf 89' lang='lat' dir='ltr'><strong>divinitus</strong></span> <span class='ocrx_word' id='word_1_76' title='bbox 1592 2426 1698 2481; x_wconf 81' lang='lat' dir='ltr'><strong>donata</strong></span> <span class='ocrx_word' id='word_1_77' title='bbox 1704 2425 1868 2482; x_wconf 74' lang='lat' dir='ltr'><strong>mianum</strong></span> 
     </span>
     <span class='ocr_line' id='line_1_12' title="bbox 236 2511 1871 2587; baseline -0.002 -14"><span class='ocrx_word' id='word_1_78' title='bbox 236 2533 306 2573; x_wconf 88' lang='lat' dir='ltr'><strong>nare</strong></span> <span class='ocrx_word' id='word_1_79' title='bbox 319 2518 425 2573; x_wconf 88' lang='lat' dir='ltr'><strong>liceret.</strong></span> <span class='ocrx_word' id='word_1_80' title='bbox 439 2516 571 2572; x_wconf 78' lang='lat' dir='ltr'><strong>Discussa</strong></span> <span class='ocrx_word' id='word_1_81' title='bbox 585 2532 652 2586; x_wconf 89' lang='lat' dir='ltr'><strong>ergo</strong></span> <span class='ocrx_word' id='word_1_82' title='bbox 667 2531 731 2570; x_wconf 90' lang='lat' dir='ltr'><strong>mox</strong></span> <span class='ocrx_word' id='word_1_83' title='bbox 741 2513 887 2586; x_wconf 80' lang='lat' dir='ltr'><strong>qualitate,</strong></span> <span class='ocrx_word' id='word_1_84' title='bbox 903 2511 1032 2568; x_wconf 86' lang='lat' dir='ltr'><strong>multain</strong></span> <span class='ocrx_word' id='word_1_85' title='bbox 1072 2512 1235 2584; x_wconf 78' lang='lat' dir='ltr'><strong>arrepserit.</strong></span> <span class='ocrx_word' id='word_1_86' title='bbox 1256 2513 1301 2567; x_wconf 89' lang='lat' dir='ltr'><strong>lle</strong></span> <span class='ocrx_word' id='word_1_87' title='bbox 1320 2511 1396 2567; x_wconf 88' lang='lat' dir='ltr'><strong>enirn</strong></span> <span class='ocrx_word' id='word_1_88' title='bbox 1415 2513 1475 2584; x_wconf 76' lang='lat' dir='ltr'><strong>jam</strong></span> <span class='ocrx_word' id='word_1_89' title='bbox 1490 2513 1539 2569; x_wconf 89' lang='lat' dir='ltr'><strong>diu</strong></span> <span class='ocrx_word' id='word_1_90' title='bbox 1555 2521 1746 2586; x_wconf 89' lang='lat' dir='ltr'><strong>opportunum</strong></span> <span class='ocrx_word' id='word_1_91' title='bbox 1758 2519 1871 2587; x_wconf 86' lang='lat' dir='ltr'><strong>tempus</strong></span> 
     </span>
     <span class='ocr_line' id='line_1_13' title="bbox 237 2601 1870 2680; baseline -0.002 -18"><span class='ocrx_word' id='word_1_92' title='bbox 237 2623 282 2662; x_wconf 90' lang='lat' dir='ltr'><strong>me</strong></span> <span class='ocrx_word' id='word_1_93' title='bbox 298 2604 539 2680; x_wconf 88' lang='lat' dir='ltr'><strong>reprehensibilia,</strong></span> <span class='ocrx_word' id='word_1_94' title='bbox 554 2604 644 2659; x_wconf 90' lang='lat' dir='ltr'><strong>multa</strong></span> <span class='ocrx_word' id='word_1_95' title='bbox 658 2619 778 2658; x_wconf 74' lang='lat' dir='ltr'><strong>moerore</strong></span> <span class='ocrx_word' id='word_1_96' title='bbox 792 2607 821 2658; x_wconf 90' lang='lat' dir='ltr'><strong>et</strong></span> <span class='ocrx_word' id='word_1_97' title='bbox 834 2603 913 2657; x_wconf 89' lang='lat' dir='ltr'><strong>luctu</strong></span> <span class='ocrx_word' id='word_1_98' title='bbox 926 2601 1032 2672; x_wconf 87' lang='lat' dir='ltr'><strong>dignis·</strong></span> <span class='ocrx_word' id='word_1_99' title='bbox 1074 2601 1109 2657; x_wconf 90' lang='lat' dir='ltr'><strong>ad</strong></span> <span class='ocrx_word' id='word_1_100' title='bbox 1123 2603 1153 2657; x_wconf 91' lang='lat' dir='ltr'><strong>id</strong></span> <span class='ocrx_word' id='word_1_101' title='bbox 1166 2602 1575 2673; x_wconf 80' lang='lat' dir='ltr'><strong>quaererepraesentiens,utea</strong></span> <span class='ocrx_word' id='word_1_102' title='bbox 1585 2619 1647 2675; x_wconf 82' lang='lat' dir='ltr'><strong>quas</strong></span> <span class='ocrx_word' id='word_1_103' title='bbox 1657 2604 1688 2659; x_wconf 92' lang='lat' dir='ltr'><strong>in</strong></span> <span class='ocrx_word' id='word_1_104' title='bbox 1697 2603 1800 2659; x_wconf 85' lang='lat' dir='ltr'><strong>eadem</strong></span> <span class='ocrx_word' id='word_1_105' title='bbox 1810 2609 1870 2659; x_wconf 83' lang='lat' dir='ltr'><strong>arte</strong></span> 
     </span>
     <span class='ocr_line' id='line_1_14' title="bbox 236 2689 1872 2766; baseline -0.002 -14"><span class='ocrx_word' id='word_1_106' title='bbox 236 2695 319 2764; x_wconf 67' lang='lat' dir='ltr'><strong>sima</strong></span> <span class='ocrx_word' id='word_1_107' title='bbox 335 2695 425 2751; x_wconf 84' lang='lat' dir='ltr'><strong>multa</strong></span> <span class='ocrx_word' id='word_1_108' title='bbox 440 2709 509 2749; x_wconf 87' lang='lat' dir='ltr'><strong>sane</strong></span> <span class='ocrx_word' id='word_1_109' title='bbox 524 2709 611 2766; x_wconf 81' lang='lat' dir='ltr'><strong>prava</strong></span> <span class='ocrx_word' id='word_1_110' title='bbox 628 2697 657 2748; x_wconf 89' lang='lat' dir='ltr'><strong>et</strong></span> <span class='ocrx_word' id='word_1_111' title='bbox 670 2707 781 2763; x_wconf 86' lang='lat' dir='ltr'><strong>aspera,</strong></span> <span class='ocrx_word' id='word_1_112' title='bbox 792 2690 900 2762; x_wconf 85' lang='lat' dir='ltr'><strong>viaeque</strong></span> <span class='ocrx_word' id='word_1_113' title='bbox 918 2689 1032 2745; x_wconf 86' lang='lat' dir='ltr'><strong>Domini</strong></span> <span class='ocrx_word' id='word_1_114' title='bbox 1073 2691 1147 2746; x_wconf 89' lang='lat' dir='ltr'><strong>mira</strong></span> <span class='ocrx_word' id='word_1_115' title='bbox 1167 2697 1196 2746; x_wconf 87' lang='lat' dir='ltr'><strong>et</strong></span> <span class='ocrx_word' id='word_1_116' title='bbox 1209 2690 1245 2745; x_wconf 89' lang='lat' dir='ltr'><strong>ab</strong></span> <span class='ocrx_word' id='word_1_117' title='bbox 1263 2691 1388 2749; x_wconf 88' lang='lat' dir='ltr'><strong>humana</strong></span> <span class='ocrx_word' id='word_1_118' title='bbox 1407 2690 1562 2747; x_wconf 75' lang='lat' dir='ltr'><strong>subtilitate</strong></span> <span class='ocrx_word' id='word_1_119' title='bbox 1581 2708 1672 2765; x_wconf 86' lang='lat' dir='ltr'><strong>usque</strong></span> <span class='ocrx_word' id='word_1_120' title='bbox 1690 2692 1776 2748; x_wconf 91' lang='lat' dir='ltr'><strong>modo</strong></span> <span class='ocrx_word' id='word_1_121' title='bbox 1795 2691 1872 2748; x_wconf 89' lang='lat' dir='ltr'><strong>inde·</strong></span> 
     </span>
     <span class='ocr_line' id='line_1_15' title="bbox 235 2777 1870 2854; baseline -0.002 -15"><span class='ocrx_word' id='word_1_122' title='bbox 235 2782 331 2839; x_wconf 88' lang='lat' dir='ltr'><strong>minus</strong></span> <span class='ocrx_word' id='word_1_123' title='bbox 342 2781 498 2854; x_wconf 86' lang='lat' dir='ltr'><strong>composita</strong></span> <span class='ocrx_word' id='word_1_124' title='bbox 505 2779 769 2853; x_wconf 87' lang='lat' dir='ltr'><strong>deprehendi,inter</strong></span> <span class='ocrx_word' id='word_1_125' title='bbox 777 2795 839 2851; x_wconf 79' lang='lat' dir='ltr'><strong>qua</strong></span> <span class='ocrx_word' id='word_1_126' title='bbox 853 2778 973 2850; x_wconf 86' lang='lat' dir='ltr'><strong>speciale</strong></span> <span class='ocrx_word' id='word_1_127' title='bbox 985 2777 1033 2832; x_wconf 90' lang='lat' dir='ltr'><strong>do·</strong></span> <span class='ocrx_word' id='word_1_128' title='bbox 1072 2780 1212 2854; x_wconf 86' lang='lat' dir='ltr'><strong>prehensa</strong></span> <span class='ocrx_word' id='word_1_129' title='bbox 1230 2779 1304 2835; x_wconf 86' lang='lat' dir='ltr'><strong>Deus</strong></span> <span class='ocrx_word' id='word_1_130' title='bbox 1322 2779 1374 2834; x_wconf 88' lang='lat' dir='ltr'><strong>tibi</strong></span> <span class='ocrx_word' id='word_1_131' title='bbox 1395 2779 1537 2847; x_wconf 87' lang='lat' dir='ltr'><strong>revelavit,</strong></span> <span class='ocrx_word' id='word_1_132' title='bbox 1559 2781 1769 2852; x_wconf 79' lang='lat' dir='ltr'><strong>jucundissima</strong></span> <span class='ocrx_word' id='word_1_133' title='bbox 1787 2781 1870 2838; x_wconf 83' lang='lat' dir='ltr'><strong>colla-</strong></span> 
     </span>
     <span class='ocr_line' id='line_1_16' title="bbox 235 2867 1869 2943; baseline -0.001 -16"><span class='ocrx_word' id='word_1_134' title='bbox 235 2871 305 2926; x_wconf 88' lang='lat' dir='ltr'><strong>loris</strong></span> <span class='ocrx_word' id='word_1_135' title='bbox 319 2875 502 2943; x_wconf 82' lang='lat' dir='ltr'><strong>augmentum</strong></span> <span class='ocrx_word' id='word_1_136' title='bbox 519 2867 953 2941; x_wconf 56' lang='lat' dir='ltr'><strong>[tangomentumicaterisque</strong></span> <span class='ocrx_word' id='word_1_137' title='bbox 965 2883 1032 2939; x_wconf 90' lang='lat' dir='ltr'><strong>pas-</strong></span> <span class='ocrx_word' id='word_1_138' title='bbox 1071 2869 1149 2924; x_wconf 87' lang='lat' dir='ltr'><strong>tione</strong></span> <span class='ocrx_word' id='word_1_139' title='bbox 1167 2867 1365 2940; x_wconf 81' lang='lat' dir='ltr'><strong>perdiscerem,</strong></span> <span class='ocrx_word' id='word_1_140' title='bbox 1386 2874 1415 2924; x_wconf 93' lang='lat' dir='ltr'><strong>et</strong></span> <span class='ocrx_word' id='word_1_141' title='bbox 1433 2869 1528 2925; x_wconf 88' lang='lat' dir='ltr'><strong>omnia</strong></span> <span class='ocrx_word' id='word_1_142' title='bbox 1545 2869 1647 2926; x_wconf 89' lang='lat' dir='ltr'><strong>litteris</strong></span> <span class='ocrx_word' id='word_1_143' title='bbox 1664 2870 1869 2936; x_wconf 85' lang='lat' dir='ltr'><strong>commendari,</strong></span> 
     </span>
     <span class='ocr_line' id='line_1_17' title="bbox 235 2955 1871 3031; baseline -0.001 -15"><span class='ocrx_word' id='word_1_144' title='bbox 235 2959 347 3016; x_wconf 89' lang='lat' dir='ltr'><strong>sionum</strong></span> <span class='ocrx_word' id='word_1_145' title='bbox 363 2959 494 3016; x_wconf 87' lang='lat' dir='ltr'><strong>oneribus</strong></span> <span class='ocrx_word' id='word_1_146' title='bbox 508 2958 715 3031; x_wconf 89' lang='lat' dir='ltr'><strong>quodammodo</strong></span> <span class='ocrx_word' id='word_1_147' title='bbox 730 2957 844 3028; x_wconf 87' lang='lat' dir='ltr'><strong>gravius</strong></span> <span class='ocrx_word' id='word_1_148' title='bbox 857 2955 927 3011; x_wconf 89' lang='lat' dir='ltr'><strong>illud</strong></span> <span class='ocrx_word' id='word_1_149' title='bbox 933 2970 1032 3010; x_wconf 85' lang='lat' dir='ltr'><strong>occur·</strong></span> <span class='ocrx_word' id='word_1_150' title='bbox 1072 2957 1169 3030; x_wconf 87' lang='lat' dir='ltr'><strong>sicque</strong></span> <span class='ocrx_word' id='word_1_151' title='bbox 1176 2956 1320 3012; x_wconf 90' lang='lat' dir='ltr'><strong>communi</strong></span> <span class='ocrx_word' id='word_1_152' title='bbox 1328 2957 1519 3013; x_wconf 86' lang='lat' dir='ltr'><strong>studiosorum</strong></span> <span class='ocrx_word' id='word_1_153' title='bbox 1530 2959 1594 3014; x_wconf 88' lang='lat' dir='ltr'><strong>usui</strong></span> <span class='ocrx_word' id='word_1_154' title='bbox 1605 2959 1766 3015; x_wconf 77' lang='lat' dir='ltr'><strong>transfundi</strong></span> <span class='ocrx_word' id='word_1_155' title='bbox 1772 2959 1871 3015; x_wconf 87' lang='lat' dir='ltr'><strong>darem</strong></span> 
     </span>
     <span class='ocr_line' id='line_1_18' title="bbox 236 3045 1873 3122; baseline -0.001 -18"><span class='ocrx_word' id='word_1_156' title='bbox 236 3049 275 3104; x_wconf 92' lang='lat' dir='ltr'><strong>rit</strong></span> <span class='ocrx_word' id='word_1_157' title='bbox 281 3049 386 3116; x_wconf 89' lang='lat' dir='ltr'><strong>animo,</strong></span> <span class='ocrx_word' id='word_1_158' title='bbox 397 3049 472 3122; x_wconf 90' lang='lat' dir='ltr'><strong>quod</strong></span> <span class='ocrx_word' id='word_1_159' title='bbox 480 3047 574 3103; x_wconf 90' lang='lat' dir='ltr'><strong>nescio</strong></span> <span class='ocrx_word' id='word_1_160' title='bbox 585 3063 640 3119; x_wconf 89' lang='lat' dir='ltr'><strong>qua</strong></span> <span class='ocrx_word' id='word_1_161' title='bbox 655 3045 770 3103; x_wconf 85' lang='lat' dir='ltr'><strong>violenti</strong></span> <span class='ocrx_word' id='word_1_162' title='bbox 781 3045 866 3101; x_wconf 84' lang='lat' dir='ltr'><strong>divini</strong></span> <span class='ocrx_word' id='word_1_163' title='bbox 882 3050 968 3100; x_wconf 88' lang='lat' dir='ltr'><strong>nutus</strong></span> <span class='ocrx_word' id='word_1_164' title='bbox 981 3060 1032 3116; x_wconf 89' lang='lat' dir='ltr'><strong>po-</strong></span> <span class='ocrx_word' id='word_1_165' title='bbox 1073 3045 1233 3109; x_wconf 88' lang='lat' dir='ltr'><strong>consilium,</strong></span> <span class='ocrx_word' id='word_1_166' title='bbox 1253 3051 1351 3101; x_wconf 84' lang='lat' dir='ltr'><strong>contm</strong></span> <span class='ocrx_word' id='word_1_167' title='bbox 1364 3045 1454 3118; x_wconf 83' lang='lat' dir='ltr'><strong>ipsius</strong></span> <span class='ocrx_word' id='word_1_168' title='bbox 1469 3047 1604 3119; x_wconf 86' lang='lat' dir='ltr'><strong>propositi</strong></span> <span class='ocrx_word' id='word_1_169' title='bbox 1619 3047 1810 3105; x_wconf 87' lang='lat' dir='ltr'><strong>intentionem</strong></span> <span class='ocrx_word' id='word_1_170' title='bbox 1819 3048 1873 3104; x_wconf 85' lang='lat' dir='ltr'><strong>huc</strong></span> 
     </span>
     <span class='ocr_line' id='line_1_19' title="bbox 235 3133 1873 3210; baseline 0.001 -17"><span class='ocrx_word' id='word_1_171' title='bbox 235 3138 327 3193; x_wconf 80' lang='lat' dir='ltr'><strong>tantia</strong></span> <span class='ocrx_word' id='word_1_172' title='bbox 340 3142 463 3204; x_wconf 89' lang='lat' dir='ltr'><strong>coactus,</strong></span> <span class='ocrx_word' id='word_1_173' title='bbox 472 3137 507 3192; x_wconf 89' lang='lat' dir='ltr'><strong>ad</strong></span> <span class='ocrx_word' id='word_1_174' title='bbox 522 3137 609 3192; x_wconf 84' lang='lat' dir='ltr'><strong>totius</strong></span> <span class='ocrx_word' id='word_1_175' title='bbox 620 3135 735 3207; x_wconf 90' lang='lat' dir='ltr'><strong>quidem</strong></span> <span class='ocrx_word' id='word_1_176' title='bbox 743 3133 901 3207; x_wconf 84' lang='lat' dir='ltr'><strong>quadruvii,</strong></span> <span class='ocrx_word' id='word_1_177' title='bbox 911 3133 1033 3188; x_wconf 86' lang='lat' dir='ltr'><strong>maxime</strong></span> <span class='ocrx_word' id='word_1_178' title='bbox 1073 3142 1136 3208; x_wconf 90' lang='lat' dir='ltr'><strong>post</strong></span> <span class='ocrx_word' id='word_1_179' title='bbox 1152 3139 1180 3190; x_wconf 91' lang='lat' dir='ltr'><strong>tc</strong></span> <span class='ocrx_word' id='word_1_180' title='bbox 1189 3134 1272 3190; x_wconf 90' lang='lat' dir='ltr'><strong>modo</strong></span> <span class='ocrx_word' id='word_1_181' title='bbox 1287 3135 1447 3191; x_wconf 80' lang='lat' dir='ltr'><strong>venientem</strong></span> <span class='ocrx_word' id='word_1_182' title='bbox 1460 3136 1612 3193; x_wconf 86' lang='lat' dir='ltr'><strong>calliditate</strong></span> <span class='ocrx_word' id='word_1_183' title='bbox 1625 3153 1679 3192; x_wconf 89' lang='lat' dir='ltr'><strong>sua</strong></span> <span class='ocrx_word' id='word_1_184' title='bbox 1692 3153 1873 3210; x_wconf 68' lang='lat' dir='ltr'><strong>praeocupe-</strong></span> 
     </span>
     <span class='ocr_line' id='line_1_20' title="bbox 236 3217 1873 3296; baseline 0.001 -15"><span class='ocrx_word' id='word_1_185' title='bbox 236 3231 332 3283; x_wconf 87' lang='lat' dir='ltr'><strong>sutem</strong></span> <span class='ocrx_word' id='word_1_186' title='bbox 347 3227 381 3282; x_wconf 89' lang='lat' dir='ltr'><strong>ad</strong></span> <span class='ocrx_word' id='word_1_187' title='bbox 396 3225 576 3282; x_wconf 75' lang='lat' dir='ltr'><strong>astronomia</strong></span> <span class='ocrx_word' id='word_1_188' title='bbox 591 3225 716 3281; x_wconf 85' lang='lat' dir='ltr'><strong>studium</strong></span> <span class='ocrx_word' id='word_1_189' title='bbox 729 3240 774 3279; x_wconf 91' lang='lat' dir='ltr'><strong>me</strong></span> <span class='ocrx_word' id='word_1_190' title='bbox 786 3222 898 3296; x_wconf 87' lang='lat' dir='ltr'><strong>penitus</strong></span> <span class='ocrx_word' id='word_1_191' title='bbox 909 3221 1034 3277; x_wconf 88' lang='lat' dir='ltr'><strong>contule-</strong></span> <span class='ocrx_word' id='word_1_192' title='bbox 1073 3224 1113 3278; x_wconf 85' lang='lat' dir='ltr'><strong>vit</strong></span> <span class='ocrx_word' id='word_1_193' title='bbox 1131 3222 1184 3279; x_wconf 90' lang='lat' dir='ltr'><strong>sub</strong></span> <span class='ocrx_word' id='word_1_194' title='bbox 1202 3229 1332 3295; x_wconf 87' lang='lat' dir='ltr'><strong>pretextu</strong></span> <span class='ocrx_word' id='word_1_195' title='bbox 1352 3217 1682 3296; x_wconf 82' lang='lat' dir='ltr'><strong>religionis&#39;inuocentire</strong></span> <span class='ocrx_word' id='word_1_196' title='bbox 1700 3233 1757 3282; x_wconf 76' lang='lat' dir='ltr'><strong>tuas</strong></span> <span class='ocrx_word' id='word_1_197' title='bbox 1776 3226 1873 3282; x_wconf 80' lang='lat' dir='ltr'><strong>rolens</strong></span> 
     </span>
     <span class='ocr_line' id='line_1_21' title="bbox 235 3310 1873 3388; baseline -0.001 -17"><span class='ocrx_word' id='word_1_198' title='bbox 235 3315 313 3371; x_wconf 83' lang='lat' dir='ltr'><strong>rim:</strong></span> <span class='ocrx_word' id='word_1_199' title='bbox 333 3321 363 3371; x_wconf 89' lang='lat' dir='ltr'><strong>et</strong></span> <span class='ocrx_word' id='word_1_200' title='bbox 381 3315 455 3388; x_wconf 91' lang='lat' dir='ltr'><strong>quod</strong></span> <span class='ocrx_word' id='word_1_201' title='bbox 474 3314 599 3382; x_wconf 89' lang='lat' dir='ltr'><strong>interim,</strong></span> <span class='ocrx_word' id='word_1_202' title='bbox 620 3314 687 3369; x_wconf 91' lang='lat' dir='ltr'><strong>dum</strong></span> <span class='ocrx_word' id='word_1_203' title='bbox 710 3313 740 3368; x_wconf 91' lang='lat' dir='ltr'><strong>in</strong></span> <span class='ocrx_word' id='word_1_204' title='bbox 766 3312 864 3367; x_wconf 88' lang='lat' dir='ltr'><strong>eadem</strong></span> <span class='ocrx_word' id='word_1_205' title='bbox 883 3310 1033 3382; x_wconf 88' lang='lat' dir='ltr'><strong>disciplina</strong></span> <span class='ocrx_word' id='word_1_206' title='bbox 1073 3328 1236 3384; x_wconf 79' lang='lat' dir='ltr'><strong>suggerere,</strong></span> <span class='ocrx_word' id='word_1_207' title='bbox 1256 3315 1396 3385; x_wconf 87' lang='lat' dir='ltr'><strong>quatenus</strong></span> <span class='ocrx_word' id='word_1_208' title='bbox 1414 3313 1588 3370; x_wconf 87' lang='lat' dir='ltr'><strong>Dominicam</strong></span> <span class='ocrx_word' id='word_1_209' title='bbox 1608 3315 1758 3388; x_wconf 86' lang='lat' dir='ltr'><strong>pecaniam</strong></span> <span class='ocrx_word' id='word_1_210' title='bbox 1786 3315 1873 3370; x_wconf 89' lang='lat' dir='ltr'><strong>lrurno</strong></span> 
     </span>
     <span class='ocr_line' id='line_1_22' title="bbox 235 3400 1872 3477; baseline -0.001 -17"><span class='ocrx_word' id='word_1_211' title='bbox 235 3405 307 3460; x_wconf 88' lang='lat' dir='ltr'><strong>mihi</strong></span> <span class='ocrx_word' id='word_1_212' title='bbox 320 3404 372 3460; x_wconf 92' lang='lat' dir='ltr'><strong>oli</strong></span> <span class='ocrx_word' id='word_1_213' title='bbox 382 3404 511 3460; x_wconf 87' lang='lat' dir='ltr'><strong>laborare</strong></span> <span class='ocrx_word' id='word_1_214' title='bbox 525 3401 889 3477; x_wconf 87' lang='lat' dir='ltr'><strong>proposueram,inopinata</strong></span> <span class='ocrx_word' id='word_1_215' title='bbox 900 3415 1034 3471; x_wconf 88' lang='lat' dir='ltr'><strong>quorum·</strong></span> <span class='ocrx_word' id='word_1_216' title='bbox 1073 3402 1173 3457; x_wconf 89' lang='lat' dir='ltr'><strong>malles</strong></span> <span class='ocrx_word' id='word_1_217' title='bbox 1194 3400 1328 3467; x_wconf 78' lang='lat' dir='ltr'><strong>infodere,</strong></span> <span class='ocrx_word' id='word_1_218' title='bbox 1349 3417 1434 3475; x_wconf 84' lang='lat' dir='ltr'><strong>quam</strong></span> <span class='ocrx_word' id='word_1_219' title='bbox 1453 3403 1585 3458; x_wconf 87' lang='lat' dir='ltr'><strong>humanis</strong></span> <span class='ocrx_word' id='word_1_220' title='bbox 1607 3403 1780 3476; x_wconf 79' lang='lat' dir='ltr'><strong>profectibus</strong></span> <span class='ocrx_word' id='word_1_221' title='bbox 1800 3403 1872 3459; x_wconf 90' lang='lat' dir='ltr'><strong>mul·</strong></span> 
     </span>
     <span class='ocr_line' id='line_1_23' title="bbox 235 3488 1871 3565; baseline -0.001 -15"><span class='ocrx_word' id='word_1_222' title='bbox 235 3495 312 3560; x_wconf 89' lang='lat' dir='ltr'><strong>dam,</strong></span> <span class='ocrx_word' id='word_1_223' title='bbox 326 3493 411 3550; x_wconf 90' lang='lat' dir='ltr'><strong>etiam</strong></span> <span class='ocrx_word' id='word_1_224' title='bbox 426 3491 671 3565; x_wconf 80' lang='lat' dir='ltr'><strong>peritissimorum,</strong></span> <span class='ocrx_word' id='word_1_225' title='bbox 682 3491 856 3562; x_wconf 81' lang='lat' dir='ltr'><strong>inquietarer</strong></span> <span class='ocrx_word' id='word_1_226' title='bbox 864 3488 1030 3561; x_wconf 76' lang='lat' dir='ltr'><strong>frequentia:</strong></span> <span class='ocrx_word' id='word_1_227' title='bbox 1041 3490 1254 3564; x_wconf 79' lang='lat' dir='ltr'><strong>Btiplicandam</strong></span> <span class='ocrx_word' id='word_1_228' title='bbox 1267 3491 1390 3547; x_wconf 84' lang='lat' dir='ltr'><strong>tradere.</strong></span> <span class='ocrx_word' id='word_1_229' title='bbox 1405 3491 1480 3556; x_wconf 86' lang='lat' dir='ltr'><strong>Quin</strong></span> <span class='ocrx_word' id='word_1_230' title='bbox 1494 3509 1556 3564; x_wconf 86' lang='lat' dir='ltr'><strong>age,</strong></span> <span class='ocrx_word' id='word_1_231' title='bbox 1570 3497 1599 3548; x_wconf 93' lang='lat' dir='ltr'><strong>et</strong></span> <span class='ocrx_word' id='word_1_232' title='bbox 1610 3509 1741 3548; x_wconf 84' lang='lat' dir='ltr'><strong>errorum</strong></span> <span class='ocrx_word' id='word_1_233' title='bbox 1754 3493 1816 3564; x_wconf 76' lang='lat' dir='ltr'><strong>eius</strong></span> <span class='ocrx_word' id='word_1_234' title='bbox 1834 3492 1871 3548; x_wconf 90' lang='lat' dir='ltr'><strong>si·</strong></span> 
     </span>
     <span class='ocr_line' id='line_1_24' title="bbox 236 3579 1871 3655; baseline -0.001 -17"><span class='ocrx_word' id='word_1_235' title='bbox 236 3583 377 3655; x_wconf 82' lang='lat' dir='ltr'><strong>quodque,</strong></span> <span class='ocrx_word' id='word_1_236' title='bbox 390 3582 458 3638; x_wconf 89' lang='lat' dir='ltr'><strong>dum</strong></span> <span class='ocrx_word' id='word_1_237' title='bbox 471 3581 514 3637; x_wconf 86' lang='lat' dir='ltr'><strong>lris</strong></span> <span class='ocrx_word' id='word_1_238' title='bbox 528 3581 732 3652; x_wconf 88' lang='lat' dir='ltr'><strong>singulisame</strong></span> <span class='ocrx_word' id='word_1_239' title='bbox 745 3579 822 3636; x_wconf 90' lang='lat' dir='ltr'><strong>utad</strong></span> <span class='ocrx_word' id='word_1_240' title='bbox 838 3579 928 3650; x_wconf 88' lang='lat' dir='ltr'><strong>ipsam</strong></span> <span class='ocrx_word' id='word_1_241' title='bbox 941 3583 1033 3633; x_wconf 82' lang='lat' dir='ltr'><strong>artem</strong></span> <span class='ocrx_word' id='word_1_242' title='bbox 1074 3580 1208 3637; x_wconf 86' lang='lat' dir='ltr'><strong>naamine</strong></span> <span class='ocrx_word' id='word_1_243' title='bbox 1232 3579 1319 3635; x_wconf 85' lang='lat' dir='ltr'><strong>virilis</strong></span> <span class='ocrx_word' id='word_1_244' title='bbox 1343 3581 1509 3636; x_wconf 78' lang='lat' dir='ltr'><strong>constantia</strong></span> <span class='ocrx_word' id='word_1_245' title='bbox 1534 3581 1627 3637; x_wconf 84' lang='lat' dir='ltr'><strong>orbita</strong></span> <span class='ocrx_word' id='word_1_246' title='bbox 1643 3581 1778 3651; x_wconf 83' lang='lat' dir='ltr'><strong>tramito,</strong></span> <span class='ocrx_word' id='word_1_247' title='bbox 1796 3598 1871 3654; x_wconf 70' lang='lat' dir='ltr'><strong>supe</strong></span> 
     </span>
     <span class='ocr_line' id='line_1_25' title="bbox 236 3667 1871 3743; baseline 0 -17"><span class='ocrx_word' id='word_1_248' title='bbox 236 3669 462 3737; x_wconf 87' lang='lat' dir='ltr'><strong>introducantur,</strong></span> <span class='ocrx_word' id='word_1_249' title='bbox 476 3669 661 3741; x_wconf 85' lang='lat' dir='ltr'><strong>exigentibus,</strong></span> <span class='ocrx_word' id='word_1_250' title='bbox 671 3667 785 3724; x_wconf 87' lang='lat' dir='ltr'><strong>obedire</strong></span> <span class='ocrx_word' id='word_1_251' title='bbox 799 3668 966 3732; x_wconf 90' lang='lat' dir='ltr'><strong>studuerim,</strong></span> <span class='ocrx_word' id='word_1_252' title='bbox 975 3683 1031 3723; x_wconf 90' lang='lat' dir='ltr'><strong>non</strong></span> <span class='ocrx_word' id='word_1_253' title='bbox 1072 3669 1248 3742; x_wconf 88' lang='lat' dir='ltr'><strong>propositum</strong></span> <span class='ocrx_word' id='word_1_254' title='bbox 1255 3668 1359 3740; x_wconf 89' lang='lat' dir='ltr'><strong>dialogi</strong></span> <span class='ocrx_word' id='word_1_255' title='bbox 1367 3685 1481 3725; x_wconf 80' lang='lat' dir='ltr'><strong>cursum</strong></span> <span class='ocrx_word' id='word_1_256' title='bbox 1487 3670 1701 3742; x_wconf 79' lang='lat' dir='ltr'><strong>aggrediamur:</strong></span> <span class='ocrx_word' id='word_1_257' title='bbox 1714 3687 1800 3743; x_wconf 85' lang='lat' dir='ltr'><strong>quem</strong></span> <span class='ocrx_word' id='word_1_258' title='bbox 1807 3687 1871 3742; x_wconf 83' lang='lat' dir='ltr'><strong>ego,</strong></span> 
     </span>
     <span class='ocr_line' id='line_1_26' title="bbox 236 3756 1874 3831; baseline 0.001 -17"><span class='ocrx_word' id='word_1_259' title='bbox 236 3759 328 3814; x_wconf 88' lang='lat' dir='ltr'><strong>solum</strong></span> <span class='ocrx_word' id='word_1_260' title='bbox 343 3776 360 3814; x_wconf 89' lang='lat' dir='ltr'><strong>a</strong></span> <span class='ocrx_word' id='word_1_261' title='bbox 374 3756 1033 3831; x_wconf 70' lang='lat' dir='ltr'><strong>supernecontemplationiscelsitudine,sedet</strong></span> <span class='ocrx_word' id='word_1_262' title='bbox 1073 3758 1097 3813; x_wconf 92' lang='lat' dir='ltr'><strong>si</strong></span> <span class='ocrx_word' id='word_1_263' title='bbox 1109 3757 1228 3830; x_wconf 83' lang='lat' dir='ltr'><strong>jusseris</strong></span> <span class='ocrx_word' id='word_1_264' title='bbox 1245 3756 1296 3824; x_wconf 88' lang='lat' dir='ltr'><strong>ita,</strong></span> <span class='ocrx_word' id='word_1_265' title='bbox 1315 3762 1348 3812; x_wconf 87' lang='lat' dir='ltr'><strong>ut</strong></span> <span class='ocrx_word' id='word_1_266' title='bbox 1366 3757 1450 3813; x_wconf 87' lang='lat' dir='ltr'><strong>bodie</strong></span> <span class='ocrx_word' id='word_1_267' title='bbox 1465 3759 1523 3814; x_wconf 87' lang='lat' dir='ltr'><strong>Deo</strong></span> <span class='ocrx_word' id='word_1_268' title='bbox 1535 3758 1610 3814; x_wconf 89' lang='lat' dir='ltr'><strong>inter</strong></span> <span class='ocrx_word' id='word_1_269' title='bbox 1627 3775 1679 3814; x_wconf 88' lang='lat' dir='ltr'><strong>nos</strong></span> <span class='ocrx_word' id='word_1_270' title='bbox 1698 3759 1793 3815; x_wconf 89' lang='lat' dir='ltr'><strong>medio</strong></span> <span class='ocrx_word' id='word_1_271' title='bbox 1807 3775 1874 3815; x_wconf 86' lang='lat' dir='ltr'><strong>con-</strong></span> 
     </span>
     <span class='ocr_line' id='line_1_27' title="bbox 237 3843 1872 3920; baseline 0.001 -18"><span class='ocrx_word' id='word_1_272' title='bbox 237 3846 359 3903; x_wconf 89' lang='lat' dir='ltr'><strong>adebito</strong></span> <span class='ocrx_word' id='word_1_273' title='bbox 374 3844 685 3920; x_wconf 84' lang='lat' dir='ltr'><strong>quotidianoservitutis</strong></span> <span class='ocrx_word' id='word_1_274' title='bbox 691 3845 743 3902; x_wconf 87' lang='lat' dir='ltr'><strong>Dei</strong></span> <span class='ocrx_word' id='word_1_275' title='bbox 756 3843 849 3916; x_wconf 88' lang='lat' dir='ltr'><strong>gradu</strong></span> <span class='ocrx_word' id='word_1_276' title='bbox 859 3861 905 3900; x_wconf 91' lang='lat' dir='ltr'><strong>me</strong></span> <span class='ocrx_word' id='word_1_277' title='bbox 914 3843 1031 3900; x_wconf 86' lang='lat' dir='ltr'><strong>viderim</strong></span> <span class='ocrx_word' id='word_1_278' title='bbox 1072 3851 1232 3903; x_wconf 78' lang='lat' dir='ltr'><strong>summotus</strong></span> <span class='ocrx_word' id='word_1_279' title='bbox 1239 3844 1502 3912; x_wconf 78' lang='lat' dir='ltr'><strong>brenitdivinaitem</strong></span> <span class='ocrx_word' id='word_1_280' title='bbox 1508 3854 1651 3903; x_wconf 87' lang='lat' dir='ltr'><strong>annuente</strong></span> <span class='ocrx_word' id='word_1_281' title='bbox 1657 3847 1752 3918; x_wconf 84' lang='lat' dir='ltr'><strong>gratia</strong></span> <span class='ocrx_word' id='word_1_282' title='bbox 1758 3847 1872 3920; x_wconf 80' lang='lat' dir='ltr'><strong>scriptis</strong></span> 
     </span>
     <span class='ocr_line' id='line_1_28' title="bbox 233 3936 1871 4009; baseline 0 -17"><span class='ocrx_word' id='word_1_283' title='bbox 233 3936 384 4008; x_wconf 70' lang='lat' dir='ltr'><strong>dejemum.</strong></span> <span class='ocrx_word' id='word_1_284' title='bbox 1071 3951 1208 4009; x_wconf 86' lang='lat' dir='ltr'><strong>exponam</strong></span> <span class='ocrx_word' id='word_1_285' title='bbox 1227 3936 1342 4008; x_wconf 87' lang='lat' dir='ltr'><strong>:sicque</strong></span> <span class='ocrx_word' id='word_1_286' title='bbox 1352 3939 1382 3992; x_wconf 89' lang='lat' dir='ltr'><strong>et</strong></span> <span class='ocrx_word' id='word_1_287' title='bbox 1394 3936 1534 3992; x_wconf 77' lang='lat' dir='ltr'><strong>diuturna</strong></span> <span class='ocrx_word' id='word_1_288' title='bbox 1548 3936 1681 3992; x_wconf 88' lang='lat' dir='ltr'><strong>desiderii</strong></span> <span class='ocrx_word' id='word_1_289' title='bbox 1690 3936 1747 3992; x_wconf 89' lang='lat' dir='ltr'><strong>mei</strong></span> <span class='ocrx_word' id='word_1_290' title='bbox 1760 3937 1871 3993; x_wconf 78' lang='lat' dir='ltr'><strong>satiria-</strong></span> 
     </span>
    </p>

    <p class='ocr_par' dir='ltr' id='par_1_9' title="bbox 235 4021 1875 5435">
     <span class='ocr_line' id='line_1_29' title="bbox 270 4021 1870 4099; baseline -0.001 -16"><span class='ocrx_word' id='word_1_291' title='bbox 270 4027 371 4099; x_wconf 86' lang='lat' dir='ltr'><strong>ltaque</strong></span> <span class='ocrx_word' id='word_1_292' title='bbox 383 4043 447 4083; x_wconf 91' lang='lat' dir='ltr'><strong>cum</strong></span> <span class='ocrx_word' id='word_1_293' title='bbox 461 4025 521 4082; x_wconf 83' lang='lat' dir='ltr'><strong>haec</strong></span> <span class='ocrx_word' id='word_1_294' title='bbox 534 4041 646 4082; x_wconf 90' lang='lat' dir='ltr'><strong>mecum</strong></span> <span class='ocrx_word' id='word_1_295' title='bbox 661 4023 744 4080; x_wconf 87' lang='lat' dir='ltr'><strong>anxia</strong></span> <span class='ocrx_word' id='word_1_296' title='bbox 756 4021 1030 4097; x_wconf 86' lang='lat' dir='ltr'><strong>pervolveremsolli·</strong></span> <span class='ocrx_word' id='word_1_297' title='bbox 1071 4023 1144 4080; x_wconf 88' lang='lat' dir='ltr'><strong>ciam</strong></span> <span class='ocrx_word' id='word_1_298' title='bbox 1163 4023 1370 4097; x_wconf 79' lang='lat' dir='ltr'><strong>exspectationi,</strong></span> <span class='ocrx_word' id='word_1_299' title='bbox 1394 4029 1424 4079; x_wconf 88' lang='lat' dir='ltr'><strong>et</strong></span> <span class='ocrx_word' id='word_1_300' title='bbox 1445 4025 1615 4093; x_wconf 77' lang='lat' dir='ltr'><strong>theoretica,</strong></span> <span class='ocrx_word' id='word_1_301' title='bbox 1631 4041 1718 4098; x_wconf 86' lang='lat' dir='ltr'><strong>quam</strong></span> <span class='ocrx_word' id='word_1_302' title='bbox 1735 4031 1814 4082; x_wconf 87' lang='lat' dir='ltr'><strong>totus</strong></span> <span class='ocrx_word' id='word_1_303' title='bbox 1826 4025 1870 4082; x_wconf 88' lang='lat' dir='ltr'><strong>in·</strong></span> 
     </span>
     <span class='ocr_line' id='line_1_30' title="bbox 236 4111 1870 4187; baseline 0 -16"><span class='ocrx_word' id='word_1_304' title='bbox 236 4114 370 4184; x_wconf 88' lang='lat' dir='ltr'><strong>citudine,</strong></span> <span class='ocrx_word' id='word_1_305' title='bbox 391 4114 573 4172; x_wconf 87' lang='lat' dir='ltr'><strong>charissimus</strong></span> <span class='ocrx_word' id='word_1_306' title='bbox 587 4120 614 4170; x_wconf 92' lang='lat' dir='ltr'><strong>et</strong></span> <span class='ocrx_word' id='word_1_307' title='bbox 629 4114 708 4170; x_wconf 83' lang='lat' dir='ltr'><strong>valde</strong></span> <span class='ocrx_word' id='word_1_308' title='bbox 721 4112 823 4169; x_wconf 88' lang='lat' dir='ltr'><strong>unicus</strong></span> <span class='ocrx_word' id='word_1_309' title='bbox 837 4112 907 4167; x_wconf 89' lang='lat' dir='ltr'><strong>mihi</strong></span> <span class='ocrx_word' id='word_1_310' title='bbox 921 4111 945 4169; x_wconf 94' lang='lat'>0</span> <span class='ocrx_word' id='word_1_311' title='bbox 960 4111 1030 4183; x_wconf 84' lang='lat' dir='ltr'><strong>[alia</strong></span> <span class='ocrx_word' id='word_1_312' title='bbox 1069 4113 1173 4178; x_wconf 86' lang='lat' dir='ltr'><strong>tendis,</strong></span> <span class='ocrx_word' id='word_1_313' title='bbox 1182 4113 1326 4169; x_wconf 87' lang='lat' dir='ltr'><strong>securitati</strong></span> <span class='ocrx_word' id='word_1_314' title='bbox 1338 4113 1453 4169; x_wconf 86' lang='lat' dir='ltr'><strong>reddam</strong></span> <span class='ocrx_word' id='word_1_315' title='bbox 1463 4113 1716 4187; x_wconf 85' lang='lat' dir='ltr'><strong>expeditum,Quia</strong></span> <span class='ocrx_word' id='word_1_316' title='bbox 1723 4115 1799 4171; x_wconf 90' lang='lat' dir='ltr'><strong>enim</strong></span> <span class='ocrx_word' id='word_1_317' title='bbox 1807 4115 1870 4171; x_wconf 83' lang='lat' dir='ltr'><strong>illas</strong></span> 
     </span>
     <span class='ocr_line' id='line_1_31' title="bbox 235 4199 1871 4276; baseline 0 -16"><span class='ocrx_word' id='word_1_318' title='bbox 235 4220 338 4261; x_wconf 80' lang='lat' dir='ltr'><strong>omnus</strong></span> <span class='ocrx_word' id='word_1_319' title='bbox 351 4209 447 4261; x_wconf 81' lang='lat' dir='ltr'><strong>notat:</strong></span> <span class='ocrx_word' id='word_1_320' title='bbox 465 4203 601 4274; x_wconf 87' lang='lat' dir='ltr'><strong>Otocbus]</strong></span> <span class='ocrx_word' id='word_1_321' title='bbox 608 4202 819 4275; x_wconf 82' lang='lat' dir='ltr'><strong>superveniens,</strong></span> <span class='ocrx_word' id='word_1_322' title='bbox 831 4217 933 4273; x_wconf 89' lang='lat' dir='ltr'><strong>meque</strong></span> <span class='ocrx_word' id='word_1_323' title='bbox 941 4199 1030 4256; x_wconf 75' lang='lat' dir='ltr'><strong>solitae</strong></span> <span class='ocrx_word' id='word_1_324' title='bbox 1074 4218 1139 4257; x_wconf 85' lang='lat' dir='ltr'><strong>rere</strong></span> <span class='ocrx_word' id='word_1_325' title='bbox 1153 4201 1298 4258; x_wconf 85' lang='lat' dir='ltr'><strong>mirandas</strong></span> <span class='ocrx_word' id='word_1_326' title='bbox 1308 4201 1521 4258; x_wconf 82' lang='lat' dir='ltr'><strong>adinventiones</strong></span> <span class='ocrx_word' id='word_1_327' title='bbox 1530 4208 1595 4258; x_wconf 86' lang='lat' dir='ltr'><strong>tuas</strong></span> <span class='ocrx_word' id='word_1_328' title='bbox 1608 4202 1802 4276; x_wconf 86' lang='lat' dir='ltr'><strong>probabilibus</strong></span> <span class='ocrx_word' id='word_1_329' title='bbox 1808 4205 1871 4275; x_wconf 80' lang='lat' dir='ltr'><strong>jam</strong></span> 
     </span>
     <span class='ocr_line' id='line_1_32' title="bbox 235 4288 1871 4364; baseline 0 -16"><span class='ocrx_word' id='word_1_330' title='bbox 235 4293 394 4350; x_wconf 85' lang='lat' dir='ltr'><strong>dilectionis</strong></span> <span class='ocrx_word' id='word_1_331' title='bbox 417 4295 530 4350; x_wconf 87' lang='lat' dir='ltr'><strong>intuens</strong></span> <span class='ocrx_word' id='word_1_332' title='bbox 558 4291 714 4358; x_wconf 85' lang='lat' dir='ltr'><strong>alacritate,</strong></span> <span class='ocrx_word' id='word_1_333' title='bbox 743 4290 876 4347; x_wconf 85' lang='lat' dir='ltr'><strong>continuo</strong></span> <span class='ocrx_word' id='word_1_334' title='bbox 907 4288 1030 4344; x_wconf 74' lang='lat' dir='ltr'><strong>tristitia</strong></span> <span class='ocrx_word' id='word_1_335' title='bbox 1070 4291 1234 4348; x_wconf 78' lang='lat' dir='ltr'><strong>deformasti</strong></span> <span class='ocrx_word' id='word_1_336' title='bbox 1247 4291 1453 4357; x_wconf 87' lang='lat' dir='ltr'><strong>instrumentis,</strong></span> <span class='ocrx_word' id='word_1_337' title='bbox 1473 4291 1737 4348; x_wconf 71' lang='lat' dir='ltr'><strong>dessdemtitteris</strong></span> <span class='ocrx_word' id='word_1_338' title='bbox 1756 4309 1871 4364; x_wconf 88' lang='lat' dir='ltr'><strong>quoque</strong></span> 
     </span>
     <span class='ocr_line' id='line_1_33' title="bbox 235 4378 1872 4456; baseline -0.001 -16"><span class='ocrx_word' id='word_1_339' title='bbox 235 4399 350 4441; x_wconf 86' lang='lat' dir='ltr'><strong>causam</strong></span> <span class='ocrx_word' id='word_1_340' title='bbox 372 4383 499 4456; x_wconf 88' lang='lat' dir='ltr'><strong>inquirit.</strong></span> <span class='ocrx_word' id='word_1_341' title='bbox 524 4381 576 4439; x_wconf 81' lang='lat' dir='ltr'><strong>Oui</strong></span> <span class='ocrx_word' id='word_1_342' title='bbox 591 4397 643 4453; x_wconf 80' lang='lat' dir='ltr'><strong>ego</strong></span> <span class='ocrx_word' id='word_1_343' title='bbox 658 4397 718 4436; x_wconf 89' lang='lat' dir='ltr'><strong>rem</strong></span> <span class='ocrx_word' id='word_1_344' title='bbox 737 4380 819 4436; x_wconf 82' lang='lat' dir='ltr'><strong>lateri</strong></span> <span class='ocrx_word' id='word_1_345' title='bbox 838 4385 977 4446; x_wconf 88' lang='lat' dir='ltr'><strong>metuens,</strong></span> <span class='ocrx_word' id='word_1_346' title='bbox 997 4393 1031 4433; x_wconf 89' lang='lat' dir='ltr'><strong>eo</strong></span> <span class='ocrx_word' id='word_1_347' title='bbox 1072 4379 1190 4452; x_wconf 90' lang='lat' dir='ltr'><strong>exprimi</strong></span> <span class='ocrx_word' id='word_1_348' title='bbox 1201 4378 1311 4448; x_wconf 77' lang='lat' dir='ltr'><strong>seceris,</strong></span> <span class='ocrx_word' id='word_1_349' title='bbox 1331 4380 1481 4435; x_wconf 89' lang='lat' dir='ltr'><strong>maximam</strong></span> <span class='ocrx_word' id='word_1_350' title='bbox 1495 4380 1686 4437; x_wconf 85' lang='lat' dir='ltr'><strong>studiosorum</strong></span> <span class='ocrx_word' id='word_1_351' title='bbox 1698 4383 1823 4454; x_wconf 82' lang='lat' dir='ltr'><strong>gratiam</strong></span> <span class='ocrx_word' id='word_1_352' title='bbox 1841 4387 1872 4438; x_wconf 89' lang='lat' dir='ltr'><strong>et</strong></span> 
     </span>
     <span class='ocr_line' id='line_1_34' title="bbox 236 4467 1872 4547; baseline -0.001 -18"><span class='ocrx_word' id='word_1_353' title='bbox 236 4474 310 4547; x_wconf 87' lang='lat' dir='ltr'><strong>quod</strong></span> <span class='ocrx_word' id='word_1_354' title='bbox 322 4473 382 4547; x_wconf 81' lang='lat' dir='ltr'><strong>ipse</strong></span> <span class='ocrx_word' id='word_1_355' title='bbox 405 4473 514 4546; x_wconf 86' lang='lat' dir='ltr'><strong>primus</strong></span> <span class='ocrx_word' id='word_1_356' title='bbox 528 4470 628 4526; x_wconf 88' lang='lat' dir='ltr'><strong>secreti</strong></span> <span class='ocrx_word' id='word_1_357' title='bbox 643 4470 698 4526; x_wconf 87' lang='lat' dir='ltr'><strong>mei</strong></span> <span class='ocrx_word' id='word_1_358' title='bbox 718 4469 827 4525; x_wconf 82' lang='lat' dir='ltr'><strong>delator</strong></span> <span class='ocrx_word' id='word_1_359' title='bbox 840 4468 876 4523; x_wconf 88' lang='lat' dir='ltr'><strong>ad</strong></span> <span class='ocrx_word' id='word_1_360' title='bbox 890 4467 1031 4539; x_wconf 83' lang='lat' dir='ltr'><strong>publicam</strong></span> <span class='ocrx_word' id='word_1_361' title='bbox 1071 4467 1275 4542; x_wconf 87' lang='lat' dir='ltr'><strong>beneplacitam</strong></span> <span class='ocrx_word' id='word_1_362' title='bbox 1293 4485 1345 4542; x_wconf 92' lang='lat' dir='ltr'><strong>pro</strong></span> <span class='ocrx_word' id='word_1_363' title='bbox 1371 4475 1469 4526; x_wconf 85' lang='lat' dir='ltr'><strong>sancta</strong></span> <span class='ocrx_word' id='word_1_364' title='bbox 1489 4469 1584 4542; x_wconf 84' lang='lat' dir='ltr'><strong>quiete</strong></span> <span class='ocrx_word' id='word_1_365' title='bbox 1604 4470 1715 4526; x_wconf 82' lang='lat' dir='ltr'><strong>reniam</strong></span> <span class='ocrx_word' id='word_1_366' title='bbox 1742 4471 1872 4544; x_wconf 84' lang='lat' dir='ltr'><strong>ipsorum</strong></span> 
     </span>
     <span class='ocr_line' id='line_1_35' title="bbox 235 4557 1387 4634; baseline -0.004 -16"><span class='ocrx_word' id='word_1_367' title='bbox 235 4563 376 4634; x_wconf 66' lang='lat' dir='ltr'><strong>predicta</strong></span> <span class='ocrx_word' id='word_1_368' title='bbox 385 4561 454 4617; x_wconf 87' lang='lat' dir='ltr'><strong>artis</strong></span> <span class='ocrx_word' id='word_1_369' title='bbox 459 4560 671 4633; x_wconf 86' lang='lat' dir='ltr'><strong>occupationem</strong></span> <span class='ocrx_word' id='word_1_370' title='bbox 679 4558 787 4631; x_wconf 90' lang='lat' dir='ltr'><strong>potenti</strong></span> <span class='ocrx_word' id='word_1_371' title='bbox 798 4559 923 4624; x_wconf 86' lang='lat' dir='ltr'><strong>flamma,</strong></span> <span class='ocrx_word' id='word_1_372' title='bbox 933 4561 1032 4628; x_wconf 86' lang='lat' dir='ltr'><strong>utpote</strong></span> <span class='ocrx_word' id='word_1_373' title='bbox 1071 4558 1185 4630; x_wconf 87' lang='lat' dir='ltr'><strong>dignam</strong></span> <span class='ocrx_word' id='word_1_374' title='bbox 1196 4557 1358 4615; x_wconf 88' lang='lat' dir='ltr'><strong>mereberis.</strong></span> <span class='ocrx_word' id='word_1_375' title='bbox 1373 4577 1387 4613; x_wconf 79' lang='lat' dir='ltr'><strong>r</strong></span> 
     </span>
     <span class='ocr_line' id='line_1_36' title="bbox 235 4644 1873 4720; baseline 0.002 -17"><span class='ocrx_word' id='word_1_376' title='bbox 235 4649 334 4706; x_wconf 89' lang='lat' dir='ltr'><strong>intima</strong></span> <span class='ocrx_word' id='word_1_377' title='bbox 342 4649 395 4705; x_wconf 92' lang='lat' dir='ltr'><strong>sibi</strong></span> <span class='ocrx_word' id='word_1_378' title='bbox 405 4651 566 4706; x_wconf 89' lang='lat' dir='ltr'><strong>devinctum</strong></span> <span class='ocrx_word' id='word_1_379' title='bbox 576 4648 715 4704; x_wconf 83' lang='lat' dir='ltr'><strong>charitate</strong></span> <span class='ocrx_word' id='word_1_380' title='bbox 724 4645 845 4703; x_wconf 86' lang='lat' dir='ltr'><strong>maxime</strong></span> <span class='ocrx_word' id='word_1_381' title='bbox 860 4644 1028 4713; x_wconf 88' lang='lat' dir='ltr'><strong>incenderit,</strong></span> <span class='ocrx_word' id='word_1_382' title='bbox 1108 4647 1236 4716; x_wconf 89' lang='lat' dir='ltr'><strong>Memini,</strong></span> <span class='ocrx_word' id='word_1_383' title='bbox 1251 4648 1377 4720; x_wconf 87' lang='lat' dir='ltr'><strong>inquam,</strong></span> <span class='ocrx_word' id='word_1_384' title='bbox 1392 4653 1432 4716; x_wconf 90' lang='lat' dir='ltr'><strong>te,</strong></span> <span class='ocrx_word' id='word_1_385' title='bbox 1445 4648 1609 4704; x_wconf 87' lang='lat' dir='ltr'><strong>charissime</strong></span> <span class='ocrx_word' id='word_1_386' title='bbox 1619 4649 1717 4716; x_wconf 83' lang='lat' dir='ltr'><strong>frater,</strong></span> <span class='ocrx_word' id='word_1_387' title='bbox 1726 4649 1781 4706; x_wconf 89' lang='lat' dir='ltr'><strong>hoc</strong></span> <span class='ocrx_word' id='word_1_388' title='bbox 1800 4651 1873 4707; x_wconf 87' lang='lat' dir='ltr'><strong>mihi</strong></span> 
     </span>
     <span class='ocr_line' id='line_1_37' title="bbox 235 4733 1875 4824; baseline 0.003 -32"><span class='ocrx_word' id='word_1_389' title='bbox 235 4735 354 4810; x_wconf 84' lang='lat' dir='ltr'><strong>ambage</strong></span> <span class='ocrx_word' id='word_1_390' title='bbox 368 4739 490 4810; x_wconf 89' lang='lat' dir='ltr'><strong>quadam</strong></span> <span class='ocrx_word' id='word_1_391' title='bbox 505 4737 692 4801; x_wconf 86' lang='lat' dir='ltr'><strong>dissimulare,</strong></span> <span class='ocrx_word' id='word_1_392' title='bbox 713 4741 743 4792; x_wconf 91' lang='lat' dir='ltr'><strong>et</strong></span> <span class='ocrx_word' id='word_1_393' title='bbox 760 4733 795 4790; x_wconf 93' lang='lat' dir='ltr'><strong>ab</strong></span> <span class='ocrx_word' id='word_1_394' title='bbox 809 4751 842 4791; x_wconf 88' lang='lat' dir='ltr'><strong>eo</strong></span> <span class='ocrx_word' id='word_1_395' title='bbox 860 4733 1032 4791; x_wconf 88' lang='lat' dir='ltr'><strong>abscondere</strong></span> <span class='ocrx_word' id='word_1_396' title='bbox 1072 4736 1186 4824; x_wconf 66' lang='lat' dir='ltr'><strong>salubre</strong></span> <span class='ocrx_word' id='word_1_397' title='bbox 1201 4741 1285 4794; x_wconf 85' lang='lat' dir='ltr'><strong>antea</strong></span> <span class='ocrx_word' id='word_1_398' title='bbox 1298 4737 1408 4793; x_wconf 87' lang='lat' dir='ltr'><strong>dedisse</strong></span> <span class='ocrx_word' id='word_1_399' title='bbox 1422 4738 1578 4794; x_wconf 89' lang='lat' dir='ltr'><strong>consilium.</strong></span> <span class='ocrx_word' id='word_1_400' title='bbox 1596 4739 1651 4795; x_wconf 82' lang='lat' dir='ltr'><strong>Sed</strong></span> <span class='ocrx_word' id='word_1_401' title='bbox 1665 4739 1734 4812; x_wconf 89' lang='lat' dir='ltr'><strong>quia</strong></span> <span class='ocrx_word' id='word_1_402' title='bbox 1748 4757 1875 4812; x_wconf 68' lang='lat' dir='ltr'><strong>presens</strong></span> 
     </span>
     <span class='ocr_line' id='line_1_38' title="bbox 235 4825 1875 4902; baseline 0.002 -20"><span class='ocrx_word' id='word_1_403' title='bbox 235 4827 351 4882; x_wconf 71' lang='lat' dir='ltr'><strong>oravi.</strong></span> <span class='ocrx_word' id='word_1_404' title='bbox 383 4827 437 4883; x_wconf 89' lang='lat' dir='ltr'><strong>Sed</strong></span> <span class='ocrx_word' id='word_1_405' title='bbox 465 4828 533 4900; x_wconf 88' lang='lat' dir='ltr'><strong>quia</strong></span> <span class='ocrx_word' id='word_1_406' title='bbox 551 4827 592 4882; x_wconf 90' lang='lat' dir='ltr'><strong>rei</strong></span> <span class='ocrx_word' id='word_1_407' title='bbox 617 4826 762 4882; x_wconf 74' lang='lat' dir='ltr'><strong>vamtatem</strong></span> <span class='ocrx_word' id='word_1_408' title='bbox 789 4826 883 4882; x_wconf 83' lang='lat' dir='ltr'><strong>subita</strong></span> <span class='ocrx_word' id='word_1_409' title='bbox 904 4831 933 4882; x_wconf 90' lang='lat' dir='ltr'><strong>et</strong></span> <span class='ocrx_word' id='word_1_410' title='bbox 954 4830 1033 4882; x_wconf 84' lang='lat' dir='ltr'><strong>extra</strong></span> <span class='ocrx_word' id='word_1_411' title='bbox 1074 4833 1142 4882; x_wconf 83' lang='lat' dir='ltr'><strong>aetas</strong></span> <span class='ocrx_word' id='word_1_412' title='bbox 1153 4827 1228 4882; x_wconf 90' lang='lat' dir='ltr'><strong>inter</strong></span> <span class='ocrx_word' id='word_1_413' title='bbox 1239 4826 1404 4882; x_wconf 87' lang='lat' dir='ltr'><strong>innumeras</strong></span> <span class='ocrx_word' id='word_1_414' title='bbox 1414 4825 1544 4882; x_wconf 84' lang='lat' dir='ltr'><strong>vitiorum</strong></span> <span class='ocrx_word' id='word_1_415' title='bbox 1553 4826 1642 4884; x_wconf 83' lang='lat' dir='ltr'><strong>furias</strong></span> <span class='ocrx_word' id='word_1_416' title='bbox 1660 4828 1875 4902; x_wconf 85' lang='lat' dir='ltr'><strong>maximampa·</strong></span> 
     </span>
     <span class='ocr_line' id='line_1_39' title="bbox 236 4881 1875 4990; baseline 0.002 -20"><span class='ocrx_word' id='word_1_417' title='bbox 236 4913 439 4971; x_wconf 87' lang='lat' dir='ltr'><strong>abundantiam</strong></span> <span class='ocrx_word' id='word_1_418' title='bbox 465 4916 558 4972; x_wconf 85' lang='lat' dir='ltr'><strong>cordis</strong></span> <span class='ocrx_word' id='word_1_419' title='bbox 581 4917 647 4972; x_wconf 86' lang='lat' dir='ltr'><strong>licta</strong></span> <span class='ocrx_word' id='word_1_420' title='bbox 666 4915 850 4973; x_wconf 87' lang='lat' dir='ltr'><strong>similitudine</strong></span> <span class='ocrx_word' id='word_1_421' title='bbox 875 4931 971 4972; x_wconf 86' lang='lat' dir='ltr'><strong>eoram</strong></span> <span class='ocrx_word' id='word_1_422' title='bbox 989 4881 1144 4972; x_wconf 67' lang='lat' dir='ltr'><strong>zacritus</strong></span> <span class='ocrx_word' id='word_1_423' title='bbox 1153 4913 1299 4982; x_wconf 78' lang='lat' dir='ltr'><strong>invidiam,</strong></span> <span class='ocrx_word' id='word_1_424' title='bbox 1310 4913 1404 4978; x_wconf 81' lang='lat' dir='ltr'><strong>timui,</strong></span> <span class='ocrx_word' id='word_1_425' title='bbox 1417 4913 1515 4976; x_wconf 79' lang='lat' dir='ltr'><strong>fateor,</strong></span> <span class='ocrx_word' id='word_1_426' title='bbox 1527 4914 1693 4972; x_wconf 78' lang='lat' dir='ltr'><strong>aesitantse</strong></span> <span class='ocrx_word' id='word_1_427' title='bbox 1706 4933 1763 4986; x_wconf 85' lang='lat' dir='ltr'><strong>res,</strong></span> <span class='ocrx_word' id='word_1_428' title='bbox 1773 4923 1875 4990; x_wconf 89' lang='lat' dir='ltr'><strong>utpote</strong></span> 
     </span>
     <span class='ocr_line' id='line_1_40' title="bbox 236 5001 1875 5077; baseline 0.003 -18"><span class='ocrx_word' id='word_1_429' title='bbox 236 5003 332 5076; x_wconf 78' lang='lat' dir='ltr'><strong>pionte</strong></span> <span class='ocrx_word' id='word_1_430' title='bbox 349 5003 544 5077; x_wconf 86' lang='lat' dir='ltr'><strong>[abscondere]</strong></span> <span class='ocrx_word' id='word_1_431' title='bbox 562 5004 675 5061; x_wconf 80' lang='lat' dir='ltr'><strong>difficile</strong></span> <span class='ocrx_word' id='word_1_432' title='bbox 689 5011 741 5061; x_wconf 86' lang='lat' dir='ltr'><strong>est.</strong></span> <span class='ocrx_word' id='word_1_433' title='bbox 759 5005 806 5060; x_wconf 90' lang='lat' dir='ltr'><strong>ille</strong></span> <span class='ocrx_word' id='word_1_434' title='bbox 820 5021 884 5060; x_wconf 92' lang='lat' dir='ltr'><strong>mox</strong></span> <span class='ocrx_word' id='word_1_435' title='bbox 898 5005 1032 5074; x_wconf 87' lang='lat' dir='ltr'><strong>sentiens,</strong></span> <span class='ocrx_word' id='word_1_436' title='bbox 1073 5001 1110 5058; x_wconf 89' lang='lat' dir='ltr'><strong>ab</strong></span> <span class='ocrx_word' id='word_1_437' title='bbox 1125 5002 1251 5076; x_wconf 88' lang='lat' dir='ltr'><strong>antiquis</strong></span> <span class='ocrx_word' id='word_1_438' title='bbox 1263 5002 1436 5076; x_wconf 85' lang='lat' dir='ltr'><strong>philosophis</strong></span> <span class='ocrx_word' id='word_1_439' title='bbox 1457 5020 1509 5076; x_wconf 91' lang='lat' dir='ltr'><strong>pro</strong></span> <span class='ocrx_word' id='word_1_440' title='bbox 1521 5003 1687 5061; x_wconf 80' lang='lat' dir='ltr'><strong>difficultate</strong></span> <span class='ocrx_word' id='word_1_441' title='bbox 1699 5005 1744 5062; x_wconf 90' lang='lat' dir='ltr'><strong>sui</strong></span> <span class='ocrx_word' id='word_1_442' title='bbox 1758 5013 1810 5062; x_wconf 88' lang='lat' dir='ltr'><strong>aut</strong></span> <span class='ocrx_word' id='word_1_443' title='bbox 1826 5007 1875 5064; x_wconf 90' lang='lat' dir='ltr'><strong>in·</strong></span> 
     </span>
     <span class='ocr_line' id='line_1_41' title="bbox 236 5091 1875 5167; baseline 0 -17"><span class='ocrx_word' id='word_1_444' title='bbox 236 5099 266 5150; x_wconf 89' lang='lat' dir='ltr'><strong>et</strong></span> <span class='ocrx_word' id='word_1_445' title='bbox 289 5094 396 5151; x_wconf 86' lang='lat' dir='ltr'><strong>lraudis</strong></span> <span class='ocrx_word' id='word_1_446' title='bbox 422 5110 554 5167; x_wconf 87' lang='lat' dir='ltr'><strong>arguens,</strong></span> <span class='ocrx_word' id='word_1_447' title='bbox 583 5095 674 5150; x_wconf 87' lang='lat' dir='ltr'><strong>amica</strong></span> <span class='ocrx_word' id='word_1_448' title='bbox 698 5094 784 5166; x_wconf 86' lang='lat' dir='ltr'><strong>coepit</strong></span> <span class='ocrx_word' id='word_1_449' title='bbox 809 5093 1032 5167; x_wconf 86' lang='lat' dir='ltr'><strong>importunitate,</strong></span> <span class='ocrx_word' id='word_1_450' title='bbox 1073 5099 1155 5150; x_wconf 78' lang='lat' dir='ltr'><strong>tacta</strong></span> <span class='ocrx_word' id='word_1_451' title='bbox 1175 5097 1225 5148; x_wconf 90' lang='lat' dir='ltr'><strong>aut</strong></span> <span class='ocrx_word' id='word_1_452' title='bbox 1238 5097 1320 5150; x_wconf 70' lang='lat' dir='ltr'><strong>mota</strong></span> <span class='ocrx_word' id='word_1_453' title='bbox 1341 5097 1371 5148; x_wconf 88' lang='lat' dir='ltr'><strong>et</strong></span> <span class='ocrx_word' id='word_1_454' title='bbox 1394 5091 1425 5148; x_wconf 91' lang='lat' dir='ltr'><strong>in</strong></span> <span class='ocrx_word' id='word_1_455' title='bbox 1447 5091 1533 5150; x_wconf 91' lang='lat' dir='ltr'><strong>dubio</strong></span> <span class='ocrx_word' id='word_1_456' title='bbox 1555 5093 1669 5161; x_wconf 81' lang='lat' dir='ltr'><strong>relictae,</strong></span> <span class='ocrx_word' id='word_1_457' title='bbox 1683 5099 1830 5150; x_wconf 73' lang='lat' dir='ltr'><strong>auttactn</strong></span> <span class='ocrx_word' id='word_1_458' title='bbox 1844 5101 1875 5150; x_wconf 87' lang='lat' dir='ltr'><strong>et</strong></span> 
     </span>
     <span class='ocr_line' id='line_1_42' title="bbox 236 5179 1874 5257; baseline -0.001 -17"><span class='ocrx_word' id='word_1_459' title='bbox 236 5183 304 5256; x_wconf 89' lang='lat' dir='ltr'><strong>quid</strong></span> <span class='ocrx_word' id='word_1_460' title='bbox 319 5181 463 5252; x_wconf 88' lang='lat' dir='ltr'><strong>haberem,</strong></span> <span class='ocrx_word' id='word_1_461' title='bbox 479 5199 614 5257; x_wconf 79' lang='lat' dir='ltr'><strong>quarere,</strong></span> <span class='ocrx_word' id='word_1_462' title='bbox 631 5188 661 5238; x_wconf 89' lang='lat' dir='ltr'><strong>et</strong></span> <span class='ocrx_word' id='word_1_463' title='bbox 680 5199 717 5238; x_wconf 88' lang='lat' dir='ltr'><strong>ne</strong></span> <span class='ocrx_word' id='word_1_464' title='bbox 733 5183 831 5238; x_wconf 91' lang='lat' dir='ltr'><strong>multis</strong></span> <span class='ocrx_word' id='word_1_465' title='bbox 844 5199 949 5254; x_wconf 88' lang='lat' dir='ltr'><strong>morer,</strong></span> <span class='ocrx_word' id='word_1_466' title='bbox 968 5199 1032 5240; x_wconf 90' lang='lat' dir='ltr'><strong>con·</strong></span> <span class='ocrx_word' id='word_1_467' title='bbox 1073 5188 1210 5250; x_wconf 64' lang='lat' dir='ltr'><strong>macuta,</strong></span> <span class='ocrx_word' id='word_1_468' title='bbox 1228 5181 1277 5238; x_wconf 88' lang='lat' dir='ltr'><strong>sed</strong></span> <span class='ocrx_word' id='word_1_469' title='bbox 1292 5180 1385 5237; x_wconf 87' lang='lat' dir='ltr'><strong>minus</strong></span> <span class='ocrx_word' id='word_1_470' title='bbox 1409 5187 1493 5237; x_wconf 84' lang='lat' dir='ltr'><strong>cauta</strong></span> <span class='ocrx_word' id='word_1_471' title='bbox 1518 5179 1683 5254; x_wconf 82' lang='lat' dir='ltr'><strong>probatione</strong></span> <span class='ocrx_word' id='word_1_472' title='bbox 1697 5183 1795 5250; x_wconf 68' lang='lat' dir='ltr'><strong>linita,</strong></span> <span class='ocrx_word' id='word_1_473' title='bbox 1818 5183 1874 5240; x_wconf 88' lang='lat' dir='ltr'><strong>sub</strong></span> 
     </span>
     <span class='ocr_line' id='line_1_43' title="bbox 235 5269 1874 5346; baseline 0.001 -18"><span class='ocrx_word' id='word_1_474' title='bbox 235 5279 317 5329; x_wconf 85' lang='lat' dir='ltr'><strong>sueta</strong></span> <span class='ocrx_word' id='word_1_475' title='bbox 337 5273 452 5329; x_wconf 83' lang='lat' dir='ltr'><strong>taudmn</strong></span> <span class='ocrx_word' id='word_1_476' title='bbox 476 5272 623 5329; x_wconf 86' lang='lat' dir='ltr'><strong>charitatis</strong></span> <span class='ocrx_word' id='word_1_477' title='bbox 637 5271 770 5327; x_wconf 84' lang='lat' dir='ltr'><strong>violentia</strong></span> <span class='ocrx_word' id='word_1_478' title='bbox 787 5289 884 5329; x_wconf 85' lang='lat' dir='ltr'><strong>vemm</strong></span> <span class='ocrx_word' id='word_1_479' title='bbox 904 5273 1030 5330; x_wconf 89' lang='lat' dir='ltr'><strong>extorsit.</strong></span> <span class='ocrx_word' id='word_1_480' title='bbox 1072 5287 1193 5346; x_wconf 89' lang='lat' dir='ltr'><strong>persona</strong></span> <span class='ocrx_word' id='word_1_481' title='bbox 1205 5269 1321 5326; x_wconf 67' lang='lat' dir='ltr'><strong>vilitatis</strong></span> <span class='ocrx_word' id='word_1_482' title='bbox 1335 5269 1780 5345; x_wconf 70' lang='lat' dir='ltr'><strong>meaproterantunquibnsdam</strong></span> <span class='ocrx_word' id='word_1_483' title='bbox 1791 5273 1874 5330; x_wconf 84' lang='lat' dir='ltr'><strong>tasti-</strong></span> 
     </span>
     <span class='ocr_line' id='line_1_44' title="bbox 236 5358 1874 5435; baseline 0.001 -17"><span class='ocrx_word' id='word_1_484' title='bbox 236 5363 290 5428; x_wconf 86' lang='lat' dir='ltr'><strong>Qui</strong></span> <span class='ocrx_word' id='word_1_485' title='bbox 304 5361 417 5435; x_wconf 87' lang='lat' dir='ltr'><strong>cognita</strong></span> <span class='ocrx_word' id='word_1_486' title='bbox 430 5379 461 5418; x_wconf 87' lang='lat' dir='ltr'><strong>re</strong></span> <span class='ocrx_word' id='word_1_487' title='bbox 476 5363 573 5419; x_wconf 87' lang='lat' dir='ltr'><strong>statim</strong></span> <span class='ocrx_word' id='word_1_488' title='bbox 585 5360 733 5418; x_wconf 84' lang='lat' dir='ltr'><strong>subridens</strong></span> <span class='ocrx_word' id='word_1_489' title='bbox 746 5359 789 5416; x_wconf 90' lang='lat' dir='ltr'><strong>ait</strong></span> <span class='ocrx_word' id='word_1_490' title='bbox 804 5379 811 5416; x_wconf 74' lang='grc' dir='ltr'><strong>ε</strong></span> <span class='ocrx_word' id='word_1_491' title='bbox 835 5381 849 5415; x_wconf 82' lang='lat' dir='ltr'><strong>s</strong></span> <span class='ocrx_word' id='word_1_492' title='bbox 867 5359 902 5418; x_wconf 92' lang='lat' dir='ltr'><strong>In</strong></span> <span class='ocrx_word' id='word_1_493' title='bbox 916 5362 968 5418; x_wconf 85' lang='lat' dir='ltr'><strong>lrao</strong></span> <span class='ocrx_word' id='word_1_494' title='bbox 982 5363 1034 5420; x_wconf 87' lang='lat' dir='ltr'><strong>llu-</strong></span> <span class='ocrx_word' id='word_1_495' title='bbox 1073 5361 1119 5418; x_wconf 82' lang='lat' dir='ltr'><strong>dio</strong></span> <span class='ocrx_word' id='word_1_496' title='bbox 1130 5359 1196 5428; x_wconf 90' lang='lat' dir='ltr'><strong>siut,</strong></span> <span class='ocrx_word' id='word_1_497' title='bbox 1209 5359 1416 5420; x_wconf 80' lang='lat' dir='ltr'><strong>nonsttrdio,et</strong></span> <span class='ocrx_word' id='word_1_498' title='bbox 1425 5359 1518 5430; x_wconf 84' lang='lat' dir='ltr'><strong>magis</strong></span> <span class='ocrx_word' id='word_1_499' title='bbox 1527 5358 1688 5432; x_wconf 70' lang='lat' dir='ltr'><strong>depravate</strong></span> <span class='ocrx_word' id='word_1_500' title='bbox 1698 5377 1785 5434; x_wconf 85' lang='lat' dir='ltr'><strong>quarn</strong></span> <span class='ocrx_word' id='word_1_501' title='bbox 1799 5377 1874 5419; x_wconf 68' lang='lat' dir='ltr'><strong>sera</strong></span> 
     </span>
    </p>
   </div>
   <div class='ocr_carea' id='block_1_9' title="bbox 272 5519 1387 5598">
    <p class='ocr_par' dir='ltr' id='par_1_10' title="bbox 272 5519 1387 5598">
     <span class='ocr_line' id='line_1_45' title="bbox 272 5519 1387 5598; baseline -0.004 -16"><span class='ocrx_word' id='word_1_502' title='bbox 272 5521 308 5596; x_wconf 75' lang='lat' dir='ltr'><strong>(ll</strong></span> <span class='ocrx_word' id='word_1_503' title='bbox 318 5523 436 5584; x_wconf 74' lang='lat' dir='ltr'><strong>means</strong></span> <span class='ocrx_word' id='word_1_504' title='bbox 448 5523 479 5584; x_wconf 91' lang='lat' dir='ltr'><strong>in</strong></span> <span class='ocrx_word' id='word_1_505' title='bbox 491 5541 584 5584; x_wconf 79' lang='lat' dir='ltr'><strong>eoam</strong></span> <span class='ocrx_word' id='word_1_506' title='bbox 596 5523 655 5582; x_wconf 82' lang='lat' dir='ltr'><strong>lere</strong></span> <span class='ocrx_word' id='word_1_507' title='bbox 668 5523 765 5583; x_wconf 86' lang='lat' dir='ltr'><strong>codice</strong></span> <span class='ocrx_word' id='word_1_508' title='bbox 777 5523 1043 5598; x_wconf 71' lang='lat' dir='ltr'><strong>mumadam.</strong></span> <span class='ocrx_word' id='word_1_509' title='bbox 1055 5523 1106 5583; x_wconf 86' lang='lat' dir='ltr'><strong>sed</strong></span> <span class='ocrx_word' id='word_1_510' title='bbox 1119 5522 1172 5583; x_wconf 88' lang='lat' dir='ltr'><strong>sub</strong></span> <span class='ocrx_word' id='word_1_511' title='bbox 1181 5522 1268 5582; x_wconf 65' lang='lat' dir='ltr'><strong>mem</strong></span> <span class='ocrx_word' id='word_1_512' title='bbox 1275 5519 1387 5581; x_wconf 82' lang='lat' dir='ltr'><strong>mutila.</strong></span> 
     </span>
    </p>
   </div>
   <div class='ocr_carea' id='block_1_10' title="bbox 0 0 2028 6180">
    <p class='ocr_par' dir='ltr' id='par_1_11' title="bbox 0 0 2028 6180">
     <span class='ocr_line' id='line_1_46' title="bbox 0 0 2028 6180; baseline 0 0"><span class='ocrx_word' id='word_1_513' title='bbox 0 0 2028 6180; x_wconf 95' lang='lat' dir='ltr'><strong> </strong></span> 
     </span>
    </p>
   </div>
  </div>
 </body>
</html>
