3900 6168
206 245 259 306 tte
679 249 728 304 AD
747 249 867 305 OPERA
886 251 919 312 B·
940 249 1147 308 tenuatum
1167 251 1361 309 APPENDIX.
1484 207 1497 224 .
1777 253 1824 313 760
1853 266 1856 276 “

202 374 268 432 tulit
283 373 460 430 hoeretioere
467 379 564 430 sancto
573 374 738 447 patriarchen
753 381 817 440 55
827 375 1002 431 Alexandrian
1012 378 1036 436 Α
1044 392 1142 431 onrncs
1160 376 1194 432 ad
1206 377 1309 432 Christi
1317 375 1414 432 triniati
1423 374 1548 446 vestigia,
1560 374 1607 446 qai
1617 375 1717 432 Christi
1728 379 1827 448 repule-

205 463 339 534 Eulogio;
355 463 521 534 scripsitque
533 465 695 534 gratissime
713 467 952 536 corrgratulatum,
969 466 1003 520 de
1045 467 1266 532 rantnrendata,
1288 467 1366 536 justo
1381 465 1517 536 supplicio
1529 465 1588 534 jam
1601 465 1714 530 eruditi,
1728 467 1789 538 quia
1801 469 1826 524 in
1917 499 1918 504 κ

204 557 284 606 tanto
299 551 420 606 exercitu
435 552 463 606 in
474 552 522 607 illa
537 569 594 608 una
606 554 714 609 Natalis
728 555 839 609 Domini
853 555 898 609 die
912 555 1003 625 bapti·
1044 553 1149 610 Christi
1163 555 1331 627 baptismate
1339 542 1583 626 perAugustiuum
1595 557 1828 626 possentasuppli·

203 650 274 696 anto.
287 642 408 696 Ecclesia
427 649 522 697 autem
541 643 571 698 in
589 645 673 714 hujus
699 644 833 716 Baptistae
855 645 1004 716 Augustini
1045 644 1087 698 oio
1101 644 1225 700 liberari.
1243 645 1287 700 Sic
1302 645 1350 699 ille
1364 644 1463 699 laettser
1477 642 1551 714 iguis
1565 641 1676 698 foetidas
1689 659 1828 698 camesen-

204 735 341 800 perpetua
353 731 491 784 nieuroria
504 737 533 786 et
542 732 664 797 nonrine,
677 734 758 803 juxta
769 735 1002 804 prenominatum
1045 730 1140 796 edens,
1153 734 1508 804 quemomniafluentanon
1520 731 1736 802 exstinguerent,
1746 733 1829 788 omnia

204 819 329 874 flurium.
346 818 459 874 condita
474 836 507 874 ao
521 821 658 888 dedicata,
679 821 804 892 prebens
825 823 1003 878 credentibus
1045 821 1319 878 medicamentanon
1338 822 1520 893 expellerent,
1549 821 1608 876 sole
1627 821 1737 877 Domini
1751 822 1827 882 tonte.

204 907 354 979 postulate,
369 907 493 979 praedicti
507 926 585 980 papie
599 909 763 981 enrnprebat
777 911 948 965 testimonia.
1044 909 1195 981 Augustini
1207 927 1268 982 ope,
1288 909 1323 964 ab
1339 910 1468 964 omnibus
1481 907 1632 980 baptizatis
1648 908 1792 966 exstinctus
1804 917 1830 966 et

240 996 379 1067 Regressa
393 1015 460 1069 ergo
482 999 631 1070 Erangelio
660 999 773 1054 Domini
804 1001 839 1056 ab
868 1001 1001 1068 Eboraco,
1044 1000 1176 1072 expulsus
1190 1005 1241 1062 est,
1258 1009 1342 1069 sitque
1357 997 1391 1052 ab
1402 996 1479 1053 omni
1492 995 1644 1068 Augustini
1658 996 1765 1052 climate
1776 1013 1829 1069 per

205 1082 290 1140 homo
304 1084 445 1139 horrenda
458 1085 535 1158 lepra
547 1093 623 1142 totus
636 1088 789 1152 ulcerosus,
810 1106 894 1143 orans
917 1107 934 1144 a
956 1089 1003 1142 be·
1045 1097 1130 1163 petuo
1141 1087 1313 1142 eliminatus.

204 1173 294 1227 nellco
316 1173 400 1228 Patre
428 1191 510 1244 operu
539 1176 648 1234 salutis.
686 1177 778 1231 inluso
812 1177 1005 1234 benedictione
1082 1178 1188 1234 Abillis
1208 1182 1312 1241 autem,
1327 1191 1493 1247 quessupre
1506 1175 1666 1243 retulimus,
1681 1191 1731 1230 suo
1742 1191 1830 1246 oppre-

204 1262 363 1334 apostoticae
372 1261 486 1329 dextrae,
502 1281 566 1319 cunr
580 1265 724 1336 signaculo
739 1266 891 1320 salutifere
903 1268 1003 1330 crucis,
1049 1269 1109 1322 brie
1121 1267 1316 1330 sententiatos,
1333 1265 1520 1335 Augustinum
1536 1281 1658 1336 suesque
1672 1263 1762 1318 beatos
1775 1280 1829 1318 eon

205 1354 234 1404 et
248 1351 361 1405 nonrine
376 1352 427 1406 Dei
442 1353 607 1422 mejestatis,
619 1355 751 1408 contiuuo
767 1356 855 1410 sensit
870 1356 922 1410 sibi
944 1375 1004 1412 ern·
1045 1363 1144 1416 sortes,
1161 1371 1211 1425 por
1225 1353 1350 1424 quinque
1366 1352 1498 1406 milliaria
1512 1369 1683 1422 progressos,
1698 1358 1779 1422 etper
1791 1350 1830 1404 de·

205 1437 411 1494 nemdolorem
435 1441 614 1496 velutaluce
641 1442 771 1497 tenebras
799 1444 952 1514 aufugisse,
978 1451 1007 1498 ot
1047 1452 1121 1499 serta
1131 1451 1217 1514 atque
1227 1443 1362 1513 inaquosa
1374 1441 1631 1511 teeevegnhunrtos
1644 1448 1734 1496 astus.
1747 1440 1830 1494 etsitis

205 1527 286 1598 quasi
297 1532 379 1583 exuto
394 1534 489 1584 vetere
502 1530 614 1584 homine
628 1531 763 1586 foeditatis
777 1533 885 1596 luridae,
903 1551 1005 1588 norum
1047 1551 1079 1588 ae
1093 1533 1229 1587 lassitudo
1241 1529 1395 1601 premebat.
1406 1546 1525 1600 querum
1534 1545 1623 1584 unum
1638 1529 1830 1584 incommodum

205 1616 1008 1692 hominemincolumitatissuaequeformositatissolemni·
1048 1622 1427 1692 viatoresgrararepoterat.
1455 1619 1559 1673 Verum
1581 1619 1630 1672 ille
1659 1617 1707 1690 qui
1730 1618 1832 1673 sedebat

204 1709 249 1760 ter
262 1722 292 1760 se
306 1705 440 1761 induisse.
456 1708 721 1782 Namdicenteipso
734 1727 850 1767 summm
859 1694 1164 1768 Trinitatisssmeridie
1179 1725 1263 1778 snper
1278 1709 1382 1762 iontem
1398 1707 1531 1777 fatigatus
1557 1723 1588 1760 ex
1623 1707 1723 1761 itinere
1751 1713 1831 1760 motus

204 1794 384 1850 confessore:
403 1795 459 1850 aln
484 1797 598 1851 nominc
624 1798 727 1853 Christi
750 1802 906 1868 mundare;
922 1822 934 1854 v
953 1801 1005 1856 hoc
1045 1815 1188 1854 serrorum
1203 1813 1317 1852 suorum
1328 1796 1433 1860 labore,
1450 1801 1477 1850 et
1492 1797 1630 1860 oratione,
1646 1813 1702 1850 non
1714 1795 1830 1865 dedigna-

203 1883 279 1938 trino
295 1883 427 1939 videlieet
438 1884 642 1942 benedictionis
660 1889 760 1948 crucis.
774 1899 803 1944 et
815 1891 937 1946 nominis
949 1892 1003 1946 Do·
1045 1895 1091 1944 tus
1105 1893 1149 1943 est
1162 1885 1309 1942 visibiliter
1322 1903 1374 1940 suo
1388 1886 1473 1940 elraro
1488 1902 1521 1940 ac
1534 1886 1611 1940 fideli
1626 1885 1832 1940 condescendere

204 1972 274 2026 rnini
288 1971 485 2040 medicamine,
502 1979 848 2048 tegerrestaumturplena
858 1982 1002 2052 sospitate.
1045 1977 1241 2050 dispensatori,
1255 1991 1361 2047 suoque
1376 1974 1451 2029 dulci
1479 1975 1567 2030 affatu
1594 1975 1672 2030 hunc
1692 1974 1829 2029 consolari.

205 2061 344 2118 Residunt
357 2062 476 2132 turgidae
491 2080 591 2118 manus
610 2072 638 2118 et
652 2065 743 2135 digiti,
759 2068 843 2122 facies
857 2075 886 2123 et
909 2071 1005 2125 omnia
1047 2089 1058 2120 r
1079 2069 1218 2122 Constans
1232 2070 1303 2130 esto,
1320 2063 1369 2128 ait,
1391 2070 1419 2117 et
1441 2062 1610 2118 fiducialiter
1628 2080 1692 2134 age,
1706 2079 1779 2117 serre
1799 2064 1832 2116 mi

205 2151 332 2206 membra
342 2168 393 2206 suo
407 2152 506 2208 decore
521 2162 550 2208 et
563 2154 653 2208 officio
668 2155 853 2212 deducuntur·
872 2159 935 2214 Jam
950 2159 1005 2214 cla·
1044 2155 1219 2227 complacite,
1234 2153 1300 2224 quia
1316 2159 1407 2206 tecum
1436 2168 1499 2206 suin
1524 2157 1673 2224 promptus
1687 2152 1792 2221 adjutor
1808 2151 1831 2206 in

205 2257 283 2296 mose
310 2241 444 2310 eloquens
461 2242 570 2314 lingua,
596 2243 681 2298 abicit
709 2244 830 2319 [abjicit]
850 2254 1003 2303 tarataram
1045 2245 1121 2300 orrvni
1137 2243 1316 2306 necessitate,
1332 2241 1452 2296 acbona
1477 2246 1527 2295 tua
1544 2241 1697 2296 uoluntate.
1715 2243 1765 2296 Pro
1779 2241 1832 2312 qui·

206 2329 273 2398 [ah.
291 2331 478 2402 taratantara]
508 2330 562 2401 (89)
587 2333 723 2388 hactenus
749 2353 904 2408 suppressae
934 2339 1007 2393 uocis
1048 2330 1348 2404 buscunquevolueris
1371 2337 1444 2402 pete.
1458 2329 1548 2384 sciens
1570 2346 1616 2384 me
1630 2329 1722 2385 favere
1735 2347 1833 2401 semper

207 2417 402 2488 interpretem.
425 2420 552 2474 lntanta
580 2421 724 2491 signorum
735 2424 834 2494 gloria,
851 2425 1005 2480 Christiani
1048 2412 1168 2491 benigne
1191 2419 1320 2474 charitati
1342 2425 1408 2473 tute.
1428 2418 1488 2472 Tibi
1519 2418 1624 2490 quippe
1649 2425 1772 2489 apertum
1797 2423 1833 2470 est

206 2506 235 2560 in
249 2506 359 2561 leudem
376 2507 480 2564 Christi
513 2517 709 2581 prorumpunt,
735 2513 838 2584 pemani
862 2515 896 2568 ad
920 2515 1003 2569 tidem
1046 2511 1147 2565 ostium
1168 2508 1247 2578 regni
1267 2507 1332 2571 mei,
1360 2505 1405 2560 ubi
1424 2505 1512 2559 intres
1530 2506 1713 2576 ingaudium
1734 2504 1832 2560 Domini

205 2594 365 2666 preficiunt.
1045 2599 1096 2655 tui.
1115 2617 1128 2652 i>
1146 2599 1209 2652 llaec
1223 2597 1318 2650 dicens
1333 2595 1469 2650 Dominus
1483 2595 1553 2649 coelo
1567 2599 1698 2666 receptus
1712 2598 1760 2648 est.

242 2684 314 2739 Hinc
328 2684 468 2742 divertens
482 2685 538 2742 dux
557 2688 633 2742 verbi
648 2687 773 2752 Domini,
790 2691 923 2746 successit
940 2698 1004 2745 urn-

206 2773 270 2828 dem
285 2773 397 2828 cuidam
411 2776 534 2847 profanae
545 2777 646 2832 villulae
661 2777 690 2832 in
705 2778 847 2850 prouincia
862 2795 922 2851 qum
936 2779 1006 2834 dici-

204 2867 253 2917 tur
276 2862 433 2931 Doreseta;
462 2864 511 2920 ubi
534 2866 706 2922 daemoniaca
731 2867 870 2938 plebicula
894 2875 1006 2924 sanctos

205 2951 257 3006 Dei
267 2951 397 3008 omnibus
412 2952 568 3026 opprobriis
592 2971 624 3008 ac
639 2955 766 3010 ludibriis
776 2957 981 3014 ,dedecorauere
998 2977 1004 3026 ;

205 3039 276 3095 adeo
291 3045 322 3096 ut
334 3042 421 3113 (quod
436 3043 521 3097 etiam
534 3043 638 3098 referre
653 3044 756 3114 injuria
780 3052 844 3113 est),
857 3045 1006 3116 productas

205 3127 324 3200 piscium
340 3131 444 3186 raudus
458 3131 629 3202 ingererent.
646 3133 726 3188 Unde
741 3133 903 3204 indignatus
918 3134 1006 3206 Spiri-

205 3222 253 3272 tus
263 3219 386 3288 Domini,
402 3219 432 3274 in
447 3219 532 3290 hujus
546 3227 674 3276 auctores
683 3222 806 3286 sceleris,
815 3229 844 3276 et
853 3222 882 3276 in
893 3239 1005 3277 omnem

205 3305 318 3362 illorum
337 3308 510 3380 progeniem,
524 3326 606 3364 suum
626 3311 756 3376 dedecus
778 3327 827 3382 per
856 3327 887 3365 os
909 3313 1005 3382 Augu-

207 3395 276 3450 stini
287 3394 357 3449 vatis
372 3397 574 3466 perpetualiter
587 3399 776 3463 sententiavit,
791 3405 819 3452 et
833 3399 926 3470 pravis
941 3417 1006 3472 pro·

206 3484 298 3554 priam
313 3484 507 3556 ignominiam,
520 3487 624 3542 sanctis
638 3505 700 3542 rere
716 3505 866 3559 perennem
887 3490 1006 3559 gloriam

205 3571 319 3626 refudit.

241 3661 310 3716 Erat
323 3661 421 3722 eterra
443 3679 513 3732 gens
527 3663 555 3718 in
568 3665 698 3720 orientali
721 3666 804 3736 plaga
823 3666 939 3737 Anglire,
964 3668 1005 3722 ita
1082 3661 1261 3734 Perpendens
1274 3661 1358 3715 etiarn
1373 3661 1446 3714 herne
1457 3666 1563 3715 terram
1578 3659 1700 3724 caelestis
1720 3655 1835 3712 beneficii

133 3773 135 3780 ¹
206 3747 393 3804 insacrillciis
420 3751 616 3808 daemonuma
641 3755 776 3822 gehenna
804 3755 933 3812 incendio
960 3758 1005 3812 in·
1046 3753 1157 3824 plenam
1170 3751 1362 3813 inundatione,
1374 3749 1547 3804 ubiemicuit
1559 3749 1621 3803 fens
1634 3749 1707 3810 vitae,
1718 3747 1835 3802 bacillum

206 3837 360 3900 flammata,
376 3843 409 3892 ut
421 3839 535 3894 nuntios
549 3841 876 3913 Christicoelestiaregna
887 3845 1004 3915 promit·
1045 3843 1099 3912 ipsi
1115 3842 1175 3896 loco
1191 3840 1411 3911 inrpressit,cum
1427 3855 1482 3908 quo
1493 3854 1557 3892 mox
1569 3843 1737 3892 aestuantem
1753 3833 1834 3889 laticis

206 3930 307 3991 malea,
324 3927 472 3982 nonmede
488 3927 794 3996 audire'ablrorrerent,
811 3933 1005 3987 verumetiam
1047 3932 1109 4004 puri
1133 3929 1289 3985 scatebram
1312 3928 1417 3982 elicuit.
1443 3928 1523 3982 Unde
1544 3943 1641 3994 omnes
1664 3930 1721 3983 Deo
1740 3925 1837 3996 gratias

206 4019 266 4069 tota
280 4015 382 4070 mentis
405 4015 523 4081 insania,
548 4033 596 4070 eos
620 4017 729 4088 punire,
752 4019 796 4074 vel
819 4021 1006 4076 exterminare
1047 4020 1167 4074 libantes
1181 4019 1216 4072 ad
1236 4018 1395 4072 satietatem
1421 4016 1526 4071 refecit.
1554 4016 1608 4081 Qui
1636 4016 1667 4071 in
1692 4032 1785 4070 amnes
1812 4017 1837 4066 et

206 4110 368 4164 aestuarent.
1048 4109 1152 4163 rivulos
1172 4108 1306 4163 hactenus
1320 4107 1447 4166 diffusus,
1463 4107 1521 4159 haec
1535 4105 1596 4159 loca
1609 4105 1689 4177 prius
1711 4101 1835 4163 solitarie,

240 4195 287 4249 Nil
298 4211 403 4266 preces,
415 4197 454 4250 nil
464 4195 608 4251 blanditias
617 4197 880 4261 valucre;terrores
891 4199 1006 4271 superni
1048 4200 1264 4274 populosissima
1283 4199 1410 4270 praebuit.
1439 4198 1492 4253 Ubi
1523 4198 1684 4268 Theologus
1709 4195 1838 4252 confessor

202 4285 311 4356 judicii,
328 4287 371 4343 vel
394 4286 497 4342 inferni
524 4287 699 4352 deridebant,
725 4289 853 4359 prodigia
873 4296 902 4344 et
924 4289 1005 4360 signa
1052 4288 1162 4344 Domini
1179 4289 1350 4342 secernendo
1371 4289 1471 4352 Deum,
1492 4303 1576 4358 quem
1600 4287 1639 4341 ibi
1672 4287 1759 4354 vidit,
1778 4284 1838 4340 Cer·

206 4374 400 4431 exsufflabant.
413 4376 483 4432 Tam
497 4377 686 4448 desperabiles
700 4384 729 4432 et
742 4378 875 4448 perditos,
888 4379 957 4433 tides
977 4385 1005 4433 et
1046 4381 1112 4436 nhel
1147 4375 1199 4445 Albi
1226 4377 1286 4430 leco
1314 4393 1416 4431 nornen
1443 4375 1563 4430 indidit:
1593 4376 1666 4446 quod
1690 4392 1723 4430 ex
1749 4373 1839 4428 Latino

207 4465 365 4538 benignitas
378 4465 530 4536 Augustini
546 4465 637 4536 perire
652 4483 706 4522 non
721 4466 847 4538 pertulit.
859 4465 1005 4522 Desistens
1047 4469 1220 4538 liebreoque
1229 4473 1389 4520 contextum
1402 4464 1430 4520 in
1442 4465 1651 4520 unumcoaluit.
1665 4465 1757 4520 Prima
1770 4461 1838 4516 enim

206 4569 334 4624 supernae
345 4553 403 4618 irae,
418 4559 481 4606 orat
495 4554 607 4607 Patrem
618 4553 823 4612 misericordia.
837 4555 1006 4632 utingratos
1046 4557 1154 4628 syllaba
1164 4571 1240 4620 cern,
1257 4555 1357 4617 risurn,
1374 4554 1497 4608 securtda
1518 4555 1575 4620 hel,
1602 4555 1729 4609 decimat
1747 4554 1837 4608 Deum.

207 4633 362 4696 clementiae
377 4642 501 4712 corrigat
520 4641 701 4698 correctione.
722 4644 821 4714 ltaque
845 4643 880 4698 ab
905 4642 1005 4698 arbore
1047 4647 1088 4702 lbi
1103 4661 1214 4716 quoque
1230 4644 1394 4701 oratorium.
1412 4643 1441 4698 in
1450 4657 1602 4715 perennem
1616 4643 1778 4698 memoriam
1791 4641 1839 4694 Do·

207 4731 383 4804 profanitatis
404 4747 472 4798 suaa,
488 4731 590 4786 ardent
611 4749 707 4787 ornnes
726 4731 858 4787 invisibili
877 4731 952 4803 igne,
978 4736 1006 4785 et
1047 4735 1156 4789 ininicte
1177 4733 1303 4798 visionis,
1325 4731 1439 4786 inolitus
1462 4737 1516 4797 est,
1548 4732 1576 4787 in
1598 4732 1713 4787 nomine
1739 4729 1841 4786 Domini

208 4820 360 4892 sulphureo
374 4825 450 4874 torre
467 4837 474 4886 ;
490 4837 573 4890 quarn
587 4835 698 4890 posnam
710 4837 855 4892 nunquam
869 4826 945 4886 ante,
955 4837 1006 4876 nec
1047 4822 1208 4879 salvatoris.
1222 4823 1290 4876 lude
1309 4821 1393 4876 etiam
1415 4821 1652 4876 monasteriumin
1662 4821 1765 4874 honore
1776 4818 1842 4888 priu-

207 4915 306 4983 postea
320 4915 447 4964 senserat
461 4909 519 4964 haec
534 4910 633 4980 patria.
652 4910 740 4964 Neruo
754 4910 851 4966 erasit.
864 4909 911 4965 ubi
922 4927 1004 4966 neum
1047 4913 1139 4983 cipum
1155 4911 1345 4982 apostolerum
1367 4911 1537 4972 dedicatum,
1555 4909 1716 4965 Cernelium
1738 4913 1780 4962 est
1800 4923 1842 4976 ap·

208 5000 342 5056 innocens
356 4999 471 5054 exstitit.
488 4999 596 5071 Ubique
607 5000 739 5069 ejulatus,
761 5000 871 5069 vagitus
894 5017 1004 5064 senum,
1048 5001 1193 5072 pellatam,
1214 5016 1269 5071 quo
1282 5005 1412 5054 constant
1427 4999 1629 5054 monachorum
1645 4998 1728 5053 choro
1741 4998 1842 5051 decora·

204 5087 350 5158 juvenum.
363 5087 527 5144 lactentium
540 5105 597 5144 una
612 5088 772 5144 ardentium
787 5088 964 5156 inlrorrebat;
978 5095 1010 5142 ut
1050 5098 1122 5145 turn.
1138 5091 1221 5144 lllurn
1237 5096 1329 5142 autem
1360 5088 1473 5149 fontem,
1487 5087 1639 5157 Augustini
1653 5086 1764 5140 nomine
1781 5099 1841 5139 con·

208 5184 236 5232 et
248 5186 379 5252 parentes
392 5178 421 5234 in
429 5179 488 5234 suis
496 5179 632 5250 partubus
642 5177 843 5234 cruciarentur.
852 5179 1009 5233 Consulem
1049 5185 1198 5242 serratum,
1215 5177 1459 5232 credentibusesse
1473 5176 1700 5245 saluberrimum,
1711 5176 1840 5230 biennum

1082 2731 1150 2786 Tam
1165 2729 1240 2784 dulci
1253 2729 1329 2783 fonte
1341 2727 1457 2781 saliente
1477 2727 1506 2781 in
1520 2727 1607 2781 vitam
1617 2733 1748 2781 aeternam
1763 2723 1835 2778 uber-

1046 2821 1097 2874 tim
1118 2826 1230 2892 potatus
1251 2817 1435 2887 Augustinus,
1458 2815 1547 2870 nescit
1567 2815 1646 2870 sitire
1669 2816 1834 2884 fontemque

1047 2907 1124 2962 sitiat
1138 2905 1250 2972 iterum,
1267 2921 1318 2959 nec
1329 2903 1440 2975 operari
1460 2901 1551 2956 cibum
1568 2903 1617 2974 qui
1637 2903 1718 2974 perit,
1734 2901 1779 2955 sed
1793 2900 1834 2971 qui

1015 3001 1194 3073 cpermanet
1206 2996 1235 3049 in
1250 2995 1334 3048 vitam
1347 2998 1491 3046 aeternam.
1511 2991 1574 3046 Una
1588 2999 1651 3046 erat
1663 2991 1834 3046 intentiotam

1047 3084 1261 3139 desiderabilem
1276 3090 1419 3154 aspectum
1434 3081 1567 3153 lacrymis
1586 3081 1667 3152 sequi
1683 3081 1832 3141 abeuntem,

1048 3173 1148 3244 quibus
1161 3171 1287 3246 purgatis
1303 3170 1390 3225 oculis
1405 3169 1560 3241 attingeret
1567 3170 1731 3238 angelorum
1742 3167 1832 3220 lucem.

1048 3261 1187 3316 Continuo
1201 3261 1279 3314 flexis
1293 3257 1551 3329 genibus,aderans
1565 3257 1594 3310 ia
1610 3257 1672 3311 loeo
1687 3254 1734 3311 ubi
1756 3261 1834 3309 stete-

1048 3357 1114 3404 runt
1127 3349 1212 3421 pedes
1226 3348 1348 3411 Domini,
1364 3353 1391 3400 ct
1407 3347 1485 3417 quasi
1509 3347 1572 3418 ipsa
1592 3345 1706 3400 Domini
1728 3343 1835 3412 vestigia

1047 3443 1221 3505 exosculans
1238 3440 1411 3510 lllagdalenm
1431 3439 1542 3493 fletibus
1565 3437 1686 3508 rigabat,
1702 3444 1836 3494 aeternam·

1048 3549 1102 3604 que
1117 3531 1296 3584 dilectionem
1311 3529 1339 3583 in
1350 3529 1392 3582 liis
1402 3527 1613 3596 aromatizabat.
1640 3559 1650 3574 ·

242 5316 298 5390 (89)
316 5321 515 5376 fermentare.
533 5322 610 5376 lianc
625 5337 717 5375 vocem
737 5319 881 5374 adinvenit
901 5319 1007 5375 Ennius
1048 5321 1249 5374 monasterium
1266 5319 1426 5374 Cornelium
1440 5310 1841 5392 appellatumeonstruitur.d1

207 5392 243 5447 ad
258 5392 472 5464 exprimendum
483 5393 606 5447 sonitum
622 5392 705 5456 tubae,
726 5391 819 5462 inquit
841 5391 953 5446 Servius
977 5393 1007 5446 in
1049 5392 1227 5462 caturqueS.
1247 5392 1345 5452 Petro;
1360 5391 1395 5444 de
1410 5407 1495 5461 quer
1523 5388 1667 5443 Malmesb.
1682 5387 1722 5441 De
1740 5379 1837 5439 Pontrf.

211 5463 362 5518 txAEneid.
1048 5463 1233 5534 Ang.lib.1r,
1262 5463 1302 5516 De
1331 5461 1453 5516 Monast.
1484 5460 1679 5526 Shirbunens.,
1711 5463 1775 5522 etc,
1798 5452 1839 5507 fol.

247 5533 300 5607 (90)
316 5533 436 5598 Cernlnel
459 5533 525 5589 huic
548 5534 608 5588 loco
634 5547 736 5594 nornen
763 5533 874 5590 indidit.
902 5533 1009 5590 Ibidem
1050 5535 1113 5591 tre.
