3882 6172
256 225 306 281 rot
712 221 760 275 Al)
781 219 899 276 OPERA
919 220 949 273 Β,
973 218 1178 275 LANFRANCI
1199 221 1394 279 APPENDlX.
1830 225 1874 281 aba

257 351 321 408 dem
337 347 455 405 caenobii
470 346 615 402 Beccensis
638 351 703 418 post
725 361 789 400 eum
815 344 941 412 accessis
957 351 985 400 et
1004 344 1172 404 de-Acirca
1184 346 1335 402 monachos
1347 361 1412 401 suos
1424 347 1558 414 intentus,
1584 344 1711 400 districta
1738 361 1783 400 eos
1803 346 1874 402 disci-

257 440 353 497 iuucto
366 439 453 494 beate
466 437 607 493 memorie
620 435 780 508 supradicto
805 435 940 490 Herluino
961 433 1056 489 abbati
1098 435 1174 506 plina
1186 435 1311 506 regebat,
1326 441 1356 490 et
1373 435 1603 490 affectuosissimo
1614 433 1873 505 amorediligebat.Si

256 529 400 594 successit,
416 527 570 582 acdemum
586 532 649 598 post
674 525 767 596 ipsum
790 525 988 588 Lanfrancum,
1010 539 1057 579 ar·
1098 541 1181 596 quern
1196 525 1271 580 inter
1285 525 1387 580 fratres
1401 541 1525 594 segnem,
1548 523 1573 580 si
1590 539 1674 594 quem
1688 524 1729 576 sui
1743 523 1839 577 ordinis
1849 541 1875 578 ac

256 619 450 690 chiepiscopus
473 614 685 671 Cantuariensis
719 613 836 679 exstitit,
869 613 911 667 vir
943 612 1057 684 ingenio
1098 612 1184 667 studii
1199 613 1358 668 litterarum
1372 613 1571 683 negligentem,
1587 611 1612 664 si
1627 627 1709 682 quem
1732 609 1761 664 in
1775 611 1875 668 ecclesia

257 704 442 772 admirabilis,
456 703 589 758 facundia
600 719 656 758 non
670 702 782 774 impari,
798 708 836 764 et,
858 702 930 772 quod
949 703 983 756 ad
1003 701 1057 756 hu·
1098 701 1305 756 somnolentum
1316 701 1551 772 deprehendebat,
1561 701 1639 754 hunc
1648 699 1760 756 omnino
1774 701 1876 756 invbum

259 810 373 850 manum
388 798 497 866 spectat
511 792 660 863 judicium,
673 808 783 846 morum
793 790 1056 861 omniuminsignis.
1099 789 1235 858 habebat3
1257 807 1376 862 semper,
1390 789 1534 861 inquibat:
1552 809 1564 842 ι
1579 789 1670 844 llomo
1680 788 1837 856 litterarum,
1854 795 1877 845 et

258 885 337 951 Quod
351 884 386 939 de
399 881 702 955 approbandaactuum
713 881 775 952 ejus
783 879 1057 936 honestatedicimus
1099 879 1295 934 mandatorum
1312 879 1362 934 liei
1376 881 1496 938 nescius,
1518 879 1586 950 quid
1606 879 1742 954 praestat?
1769 899 1779 930 ι
1803 879 1876 944 Quem

257 974 385 1029 vicinitas
394 972 524 1028 universa
533 976 664 1035 testetur,
676 971 759 1040 longe
768 970 880 1041 lateque
888 969 1059 1024 Northman·
1099 967 1295 1023 considerabat
1308 968 1525 1039 vigilantiorem,
1541 967 1790 1032 studiosiorem,ad
1804 968 1876 1023 uirtu-

259 1054 1059 1131 niaattestatur,etGalliaamplissimrcontestatur.ltr·bcr
1099 1061 1161 1111 tum
1175 1057 1308 1111 exercitia
1321 1057 1537 1129 promptiorem;
1548 1057 1636 1126 hujus
1646 1072 1703 1111 non
1728 1055 1817 1119 abbas,
1838 1058 1876 1110 sed

258 1155 400 1211 fructuum
421 1153 598 1226 jucunditate
622 1153 776 1225 plurimum
804 1150 983 1222 acceptabilis
1004 1148 1058 1204 fuit
1100 1162 1195 1200 servus
1210 1145 1353 1214 exstabat3
1369 1147 1517 1216 plerosque
1533 1146 1598 1218 plus
1612 1145 1782 1200 adstudium
1794 1145 1873 1199 incim-

260 1244 390 1300 Ecclesia
406 1242 605 1299 cormeliensis
619 1240 705 1296 abbas
732 1241 900 1308 Willelrnus,
931 1239 1058 1312 apptime
1098 1234 1147 1290 bat
1167 1234 1242 1289 illius
1262 1234 1876 1306 favorquemscientiaeipsiusamor3sedulus

198 1384 205 1400 ,
259 1335 384 1389 nutritus
399 1334 441 1386 vel
455 1330 592 1387 eruditus.
614 1330 706 1385 Arbor
730 1329 788 1384 alta
813 1334 898 1401 etque
915 1328 1059 1384 fructuosa
1098 1323 1173 1378 euim
1184 1323 1365 1395 perquirebat
1379 1324 1442 1396 quis
1455 1324 1583 1378 omnium
1599 1339 1699 1378 eorum
1721 1323 1767 1394 qui
1788 1323 1877 1378 erudis

260 1422 366 1478 exstitit
380 1421 519 1476 Hauricm
534 1419 744 1475 cantuariensis
774 1418 900 1472 Ecclesia
926 1417 1057 1484 decanus,
1099 1413 1205 1468 bantur
1227 1413 1409 1469 accuratioris
1431 1413 1537 1485 ingenii
1555 1418 1641 1480 esset,
1667 1413 1730 1484 quis
1751 1412 1876 1467 tenacioris

261 1511 309 1584 qui
322 1511 501 1582 postmodum
515 1508 601 1564 abbas
618 1508 672 1563 fuit
686 1508 720 1563 de
735 1507 821 1574 Bello,
836 1507 878 1560 vir
895 1507 1061 1562 ecclesiasti·
1100 1503 1242 1558 memoriae
1257 1503 1398 1568 existeret,
1413 1503 1475 1575 quis
1491 1501 1686 1558 vehementius
1700 1502 1817 1568 instaret,
1838 1518 1876 1555 cu-

259 1600 300 1656 cis
314 1598 443 1656 omnibus
458 1597 612 1669 disciplinis
624 1597 730 1668 optime
748 1597 914 1652 instructus.
937 1595 1059 1651 Arbores
1098 1594 1146 1663 jus
1160 1591 1253 1646 studio
1272 1592 1394 1660 valerel;
1422 1591 1543 1662 denique
1566 1608 1601 1646 ex
1627 1589 1755 1646 omnibus
1779 1591 1834 1661 quis
1848 1590 1875 1644 ad

260 1687 397 1744 bonorum
425 1703 542 1760 operum
565 1687 710 1742 fertilitate
736 1687 857 1741 multam
884 1685 1006 1756 gravidae
1029 1656 1225 1752 iuBsingulas
1239 1681 1357 1736 virtutes
1372 1689 1399 1736 et
1412 1697 1536 1736 amorem
1561 1680 1613 1734 Dei
1642 1680 1705 1751 plus
1729 1679 1874 1745 intenderet,

260 1776 343 1833 domo
368 1776 481 1832 Domini
509 1776 678 1832 exstiterunt
700 1774 865 1830 venerabilis
894 1775 1057 1841 Hemotus,
1099 1787 1151 1825 nec
1162 1770 1254 1824 minus
1269 1786 1352 1840 quam
1367 1769 1397 1823 in
1411 1786 1441 1824 se
1449 1768 1571 1835 amabat,
1584 1772 1614 1824 ct
1623 1766 1875 1838 enutrircsatagebat

259 1867 388 1922 aeclesia
403 1865 541 1920 Bullensis
571 1864 728 1937 episeopus,
753 1870 782 1918 et
803 1864 850 1935 qui
878 1863 904 1918 ei
928 1863 965 1918 ad
983 1863 1058 1918 idem
1100 1857 1215 1929 quiquid
1229 1857 1383 1912 amandum
1398 1858 1511 1912 videbat
1531 1857 1560 1913 in
1580 1857 1719 1928 singulis!
1744 1857 1874 1911 Litteratus

260 1955 382 2010 officium
409 1954 512 2009 ibidem
541 1953 684 2019 successit,
709 1952 751 2008 vir
779 1969 889 2008 morum
908 1952 1058 2008 sanctitate
1099 1947 1377 2018 aliquisvolcnasteri
1394 1947 1557 2010 monachus,
1574 1946 1688 2018 quando
1701 1946 1735 2000 ad
1752 1945 1822 2000 illum
1837 1961 1874 1998 lt·

260 2043 412 2098 admodum
424 2042 603 2104 reverendus,
618 2042 803 2112 Gondulphus
821 2041 976 2112 episcopus.
1001 2041 1059 2096 Hos
1100 2035 1203 2102 aiebat,
1220 2053 1276 2108 qua
1288 2036 1473 2091 exsultatione
1492 2033 1708 2107 suscipiebatur,
1729 2051 1786 2106 que
1802 2049 1876 2087 susce

259 2131 388 2187 Ecclesiae
401 2148 460 2187 ause
475 2131 547 2186 filios
561 2131 631 2185 vidit
643 2130 809 2202 grandaevus
824 2130 909 2186 Pater
922 2131 985 2185 aliis
1003 2129 1059 2186 Ec·
1100 2130 1148 2196 pto
1171 2123 1340 2195 benignitas,
1366 2132 1395 2179 et
1417 2124 1561 2180 veneratio
1586 2123 1776 2178 exhibebatur.
1798 2121 1876 2176 Lucos

259 2220 352 2274 clesiis
365 2225 460 2292 patres
472 2220 648 2275 constitutos.
666 2218 704 2272 Hi
719 2225 786 2273 sunt
797 2219 847 2273 tilii
860 2219 895 2273 de
908 2218 1009 2290 quibus
1029 2219 1059 2274 in
1100 2229 1156 2284 qua
1169 2213 1308 2268 instantia
1319 2213 1389 2267 utad
1405 2213 1569 2268 discendum
1580 2213 1704 2286 psalmos
1711 2210 1875 2272 intenderent,

261 2307 369 2379 psalmo
385 2310 498 2374 (cxxvu,
515 2305 541 2372 3)
558 2306 678 2361 dicitur:
702 2307 767 2360 filii
790 2310 833 2359 tui
854 2309 926 2360 sicot
950 2311 1059 2361 rtooetla
1099 2303 1214 2375 agebat!
1247 2303 1354 2369 Quibus
1386 2303 1486 2370 modis,
1526 2308 1561 2358 ut
1595 2302 1671 2374 quod
1705 2302 1878 2356 inchoaverant

261 2397 412 2458 olivarum,
424 2394 473 2466 qui
486 2392 707 2449 abinferioribus
716 2393 857 2448 extenuati
867 2394 903 2448 ad
913 2394 1059 2464 superiora
1101 2395 1222 2449 emendo
1234 2398 1372 2458 tenerent,
1389 2392 1526 2448 instabail
1540 2392 1680 2448 Omnibus
1695 2391 1783 2447 omnia
1792 2407 1818 2444 sc
1828 2404 1878 2442 con·

259 2483 393 2550 roborati,
411 2483 556 2538 charitatis
570 2482 620 2538 Dei
634 2483 717 2556 adipe
726 2489 755 2538 et
765 2483 934 2554 pinguedine
949 2483 1058 2554 repleti,
1101 2481 1234 2549 formans,
1246 2498 1344 2538 omnes
1357 2487 1389 2537 ut
1413 2481 1496 2548 filios,
1524 2487 1553 2536 et
1577 2481 1619 2536 illi
1645 2485 1678 2536 ut
1705 2487 1805 2552 patrem
1825 2491 1877 2530 eum

260 2571 1061 2642 aliorumanimasverbisachoniscxemplisrefrciendoro·
1102 2571 1245 2628 amabant.

262 2661 363 2717 borant
373 2660 530 2716 roborando
541 2661 897 2729 sustentant,sustentando
907 2661 1061 2717 adsumme
1136 2663 1225 2730 Nova,
1242 2661 1363 2717 necdum
1387 2667 1497 2717 sacrata
1518 2666 1581 2716 erat
1608 2660 1732 2724 ecclesia,
1751 2673 1827 2730 quam
1849 2652 1876 2706 ab

258 2749 1062 2820 virtutumincrementaeducunt.ldultamquoquceduca·
1102 2750 1163 2822 ipso
1184 2752 1264 2820 cujus
1285 2767 1348 2806 eam
1367 2750 1515 2806 consilium
1538 2749 1682 2804 inchoavit
1710 2752 1738 2802 et
1762 2742 1875 2800 auxilium

259 2845 338 2894 verat
352 2838 477 2895 sobolem
491 2855 540 2910 spe
551 2839 707 2894 certissima
721 2839 896 2910 posteritatis
908 2839 1062 2911 spirituali·
1100 2838 1164 2912 [ci.,
1178 2839 1295 2894 consilio
1304 2847 1333 2894 et
1343 2837 1460 2912 auxilio]
1482 2839 1697 2899 consummavit,
1722 2831 1876 2905 exspectabat

259 2934 303 2984 ter
315 2929 345 2984 in
359 2927 549 2998 Domino,1'am
556 2929 675 2999 iuvenes
686 2933 808 2994 centum,
818 2927 1056 2983 nobilissimorum
1102 2928 1259 2984 consecrari
1271 2953 1277 2992 ;
1289 2928 1428 2983 instanter
1442 2927 1494 2984 hoc
1514 2943 1531 2982 e
1558 2929 1617 2982 Deo
1635 2941 1789 2998 exposcens,
1810 2921 1874 2990 cujus

259 3017 461 3089 etenimatque
485 3017 666 3088 optimorum,
694 3021 753 3072 mm
778 3016 942 3072 clericorum
971 3033 1056 3089 quam
1099 3016 1229 3089 petitioni
1244 3017 1292 3088 qui
1314 3017 1350 3072 ad
1376 3023 1477 3072 caetcra
1500 3016 1554 3071 sibi
1582 3016 1720 3088 benignus
1740 3013 1873 3072 exshmmt,

177 3179 181 3186 ,
258 3105 450 3177 laicorum,ex
475 3106 570 3160 multis
591 3105 717 3178 partibus
740 3105 816 3161 orbis
840 3106 897 3161 illic
919 3106 1058 3163 adunatus
1100 3113 1227 3178 optatum
1243 3108 1318 3162 Deus
1341 3107 1478 3160 concessit
1504 3106 1636 3160 effectum
1661 3103 1809 3174 adimplens
1836 3113 1876 3169 par

257 3212 403 3262 numerus,
417 3196 452 3252 ad
465 3196 655 3250 ceratenariam
670 3195 1059 3268 pertingebetsummam.Vi·
1099 3195 1194 3250 omnia
1208 3211 1293 3267 super
1315 3195 1368 3250 hac
1386 3211 1416 3249 re
1437 3195 1512 3250 illius
1531 3195 1665 3250 affectum
1685 3211 1690 3246 :
1710 3192 1793 3246 multo
1813 3187 1874 3242 enim

259 3285 301 3340 dit
314 3285 386 3340 filios
401 3284 532 3348 filiorum,
560 3301 593 3338 ex
619 3289 716 3339 sancto
737 3284 865 3338 videlicet
890 3285 1058 3340 cadomensi
1098 3284 1228 3355 ampliori
1242 3300 1326 3356 quam
1347 3299 1517 3356 presumere
1543 3289 1665 3356 poterat,
1689 3274 1876 3337 honorificentia

258 3373 384 3428 coeuobio
399 3373 502 3428 fratres
516 3373 550 3426 ad
565 3379 627 3440 as
639 3373 715 3428 idem
738 3389 808 3444 opus
835 3379 1003 3444 assumptos,
1027 3374 1058 3428 in
1097 3377 1260 3428 consecrate
1274 3379 1326 3440 est,
1343 3377 1398 3428 eta
1413 3389 1468 3444 quo
1487 3373 1648 3444 exoptabat.
1675 3373 1744 3426 Nam
1762 3384 1807 3440 pro
1827 3363 1875 3435 qui·

259 3461 392 3516 extremis
400 3460 562 3516 nationibus
576 3461 679 3516 multos
688 3461 805 3532 gignere
825 3461 854 3514 in
875 3462 1003 3516 Domino.
1099 3461 1218 3517 busdam
1232 3461 1351 3532 negotiis
1358 3467 1416 3517 tam
1427 3460 1696 3534 secularibusquam
1706 3451 1874 3514 ecclesiasticis

294 3548 441 3618 Corporem
455 3563 521 3602 eum
531 3548 603 3602 vires
615 3549 676 3618 jam
689 3546 866 3616 deserebant,
877 3565 947 3620 quas
956 3565 1007 3621 per
1017 3554 1061 3604 tot
1100 3567 1174 3622 sepe
1187 3566 1274 3622 supra
1295 3556 1469 3606 memoratus
1495 3552 1625 3622 gentium
1647 3545 1873 3604 transmarinarum

259 3651 348 3691 annos
369 3635 474 3692 laboris
496 3637 685 3703 vehementia,
712 3636 882 3708 vigiliarum,
908 3643 938 3692 et
960 3638 1059 3693 inediae
1100 3639 1270 3710 apostolicus
1297 3640 1333 3694 ad
1347 3640 1455 3694 curiam
1479 3639 1556 3694 venit
1579 3635 1790 3695 eminentissimi
1814 3629 1873 3700 regis

258 3725 432 3781 continuatio
459 3726 612 3798 plurimum
640 3725 800 3792 attriverat,
833 3727 910 3782 visus
938 3727 1059 3782 manme
1098 3729 1254 3799 Anglorum
1267 3729 1402 3783 Willelnri
1415 3729 1445 3784 iu
1469 3745 1518 3784 sua
1542 3734 1622 3784 terra
1638 3727 1872 3784 Northmaunomm

258 3813 466 3870 destituebatur
479 3815 580 3883 officio,
596 3821 625 3870 et
638 3815 674 3870 ab
688 3815 764 3871 horis
779 3817 944 3887 vespertinis
953 3816 1059 3888 indige-
1100 3823 1167 3872 tunc
1181 3818 1392 3884 commorantis,
1409 3823 1461 3872 etc.

258 3903 308 3958 bat
317 3903 474 3961 ducamine.
499 3903 687 3970 Quamobrem
710 3922 766 3960 non
777 3905 805 3959 in
816 3905 980 3960 dormitorio
995 3921 1058 3961 cum
1134 3905 1201 3962 Dies
1213 3923 1310 3978 ergoa
1332 3907 1429 3962 multis
1455 3923 1505 3978 per
1530 3907 1636 3962 multos
1663 3921 1748 3960 annos
1771 3897 1871 3956 multum

257 3991 403 4060 fratribus,
420 4009 511 4065 neque
525 3994 561 4048 ed
570 3995 746 4066 psallendum
758 3993 844 4049 choro
854 3995 1058 4065 intereasejam
1099 4001 1246 4067 exoptatus
1259 3997 1342 4067 longe
1356 3997 1468 4067 lateque
1482 3996 1654 4060 insinuatur,
1677 4012 1709 4050 ex
1736 3983 1871 4060 longinquis

258 4082 377 4148 valebat,
389 4083 437 4138 aed
453 4090 548 4138 mmcn
561 4084 596 4138 ad
611 4083 775 4138 nocturnale
800 4083 922 4139 cilicium
951 4084 1058 4156 primus
1099 4077 1870 4156 regionibusviriconsulares,ecclesiasticorumgraduum

258 4171 402 4244 surgebat,
414 4188 465 4228 nec
477 4173 535 4227 ulla
548 4173 644 4229 diurni
658 4172 761 4228 laboris
772 4172 937 4243 defatigatio
946 4172 976 4227 in
986 4173 1058 4229 lecto
1099 4191 1216 4230 summae
1226 4191 1360 4247 personae.
1377 4175 1523 4230 hominum
1536 4191 1628 4246 genus
1642 4173 1777 4229 infinitum
1789 4165 1871 4221 adven·

257 4260 338 4316 illum
353 4267 417 4334 post
426 4259 496 4317 alios
507 4262 656 4318 retinebat.
667 4261 727 4319 Cibi
739 4279 772 4317 ac
787 4262 1057 4335 potusparcivnonia,
1066 4291 1090 4350 D
1098 4269 1196 4320 tarum
1208 4265 1423 4336 praenuntiatur,
1443 4263 1629 4320 libentissime
1642 4262 1778 4334 accipitur,
1791 4265 1870 4322 conat

258 4366 321 4424 quae
331 4350 361 4406 in
371 4352 529 4423 juventute,
545 4353 643 4408 eadem
662 4350 826 4408 servabatur
843 4352 874 4406 in
901 4357 1055 4417 senectute,
1098 4358 1201 4408 runtur
1211 4354 1326 4408 maximi
1341 4359 1473 4427 sumptus
1487 4353 1523 4408 ad
1536 4353 1742 4427 suscipiendum
1753 4355 1869 4410 omncgr

258 4443 360 4510 preter
375 4441 450 4512 quod
464 4439 499 4496 ab
524 4441 601 4496 omni
624 4442 745 4496 fratrum
766 4445 904 4496 conventu
931 4445 1055 4508 coactus,
1098 4459 1151 4498 nus
1173 4443 1329 4499 hominum.
1346 4441 1400 4498 Ubi
1422 4443 1602 4516 adimpletur,
1627 4445 1750 4513 pluriora
1764 4433 1869 4490 volunta

258 4528 379 4599 exceptis
391 4529 524 4600 legalium
536 4529 708 4600 jejuniorum
720 4529 827 4595 diebus,
839 4529 882 4585 bis
894 4528 1058 4584 comedebat
1097 4533 1173 4586 riom
1182 4534 1332 4600 segregabit
1342 4533 1412 4588 Deus
1423 4533 1580 4588 hereditati
1589 4531 1735 4604 aare(l’roi.
1747 4514 1865 4584 cxvndssi·

257 4615 288 4669 in
301 4615 355 4671 die.
369 4617 449 4681 Quod
470 4617 582 4689 quidem
602 4619 695 4690 ipsum
709 4635 766 4675 non
789 4624 847 4674 tam
880 4618 1055 4675 refocillandi
1097 4619 1174 4676 Nihil
1191 4620 1227 4676 ab
1246 4621 1341 4692 aliquo
1360 4627 1498 4688 exactum,
1519 4621 1589 4676 nihil
1608 4619 1767 4692 expetitum,
1781 4607 1874 4677 seipso*

255 4702 324 4760 lassi
335 4706 460 4778 corporis
474 4722 543 4762 cura
551 4714 736 4775 concesserat,
753 4724 836 4781 quem
850 4714 883 4764 ut
893 4724 986 4765 escam
1006 4725 1055 4763 su·
1096 4707 1245 4773 sufficiens,
1262 4711 1336 4782 quod
1347 4699 1479 4782 creperet,
1496 4710 1621 4781 perfecit.
1635 4711 1707 4764 Deus
1717 4704 1761 4776 qui
1771 4701 1802 4755 dc
1811 4701 1867 4751 star·

256 4793 387 4848 menseis
402 4793 586 4864 sumentibus,
612 4794 712 4867 quibus
737 4797 773 4851 ad
796 4812 867 4869 opus
889 4796 1057 4870 presidebat
1096 4815 1160 4854 core
1178 4798 1269 4870 erigit,
1302 4798 1377 4853 acin
1391 4797 1504 4853 sublimi
1526 4814 1679 4872 pauperem
1701 4806 1795 4867 ponere
1813 4798 1867 4840 con·

253 4880 384 4939 insistere
400 4890 503 4955 posset,
520 4883 596 4956 operi
606 4886 741 4957 usquead
754 4901 908 4958 vesperam,
936 4902 968 4942 ac
991 4901 1056 4958 per·
1097 4887 1187 4943 suevit
1202 4891 1283 4957 (Prot.
1299 4901 1366 4951 extr,
1383 4885 1408 4956 7)
1439 4887 1498 4942 solo
1520 4904 1577 4944 suae
1600 4903 1698 4942 manus
1721 4873 1865 4954 gestamina

255 4987 328 5044 saepe
340 4973 425 5028 eham
441 4990 529 5045 usque
544 4975 573 5028 in
587 4979 697 5030 noctem
718 4975 875 5030 insistebat.
896 4976 992 5031 Otium
1006 4981 1056 5030 aut
1096 4977 1176 5046 cujus
1198 4975 1228 5029 in
1246 4974 1487 5030 consummatione
1510 4975 1595 5047 hujus
1615 4973 1705 5046 operis
1726 4969 1766 5025 sui
1783 4971 1867 5018 manus

254 5061 382 5134 voluptas
394 5063 502 5118 nullum
518 5064 547 5118 iu
563 5080 596 5118 co
613 5064 666 5120 sibi
681 5065 774 5121 locum
795 5066 896 5119 sortita
918 5071 961 5120 est
992 5066 1064 5119 Non·
1095 5064 1166 5119 adeo
1180 5065 1259 5136 larga
1283 5065 1399 5130 exstitit,
1419 5065 1493 5135 quod
1510 5081 1555 5118 res
1571 5055 1866 5136 sumptuosissimam

254 5157 321 5208 aetas
335 5169 399 5210 cum
415 5169 553 5208 annorum
564 5170 713 5210 numerum
725 5156 784 5225 iarn
794 5154 940 5220 excedens,
950 5154 984 5210 de
999 5171 1054 5227 quo
1095 5155 1234 5210 universis
1245 5153 1281 5209 ad
1294 5161 1390 5209 votam
1407 5158 1436 5208 et
1451 5152 1647 5208 sufficientiam
1661 5150 1721 5215 fuit,
1732 5160 1778 5200 nec
1793 5137 1865 5192 ullam

254 5242 356 5298 dicitur
370 5243 400 5298 iu
414 5243 538 5315 psalmo:
555 5249 581 5298 et
595 5247 718 5312 amplius
729 5260 824 5298 eorum
843 5245 922 5300 tabor
937 5250 962 5299 et
976 5246 1054 5300 dolor
1093 5246 1274 5318 inposterum
1284 5244 1623 5316 contraxitindigentiam,
1633 5229 1864 5298 adtentumsolem·

255 5334 339 5401 (Prot.
354 5347 462 5397 cxxxix,
478 5330 530 5402 lu).
546 5333 609 5388 Non
624 5333 774 5388 vehemens
789 5334 972 5405 quamultum
981 5351 1053 5406 sape
1094 5334 1191 5389 nitatis
1206 5339 1293 5390 tantae
1305 5333 1450 5404 gaudium.
1468 5332 1601 5406 Languor
1611 5332 1658 5404 qui
1670 5345 1718 5402 per
1739 5327 1795 5379 octo
1811 5317 1864 5409 aab

252 5421 283 5476 in
295 5421 414 5478 internis
425 5421 750 5494 angebatnrintirmitas‚
762 5423 842 5477 illum
853 5423 888 5476 ab
896 5421 1053 5478 actionibus
1094 5422 1153 5478 dies
1165 5423 1428 5478 vehementissimus
1444 5427 1577 5479 tenuerat
1595 5420 1691 5477 mortis
1713 5407 1863 5470 imminentis

253 5511 418 5572 necaaariis
431 5511 580 5570 retinebat.
596 5511 717 5568 Paterno
743 5512 845 5568 affectu
869 5512 946 5567 omni
967 5513 1052 5570 modo
1093 5519 1170 5568 metu
1183 5513 1277 5586 ipsum
1287 5512 1451 5570 monasterii
1458 5517 1570 5586 patrem
1584 5512 1679 5568 adesse
1692 5497 1861 5563 minitabatur·
