3986 6184
151 315 181 370 :11
923 305 1016 361 lll'lh.
1144 319 1146 324 ·
1756 308 1790 368 38

148 438 335 502 conversione,
351 437 399 508 qui
414 439 499 490 antea
512 432 645 489 dolebant
658 434 693 490 do
712 437 773 506 ejus
787 433 941 490 aversione.
952 435 1099 502 Aoperom
1115 445 1194 485 suom
1208 431 1363 503 expendere
1376 430 1502 491 desistat.
1519 451 1532 486 o
1548 435 1606 490 Nee
1619 436 1708 492 multo
1721 442 1786 510 post

148 529 238 600 liujus
258 525 431 582 sacrementi
453 523 606 595 sacrilegus
623 529 824 596 transgressor,
846 529 944 580 contra
983 519 1151 592 presbyterii
1169 537 1236 592 pars
1250 520 1365 576 dexmra
1379 522 1493 590 corruit,
1512 523 1540 578 in
1560 539 1615 596 que
1628 525 1783 582 oratorium

148 616 289 690 prelatum
308 615 458 689 synodum,
478 617 576 669 contra
603 613 771 669 catholicam
795 609 943 668 veritatem
984 613 1054 674 erat,
1071 609 1201 664 etaltera
1221 611 1311 666 sancti
1328 611 1481 667 Benedicti.
1502 613 1718 687 Anxiatosuper
1732 615 1785 671 hoc

148 705 331 778 omniumque
352 702 603 760 eoelesisstmorum
631 702 776 758 doctorum
802 702 886 758 iidem
901 699 941 774 (θ’)
984 703 1013 752 et
1035 698 1156 752 multuin
1178 698 1344 753 conturbato
1369 698 1464 754 abbati
1489 717 1557 758 suus
1581 702 1612 756 in
1632 703 1710 758 omni
1730 719 1783 760 suo

146 794 281 866 scripturn
302 799 400 866 postea
417 791 551 847 condidit.
574 790 627 846 Oui
641 791 813 848 Loubancue
826 807 942 864 respon·
984 786 1156 842 desolatione
1180 788 1340 842 consolator
1366 789 1489 856 accemit,
1511 789 1659 846 obsecrans
1682 797 1724 861 ut,
1740 793 1785 848 vel

145 884 225 950 deus,
239 882 293 940 sub
306 882 420 938 nomine
440 881 573 953 epistole,
589 879 633 944 (ὓ)
646 879 772 935 libellum
787 882 943 952 elegantem
984 890 1059 930 nunc
1073 876 1261 948 acquiescens,
1284 878 1393 948 majora
1406 878 1551 935 inchoaret
1564 880 1691 937 aedificia.
1707 884 1782 940 Tan·

145 971 313 1042 composuit,
331 969 467 1024 annotina
480 968 596 1024 veritate
610 969 772 1038 subnixum,
793 975 823 1025 et
837 977 944 1026 sancta
984 964 1049 1018 dom
1062 963 1159 1031 victus,
1184 981 1264 1036 spem
1287 965 1317 1019 in
1342 965 1400 1021 Deo
1414 967 1600 1024 certissimam
1619 987 1734 1043 gerens,
1754 978 1785 1028 et

144 1058 944 1131 rumPetrumundiqueauctoritstibuscorroboratum,in
984 1053 1138 1125 plurimum
1158 1053 1187 1108 in
1211 1052 1364 1109 consiliarii
1387 1055 1431 1110 sui
1458 1073 1510 1127 ope
1534 1059 1687 1127 conlidens,
1703 1062 1785 1133 cujus

145 1148 464 1220 quoinveniunturtsta
478 1164 539 1219 qua
554 1147 687 1204 diximus,
707 1148 757 1204 His
770 1149 845 1204 enim
856 1149 944 1220 gestis
984 1157 1070 1213 opera
1083 1142 1136 1197 sibi
1150 1142 1224 1197 bona
1240 1142 1335 1198 omnia
1355 1143 1566 1215 proveniebant,
1585 1146 1614 1201 in
1635 1148 1785 1206 salubriori

144 1238 320 1294 Lachancus
332 1236 467 1305 interluit,
484 1237 533 1309 qni
546 1253 631 1293 causa
652 1238 736 1309 hujus
754 1238 813 1292 litis
825 1239 944 1294 Romam
984 1231 1104 1288 multum
1122 1236 1150 1286 et
1165 1231 1384 1287 convenientiori
1397 1232 1457 1288 loeo
1477 1249 1550 1289 nova
1563 1235 1712 1306 inchoavit,
1727 1255 1786 1295 mo·

144 1333 271 1394 venerat,
285 1333 316 1382 οι
324 1332 356 1382 ut
365 1331 464 1398 ageret
472 1343 523 1399 pro
537 1327 608 1382 duce
620 1329 827 1382 Normnnofflm
835 1333 864 1384 et
874 1343 943 1383 1110.
985 1319 1140 1374 misterium
1154 1325 1183 1374 et
1206 1319 1340 1387 officinas,
1360 1337 1430 1393 oplls
1446 1322 1613 1394 pergrande,
1630 1325 1706 1395 quiid
1724 1343 1782 1382 noll

144 1418 245 1488 reejus
258 1417 335 1488 apud
344 1417 540 1488 apostolicum,
555 1431 672 1489 proque
681 1433 722 1482 re,
733 1416 941 1484 sicutdiximus,
984 1423 1030 1463 rw
1039 1408 1168 1480 pr⁰priae2
1182 1425 1243 1480 (11¹ae
1255 1409 1346 1464 ³thss
1360 1415 1442 1464 “⁸¹12
1462 1411 1637 1482 Ρθΐῐΰῡᾶὶῦῶι
1653 1413 1703 1468 Sed
1714 1413 1785 1471 fides

144 1505 213 1559 illuc
226 1510 398 1577 perrexerat,
415 1504 505 1576 Igitur
519 1505 628 1560 locutus
646 1521 711 1560 cum
726 1521 799 1578 papa
818 1504 944 1573 Nicolau,
987 1497 1017 1552 in
1039 1497 1128 1552 Deum
1143 1499 1233 1565 firma,
1250 1502 1278 1552 et
1290 1515 1355 1570 spes
1369 1503 1454 1567 cerba,
1471 1499 1600 1555 universa
1615 1501 1783 1558 conferendo

145 1593 270 1650 ostendit
282 1594 350 1666 quia
362 1591 423 1664 ejus
436 1594 576 1650 sententia
590 1594 652 1649 illos
666 1600 778 1650 tantum
801 1593 945 1666 marabot,
987 1586 1181 1641 accumulavit.
1202 1587 1374 1643 Lanirancas
1403 1586 1514 1660 quoque
1535 1589 1649 1645 licentia
1672 1590 1785 1649 abbatis

144 1683 192 1753 qui
207 1699 257 1738 eos
271 1697 324 1738 nen
338 1684 552 1754 conjunxerant,
567 1699 619 1738 nec
645 1699 776 1756 separare
798 1689 944 1754 potemnt3
988 1675 1085 1745 suitflt
1099 1675 1202 1730 iterum
1227 1676 1351 1731 scholam
1373 1677 1474 1744 enuit,
1493 1683 1522 1733 eb
1535 1695 1570 1732 ea
1593 1695 1688 1751 quaea
1708 1681 1787 1736 scho-

145 1787 210 1826 usm
226 1772 284 1828 dux
305 1772 431 1845 puellam
455 1787 540 1844 quarn
554 1777 701 1844 acceperet
715 1772 792 1828 nullo
806 1777 888 1844 pacto
900 1754 976 1828 di.B
986 1765 1092 1820 lasticis
1105 1764 1260 1837 accipiebat
1273 1763 1368 1820 abbati
1392 1765 1562 1834 conferebat,
1579 1766 1664 1823 abbas
1684 1783 1787 1841 opera·

145 1859 259 1916 mittere
268 1861 361 1916 vellet.
378 1861 437 1916 Hoc
449 1860 566 1916 audiens
576 1865 605 1916 et
615 1876 711 1916 verum
721 1877 784 1917 csse
798 1861 946 1917 advertens
986 1853 1036 1908 riis
1047 1853 1142 1908 dabut-

145 1965 274 2005 summam
287 1949 423 2022 pontifex,
443 1948 650 2022 dispensatione
663 1949 770 2020 habita,
783 1951 946 2022 conjugium
1020 1939 1066 1999 10.
1096 1943 1163 1998 Post
1186 1941 1300 1998 triennii
1328 1944 1555 2014 completionem,
1581 1945 1641 2000 sola
1665 1946 1786 2002 necdum

147 2037 291 2104 mucescit,
304 2042 442 2093 eotamen
457 2038 540 2092 modo
553 2043 691 2109 quatenus
701 2039 756 2094 dux
767 2043 796 2094 et
807 2056 877 2095 uxor
885 2041 946 2111 ejus
986 2031 1125 2103 ‘simplem
1148 2031 1272 2099 basilica,
1302 2032 1469 2089 venerabilis
1495 2033 1669 2089 hausimus
1700 2036 1785 2108 empti

146 2124 200 2178 duo
224 2122 400 2179 monasteria
421 2126 625 2188 construerent,
642 2123 672 2178 in
692 2123 798 2194 quibus
819 2123 945 2194 singulas
986 2120 1078 2191 operis
1096 2120 1251 2188 institutor,
1264 2127 1324 2176 tam
1337 2122 1417 2178 ducis
1430 2123 1611 2179 Normanniae
1626 2140 1712 2196 quam
1729 2124 1785 2197 pri·

146 2212 380 2284 mugregstiones
394 2213 518 2267 virorum
529 2227 562 2267 ac
575 2211 725 2267 mulierum
742 2212 943 2281 coadunarent,
986 2215 1095 2265 matum
1108 2211 1311 2282 supplicatione
1321 2209 1446 2267 wnobio
1456 2212 1632 2278 Oadomensi,
1645 2213 1719 2283 quod
1728 2211 1785 2269 dux

145 2303 194 2372 qui
208 2301 248 2356 ibi
265 2301 319 2356 suh
333 2317 435 2357 norma
456 2306 561 2356 sancte
579 2299 724 2372 religionis
740 2301 786 2356 die
804 2307 945 2374 noctuque
985 2299 1188 2372 hortatupapae
1198 2299 1305 2355 Nicolai
1316 2300 1511 2367 aedificaverat,
1524 2300 1782 2373 abbaspraeilcitur.

145 2389 203 2444 lieo
222 2389 408 2455 deservirent,
419 2395 448 2444 et
463 2405 513 2462 pro
525 2389 616 2444 salute
630 2405 728 2445 eorum
743 2390 942 2461 supplicarent.
985 2388 1040 2452 Qui
1054 2388 1089 2443 da
1104 2389 1274 2444 monasterio
1289 2388 1415 2445 Becciad
1428 2389 1563 2461 hocopus
1578 2391 1682 2458 exiens,
1694 2407 1785 2447 unum

144 2476 311 2546 (iilParuit
322 2479 379 2534 dux
395 2478 555 2550 apostolice
571 2477 780 2550 dispensationi,
791 2479 945 2534 stadilica-
985 2477 1066 2533 duxit
1082 2493 1187 2543 secum,
1211 2477 1259 2549 qoi
1283 2494 1374 2550 nuper
1395 2478 1523 2533 habitum
1541 2483 1713 2552 susceperat,
1736 2480 1786 2535 sed

145 2572 248 2622 serum
262 2567 319 2622 duo
330 2566 503 2623 monasteria
517 2567 547 2622 in
561 2567 665 2640 praedio
679 2566 723 2631 (¹⁴)
738 2567 813 2639 quod
824 2566 946 2638 antiqui·
987 2567 1188 2638 professionem
1210 2566 1336 2624 nondum
1358 2568 1472 2634 fecerat,
1494 2567 1607 2624 nomine
1621 2567 1785 2637 Radulium,

142 2663 187 2712 tas
196 2656 356 2712 Oadomum
365 2655 559 2728 nuncupabat.
570 2654 682 2722 uultur
692 2672 780 2712 unum
794 2657 946 2712 monacho-
982 2655 1036 2728 qui
1049 2661 1148 2727 postea
1166 2657 1197 2712 in
1210 2673 1242 2712 eo
1257 2658 1317 2712 loco
1330 2657 1397 2712 fecit
1410 2656 1613 2728 professionem
1625 2676 1632 2725 3
1648 2663 1678 2712 et
1691 2673 1787 2729 proce-

143 2761 209 2800 rum
233 2745 261 2799 in
278 2745 393 2800 nomine
413 2745 504 2800 sancti
517 2745 652 2816 Stephani
667 2745 884 2817 protomartyris
896 2763 903 2814 ς
917 2748 949 2801 ¹et
986 2744 1071 2801 dente
1088 2751 1226 2818 tempore,
1239 2747 1365 2809 eiusdem
1376 2745 1498 2802 ecclesia
1515 2746 1696 2802 cadomensis
1709 2747 1788 2819 prior

142 2849 218 2888 uxor
232 2833 292 2903 ejus
299 2832 342 2904 θ’]
349 2833 471 2888 alterum
485 2832 740 2888 sanctimonialium
755 2833 785 2887 in
796 2833 910 2888 nomine
920 2838 949 2888 et
988 2834 1104 2903 exstitit,
1120 2835 1155 2890 ed
1180 2835 1312 2890 ultimum
1329 2835 1415 2890 abbas
1435 2835 1470 2890 de
1495 2835 1572 2890 Bello
1586 2835 1638 2905 ,182
1662 2835 1740 2891 obiit.
1754 2837 1788 2891 ln

143 2921 255 2976 bonine
273 2920 554 2989 conuenientium
570 2921 672 2993 quibus
689 2921 947 2976 tantumderebus
987 2923 1109 2977 adventu
1123 2922 1272 2978 heniranci
1291 2939 1354 2978 mox
1372 2924 1407 2978 ad
1424 2921 1518 2993 ipsum
1533 2922 1626 2977 locum
1642 2923 1737 2978 venire
1751 2922 1787 2977 ad

144 3017 173 3064 et
194 3008 336 3066 reditibus
359 3009 418 3065 suis
443 3010 632 3078 contulerunt,
648 3015 785 3081 quantum
807 3009 949 3066 autliceret
988 3011 1196 3067 conversionem
1212 3016 1357 3084 ooeperunt
1371 3010 1478 3066 nobiles
1492 3010 1554 3077 riri,
1573 3015 1602 3064 et
1620 3010 1719 3082 optimi
1733 3009 1788 3066 cle·

143 3099 253 3154 ibidem
268 3097 462 3155 habitantibus
472 3099 546 3153 etad
560 3099 664 3154 victum
675 3103 704 3154 et
714 3099 857 3154 vestitum.
955 3099 1048 3172 urici,
1064 3099 1138 3154 inter
1147 3115 1217 3169 quos
1229 3098 1283 3154 luit
1299 3097 1428 3169 egregius
1446 3103 1475 3152 et
1494 3097 1660 3153 venerabilis
1674 3098 1787 3154 Willel·

257 3197 265 3212 ·
355 3245 358 3251 ,
460 3188 577 3244 CAPUT
591 3188 638 3243 ill.
988 3203 1051 3244 mus
1063 3185 1119 3260 (19)
1128 3187 1236 3244 Rabodi
1254 3187 1337 3255 tilius,
1355 3187 1403 3259 qui
1418 3193 1482 3259 post
1496 3186 1682 3243 Lanlranoum
1696 3188 1788 3244 cado-

188 3275 218 3334 9.
232 3276 371 3333 Paridem
383 3281 497 3348 tempus
506 3278 785 3348 crescenteBeccensi
798 3293 948 3349 congrega·
988 3277 1079 3332 mensi
1098 3276 1226 3332 Ecclesiae
1243 3277 1362 3349 prefuit,
1386 3281 1415 3332 et
1431 3281 1530 3347 postca
1554 3276 1788 3348 Rothomegeusis

142 3365 236 3428 tione,
247 3365 279 3421 in
293 3382 326 3421 eo
340 3366 401 3421 loco
411 3365 529 3436 contigit
542 3365 612 3420 illud
622 3366 755 3421 dictuma
770 3366 888 3422 Domino
898 3382 948 3438 per
987 3366 1212 3438 archiepiscopus
1222 3365 1338 3420 exstitit.
1349 3367 1406 3421 Iste
1415 3364 1574 3420 Willelmus
1584 3380 1649 3420 cum
1658 3365 1788 3421 habitum

143 3455 252 3510 isaiam
266 3453 453 3527 prophetam:
477 3453 621 3524 Ancarius
639 3455 712 3511 milri
728 3461 766 3511 ert
787 3457 881 3520 locur5
902 3458 947 3524 soe
987 3455 1131 3526 religionis
1150 3455 1266 3510 Oadomi
1282 3453 1459 3526 suscepisset,
1476 3453 1579 3509 missus
1594 3459 1638 3508 est
1656 3455 1787 3523 Beccum,

140 3546 272 3614 spolium
286 3549 319 3598 ut
334 3544 489 3604 inhabilem
509 3543 757 3611 (lsai.xn1x,20l.
780 3544 946 3616 Spatiositas
985 3550 1019 3600 ut
1041 3544 1167 3599 ordinem
1191 3543 1230 3598 ihi
1250 3542 1417 3606 addisceret,
1434 3542 1500 3614 quia
1527 3543 1636 3598 novella
1651 3541 1789 3616 plantatio

142 3632 225 3687 enim
238 3631 388 3688 domorum
402 3647 488 3704 parva
501 3631 712 3687 multitudinem
726 3633 880 3688 adunatam
891 3633 947 3688 fra·
986 3633 1074 3706 ipsius
1083 3632 1137 3696 loci
1150 3633 1275 3688 nondum
1288 3637 1400 3704 poterat
1412 3631 1483 3686 alios
1497 3631 1619 3702 perlecta
1633 3632 1785 3688 instruere.

141 3721 294 3791 numiam
304 3735 405 3792 capere
418 3735 475 3776 non
488 3719 613 3788 velehat3
629 3721 679 3776 sed
692 3721 763 3777 situs
774 3721 827 3776 loci
839 3722 946 3778 incolu-
987 3723 1044 3778 lste
1055 3722 1099 3777 vir
1115 3722 1260 3793 generosis
1283 3720 1424 3776 natalibus
1449 3727 1536 3788 ortus,
1559 3721 1686 3792 simplex,
1708 3719 1790 3777 bonis

142 3811 242 3865 mitati
254 3810 418 3880 degentium
432 3810 589 3865 contrarius
599 3809 745 3866 existebat.
755 3811 854 3882 ltaque
867 3827 948 3868 vene-
987 3809 1112 3866 moribus
1127 3815 1252 3878 ornatus,
1268 3810 1435 3881 religiosus:
1452 3824 1518 3864 cum
1530 3809 1708 3880 aliquantum
1718 3815 1790 3865 tem-

140 3897 246 3954 rabilis
260 3899 433 3954 Lmhancus
446 3903 574 3954 mucium
594 3899 708 3954 vanem
732 3899 899 3956 Herluinum
914 3901 948 3957 de
989 3899 1064 3971 poris
1085 3897 1124 3954 ibi
1144 3899 1221 3971 prius
1240 3900 1286 3972 [s.,
1308 3896 1399 3972 prior]
1423 3897 1589 3965 claustralis,
1614 3904 1679 3970 post
1702 3896 1789 3954 abbas

141 3983 266 4059 majoris
286 3987 451 4043 monmterii
474 3987 657 4043 edificatione
671 3987 839 4060 compellare
855 3990 947 4062 coepit.
989 3989 1189 4060 transegisset3
1208 3988 1273 4044 inde
1296 3993 1459 4060 assumptus
1474 3986 1528 4060 θ’),
1553 3993 1732 4044 consecratus
1747 3992 1791 4044 est

142 4075 233 4131 Tanti
257 4076 353 4148 operis
378 4076 467 4132 solam
493 4077 709 4133 commotionem
737 4077 785 4133 ille
809 4079 946 4146 extimuit,
989 4077 1215 4150 archiepiscopus
1237 4077 1487 4149 Rothomagensis;
1513 4076 1543 4131 in
1566 4093 1623 4148 qno
1646 4077 1707 4133 loco
1729 4093 1792 4149 per·

142 4163 241 4220 amris
257 4164 318 4234 jam
338 4163 492 4219 deliciantis
509 4164 615 4220 viribus
633 4165 787 4238 plurimum
807 4167 948 4224 diflidens.
989 4167 1107 4239 longum
1128 4171 1239 4240 tempus
1259 4165 1336 4235 vixit,
1353 4172 1383 4222 et
1402 4165 1432 4221 in
1451 4165 1525 4220 bona
1548 4169 1693 4220 senectute
1714 4164 1790 4220 diem

142 4253 321 4320 Consortari,
337 4251 491 4320 adhemari,
514 4268 546 4308 ac
560 4269 634 4326 sepe
656 4254 791 4327 idipsum
810 4255 947 4328 ingerere,
989 4257 1120 4312 ultimum
1130 4256 1241 4311 clausit.
1250 4257 1284 4311 ln
1292 4256 1340 4310 illo
1351 4253 1518 4312 cadomensi
1525 4251 1650 4308 coenobio
1660 4257 1789 4326 termrore

142 4343 195 4414 qni
208 4347 337 4414 creperet
349 4357 406 4398 non
419 4341 577 4409 omittebat,
596 4343 691 4400 dicens
705 4344 798 4400 locum
812 4361 950 4418 aquosum
990 4345 1149 4410 Lanirauci,
1173 4350 1202 4400 ot
1227 4359 1324 4400 eorum
1345 4343 1402 4415 qni,
1427 4342 1560 4397 seculum
1586 4340 1788 4414 relinquentes,

141 4447 204 4486 uon
220 4446 285 4486 ease
303 4435 401 4503 optram
418 4429 586 4487 habitationi
607 4432 820 4488 monachorum.
842 4433 950 4490 Abbate
990 4433 1175 4490 monasticam
1187 4433 1273 4488 vitam
1288 4431 1340 4488 sub
1361 4448 1396 4488 eo
1414 4432 1607 4505 arripuerunt,
1621 4431 1706 4503 coepit
1726 4430 1791 4487 reli-

140 4521 314 4576 nnllatcnus
331 4519 535 4592 acquiescente,
551 4519 642 4575 fertur
657 4520 763 4576 dixisse
776 4522 951 4588 Lansrancus
988 4523 1036 4594 gio
1049 4538 1162 4595 magna,
1173 4538 1235 4595 quae
1248 4521 1481 4594 perduratusque
1496 4519 1590 4576 hodie.
1608 4522 1720 4577 Interea
1734 4521 1791 4578 dux

140 4609 322 4682 quibusdam
333 4607 475 4664 nobilibus
487 4607 563 4677 viris,
574 4625 638 4664 cum
651 4609 751 4682 quibus
763 4610 948 4684 loquebatur:
991 4611 1218 4666 Norurannorum
1228 4609 1386 4664 Willelmus
1395 4608 1599 4666 hereditarium
1609 4608 1663 4664 sibi
1672 4625 1791 4682 regnum

140 4720 153 4750 ι
168 4699 306 4754 Domnus
318 4696 405 4753 abbas
414 4698 556 4754 consumit
566 4703 678 4770 tempus
688 4703 717 4754 et
730 4699 856 4756 laborem
868 4719 950 4759 suum
990 4699 1098 4770 Angliae
1115 4700 1279 4772 pervadens,
1296 4698 1332 4754 ad
1355 4714 1417 4770 quea
1441 4697 1529 4754 voluit
1539 4698 1606 4770 jura
1627 4697 1766 4770 disposuit
1782 4719 1789 4770 ;

137 4787 172 4843 in
187 4788 246 4842 hoc
254 4801 363 4860 aquoso
374 4786 444 4853 loco,
451 4802 504 4843 nec
518 4787 578 4843 vult
587 4787 657 4843 mihi
671 4789 794 4858 credere,
803 4789 952 4847 utdesinat
992 4787 1092 4844 deinde
1106 4787 1142 4843 ad
1157 4786 1363 4843 meliorandum
1382 4786 1512 4842 Ecclesiae
1533 4791 1649 4857 statum,
1664 4787 1791 4843 animum

137 4877 178 4932 ab
195 4877 255 4932 isto
270 4893 363 4948 opere,
377 4875 623 4948 etincipiatalind
637 4893 707 4950 opus
720 4878 749 4934 iu
763 4879 948 4938 sanioriloco.
991 4877 1122 4933 intendit.
1152 4877 1242 4948 Igitur
1276 4875 1427 4931 Alexandri
1460 4875 1624 4954 universalis
1661 4875 1791 4934 Ecclesia

134 4965 225 5020 Deus
238 4964 952 5042 omnipotensodetillitaleimpedimentumqua-
991 4966 1094 5023 summi
1103 4965 1252 5038 pontilicis,
1262 4965 1378 5020 virivita
1387 4968 1416 5020 et
1425 4963 1544 5020 amentia
1553 4965 1790 5035 excellentissimi,

132 5059 234 5110 tenus
257 5069 306 5110 mo
323 5053 423 5110 audiat
440 5057 526 5126 etque
544 5053 574 5108 in
588 5058 648 5109 tam
671 5055 872 5128 incompetenti
890 5057 950 5114 loco
991 5054 1656 5127 consultoetrogatu,omniumquoquehnglici
1670 5054 1791 5112 etNort-

176 5193 240 5279 lli)
254 5195 297 5250 De
310 5194 419 5278 dupbus
429 5194 492 5250 istie
502 5195 680 5280 monasteriis
695 5197 811 5254 Osdorni
823 5199 951 5256 excitatis
991 5198 1021 5254 in
1033 5203 1111 5253 torno
1125 5199 1138 5253 1
1152 5197 1298 5254 Monostici
1313 5195 1470 5279 Anglicani,
1481 5212 1547 5268 pag.
1563 5193 1616 5253 ³l0
1684 5265 1689 5277 ι
1771 5265 1777 5278 ⁸

131 5283 259 5340 comm
271 5283 380 5363 pranis
394 5265 646 5323 ohservatiombus.
764 5342 769 5354 ,
834 5340 840 5352 ι
1028 5267 1079 5352 titi
1092 5269 1251 5324 Willelmus
1260 5273 1394 5350 successit
1407 5283 1481 5323 anno
1493 5265 1575 5332 1079,
1590 5263 1792 5392 loqqnqqqqplp

129 5337 953 5484 Sufflbrgffiffffigfficlbssirubruigguilibalgbesbgnqffi
992 5339 1379 5482 ῗῗὶὶωῐὲἓώῗοέξὲῗῗὲἓὲἒὲ
1402 5340 1732 5493 qqsaerquistqqebnffim
1748 5407 1793 5465 lli·

26 5547 27 5550 ,
127 5489 208 5538 stor
222 5495 300 5536 anno
314 5477 386 5538 itti
404 5480 434 5536 in
448 5496 481 5536 eo
498 5480 561 5553 ipso
578 5481 638 5537 loco
662 5481 720 5549 ubi,
736 5482 832 5554 prelio
855 5488 954 5539 contra
992 5482 1056 5538 talis
1070 5481 1118 5538 lib.
1131 5499 1157 5548 v,
1173 5482 1208 5537 ed
1223 5497 1329 5539 annum
1345 5427 1428 5551 tufa
1444 5497 1489 5536 cru
1513 5479 1562 5534 alii
1576 5483 1705 5534 auctores
1723 5495 1792 5536 oon·

26 5559 27 5610 l
128 5551 304 5610 Mum
329 5551 410 5624 regni
427 5551 585 5609 messorem
598 5553 756 5622 mmmmm,
772 5553 865 5626 ipsum
879 5554 953 5611 vics·
993 5553 1128 5611 mutiunt.
1144 5553 1288 5612 Ratbodus
1311 5553 1373 5626 ejus
1396 5555 1477 5627 pater
1497 5549 1555 5607 init
1573 5551 1720 5624 episcopus
1738 5551 1792 5608 Sa·

26 5695 28 5804 l

124 5629 196 5696 ret,
220 5621 299 5697 quod
307 5621 371 5680 ideo
381 5623 491 5681 Bellum
499 5623 617 5683 vocant.
625 5623 693 5697 Eius
702 5623 953 5684 historiabsbotnr
992 5625 1108 5698 glemu.
