4058 6180
168 285 198 344 ar
517 278 604 340 nort.
625 263 1445 345 ascensoriamuoinmosssummo'sss.
1768 282 1805 351 te

167 409 285 481 offisque
303 407 438 479 ambigat,
466 418 531 464 cunr
546 423 598 480 par
615 427 700 468 causa
726 411 757 466 in
782 411 882 467 mortis
899 411 1076 484 per-Amaia
1091 409 1162 467 mori
1175 411 1223 484 qui
1238 412 1309 468 bene
1323 411 1436 468 vixerit.
1452 409 1511 470 Nee
1524 407 1651 487 putanda¹
1670 415 1714 474 est
1727 411 1805 474 mata

167 498 289 574 passione
299 502 452 569 utrumque
462 497 608 556 detineat?
619 501 745 556 Audiens
759 501 812 557 hoc
825 501 960 557 Lanfran·
1000 515 1087 569 mors,
1102 505 1174 556 teste
1189 499 1271 556 beato
1285 501 1452 572 Augustino,
1468 502 1643 575 quambene
1659 503 1717 561 rita
1731 521 1803 577 pra-

166 605 221 654 cus,
235 591 382 659 gmtantm
395 587 535 642 munnam
549 591 708 661 approbans
721 591 838 662 accepit.
854 591 961 646 collau·
1001 590 1125 646 cesscut.
1152 592 1224 646 Nam
1243 591 1486 662 appropinquante
1507 592 1628 648 termino
1652 593 1715 649 ritae
1733 608 1803 660 sure,

165 678 231 732 hus
243 677 296 731 riri
309 675 478 748 apientiam
493 681 522 732 et
534 680 723 751 perspicacem
738 679 845 751 ingenii
854 679 962 735 subtili·
1000 677 1048 749 (θ’)
1058 679 1160 734 decidit
1175 679 1204 734 in
1218 679 1413 750 aegritudinem
1428 679 1496 752 (tt),
1514 697 1570 752 qna
1586 681 1616 736 in
1630 682 1690 737 dies
1704 683 1803 754 ingra-

164 771 247 821 tatem
257 765 341 820 firma
350 766 468 820 veritate
479 765 636 822 subnixam.
648 767 683 824 lit
689 767 820 840 deinceps
832 773 961 824 sanctum
1001 773 1140 836 vescente,
1156 784 1230 823 anno
1246 767 1500 841 archiepiscopatus
1509 781 1566 838 xix,
1577 787 1595 825 v
1608 771 1649 842 (⁸⁰)
1659 769 1802 828 Kalendas

165 853 299 927 Eliegum,
313 859 347 910 ut
361 871 424 910 rere
439 872 572 926 maguum
588 861 618 913 et
628 863 781 930 martyrem
795 857 959 930 gloriosum,
1002 857 1088 925 iunii,
1104 857 1178 914 diem
1200 857 1302 914 clausit
1322 863 1488 924 orhemum,
1509 865 1645 930 regnante
1660 861 1804 918 Willelmu

163 945 258 1000 devote
271 949 421 1000 veneratus
435 950 488 1000 est.
1002 947 1060 1003 tilio
1074 947 1209 1002 Willelmi
1225 947 1309 1018 regis.
1328 948 1414 1002 Dolor
1427 947 1557 1002 omnibus
1574 949 1804 1020 incomparabilia

194 1031 238 1091 ³8.
255 1035 367 1090 Interea
382 1035 504 1090 relatum
518 1041 561 1090 est
574 1035 630 1110 ipsi
644 1035 798 1092 hnhnnco
809 1036 883 1108 quod
893 1053 962 1108 pre·
1002 1043 1032 1091 et
1044 1036 1136 1092 luctus
1147 1035 1355 1092 inconsolabilis
1364 1036 1433 1092 suis.
1447 1036 1578 1108 Sepultus
1588 1041 1631 1093 est
1643 1039 1671 1093 in
1687 1039 1804 1094 ecclesia

163 1129 334 1178 memoratus
349 1121 435 1179 abbns
450 1125 609 1190 Anselmus,
629 1141 686 1182 una
699 1130 781 1182 nocte
795 1130 859 1198 post
871 1129 962 1181 matu·
1002 1125 1109 1181 Christi
1123 1123 1191 1196 (18),
1221 1139 1306 1197 quam
1329 1123 1389 1196 ipse
1414 1123 1571 1181 aedificavit.
1594 1114 1631 1182 st
1651 1127 1718 1200 qula
1741 1128 1803 1200 ips‘a

162 1212 233 1266 finus
246 1212 362 1268 veniens
377 1212 413 1267 ad
427 1213 530 1268 lectum
545 1229 638 1281 suurn,
656 1214 765 1269 invenit
776 1213 806 1268 in
821 1229 853 1269 eo
869 1229 959 1269 annu·
1002 1213 1124 1269 Ecclesia
1136 1229 1253 1288 parvum
1274 1219 1359 1286 caput
1374 1214 1466 1284 (vulgo
1481 1217 1505 1270 te
1520 1215 1622 1286 Gtrenet)
1641 1215 1745 1272 habere
1759 1216 1802 1272 vi-

161 1302 216 1358 lum
230 1316 370 1368 aureum
386 1300 466 1375 prius
477 1317 561 1356 cruca
575 1301 680 1358 Christi
699 1303 823 1373 signans,
840 1303 962 1358 neforto
1001 1301 1130 1370 debatur,
1146 1302 1245 1358 beatus
1258 1303 1416 1367 melmae,
1433 1305 1664 1375 succenseretur,
1679 1305 1806 1359 annue

160 1389 420 1445 illusiodesmenum
434 1395 517 1456 esset,
526 1388 721 1462 accepitillum
734 1407 799 1446 rere
812 1391 959 1459 annulum,
1002 1405 1112 1447 cessum
1127 1407 1209 1447 suum
1222 1397 1407 1463 augmentare
1421 1393 1531 1448 studuit
1540 1392 1663 1448 ecclesiae
1677 1392 1804 1464 ejusdem

161 1481 187 1532 ot
197 1477 322 1533 ostendit
335 1475 466 1532 omnibus
480 1489 531 1548 per
546 1493 666 1548 quorum
686 1493 787 1534 manus
799 1495 846 1534 res
862 1493 960 1533 mona·
1003 1484 1096 1550 caput.
1109 1479 1188 1544 Quod
1203 1479 1238 1535 ab
1253 1495 1285 1535 eo
1295 1479 1469 1550 inchoatum,
1489 1486 1518 1536 et
1537 1483 1729 1553 postmortem
1743 1482 1806 1552 ejus

161 1563 424 1626 steriitrausibaut;
441 1570 471 1620 et
485 1565 580 1621 nullus
594 1565 685 1622 fassus
701 1572 788 1622 estse
803 1565 884 1623 illum
898 1583 962 1639 per·
1002 1567 1161 1640 perplures
1183 1586 1272 1624 anuos
1295 1569 1474 1637 aedilitatum,
1496 1570 1612 1626 tandem
1636 1569 1803 1642 perfectum,

160 1654 272 1710 didisse.
293 1654 401 1710 Deinde
415 1654 544 1710 venditus
562 1661 606 1710 est
629 1657 763 1724 annulus,
778 1659 808 1710 et
827 1657 857 1711 in
877 1671 960 1712 uuum
1003 1673 1139 1729 magnum
1158 1674 1229 1730 opus
1243 1663 1271 1713 et
1295 1658 1454 1730 pulchrum,
1470 1675 1488 1712 a
1503 1657 1656 1725 Willelmo,
1673 1659 1721 1730 qui
1741 1663 1808 1731 post
1862 1669 1868 1682 ’

160 1743 278 1799 fratem
292 1757 441 1815 expensus.
458 1743 539 1808 Quod
553 1761 616 1800 cum
633 1745 760 1800 audisset
773 1744 960 1816 archiepisco·
1002 1747 1154 1802 lindulfum
1188 1747 1314 1801 anselmi
1344 1763 1548 1814 successorem,
1579 1747 1809 1820 archiepiscopus

160 1844 219 1905 pus,
235 1831 370 1888 referenti
380 1831 433 1887 sibi
444 1833 590 1906 respondit
602 1851 608 1888 :
621 1833 784 1889 Certissima
794 1833 865 1888 scias
880 1833 960 1888 illum
1001 1835 1117 1902 exstitit,
1127 1851 1191 1890 cum
1202 1851 1304 1907 magna
1315 1836 1416 1908 gloria,
1429 1842 1457 1891 ct
1471 1836 1597 1892 omnium
1609 1851 1703 1891 rerum
1719 1835 1806 1892 abun-

160 1927 220 1994 post
233 1937 279 1976 mc
292 1919 421 1976 futurum
432 1921 680 1996 archiepiscopum.
694 1921 908 1995 Sicutpraedixit
922 1923 962 1980 ita
1002 1923 1100 1978 dantia
1114 1922 1273 1978 dedicatum
1288 1929 1341 1990 est,
1357 1923 1431 1979 sicut
1443 1923 1535 1979 clerus
1550 1929 1578 1978 et
1589 1923 1710 1995 populus
1723 1922 1806 1994 regni

162 2009 284 2066 emussse
298 2010 418 2068 scimus.
1002 2016 1153 2080 testantur,
1162 2013 1211 2084 qui
1224 2012 1384 2068 adfuerunt.
1394 2013 1494 2085 ltaque
1503 2027 1568 2067 cum
1577 2011 1739 2067 immineret
1745 2011 1807 2066 dies

192 2097 310 2155 aenae
327 2099 363 2154 de
382 2103 462 2154 tamo
485 2098 546 2154 viro
560 2113 702 2171 perpauca
712 2097 819 2154 inculto
833 2111 962 2154 sermone
1002 2101 1092 2174 ipsius
1108 2101 1301 2168 dedicationis,
1323 2102 1396 2156 sicut
1420 2117 1481 2156 mos
1504 2105 1555 2168 est,
1579 2099 1673 2156 omnia
1687 2099 1806 2174 carpes

160 2187 234 2243 mota
248 2187 436 2243 cinniorum
458 2191 486 2242 et
500 2203 534 2242 ea
560 2203 621 2259 quse
637 2187 759 2243 diximus
775 2187 810 2242 de
824 2187 882 2258 iilo,
896 2205 963 2244 rora
1003 2189 1168 2246 deecclesia
1182 2189 1395 2245 elataiuerunt.
1411 2187 1490 2245 Tunc
1504 2187 1618 2262 quidam
1635 2187 1732 2256 irater,
1747 2187 1806 2252 sive

161 2278 318 2344 credimus3
332 2283 363 2332 ct
375 2279 457 2352 plura
470 2277 515 2332 his
524 2294 575 2350 per
585 2277 708 2349 gratiam
718 2277 769 2332 Dei
780 2277 859 2333 ilium
873 2278 963 2350 egisse
1003 2279 1175 2348 curiositate,
1187 2296 1246 2347 seu,
1263 2279 1339 2352 quod
1350 2280 1442 2350 magis
1462 2277 1596 2334 credibile
1610 2283 1664 2344 ast,
1675 2294 1727 2350 pro
1742 2275 1808 2332 reli-
1912 2277 1916 2286 '

160 2383 214 2424 uon
229 2367 402 2422 dubitamus.
419 2367 491 2422 Nam
511 2383 529 2422 a
548 2371 677 2438 tempore
698 2383 756 2422 suae
774 2367 965 2424 conversionis
1005 2367 1079 2440 quiis
1089 2367 1247 2425 habendam
1255 2368 1291 2422 de
1300 2367 1397 2423 meula
1404 2367 1520 2438 gloriosi
1529 2367 1678 2422 muhanci
1687 2365 1809 2422 abscidit

158 2461 217 2512 toto
240 2457 338 2511 nimo
362 2471 478 2528 opernm
499 2455 579 2510 dedit
595 2454 726 2528 religioni
745 2459 775 2510 et
794 2469 906 2527 semper
925 2456 960 2510 ad
1002 2455 1233 2529 particulam3de
1246 2472 1303 2527 qua
1314 2455 1379 2510 miri
1389 2454 1483 2510 odoris
1495 2455 1619 2510 suentes
1628 2453 1804 2527 efflagrabat.

158 2545 276 2600 meliora
297 2543 427 2609 madens,
443 2543 478 2599 de
497 2543 600 2599 virtute
622 2543 652 2598 in
672 2543 805 2600 drtutem
826 2545 961 2616 proficere
1003 2545 1133 2603 Ostendit
1147 2543 1219 2612 aliis,
1236 2543 1284 2617 qui
1299 2543 1388 2617 etipsi
1402 2548 1553 2600 senserunt
1567 2543 1661 2600 odoris
1675 2541 1804 2616 fragran-

158 2633 276 2708 stnduit.
290 2634 359 2700 Quis
373 2633 457 2706 digne
477 2637 571 2706 potest
592 2647 724 2688 enarrare
739 2633 801 2704 ejus
815 2632 960 2706 sapientire
1000 2635 1081 2692 tiam
1096 2633 1158 2700 Qua
1170 2633 1205 2690 de
1219 2651 1249 2689 re
1263 2632 1384 2706 intelligi
1394 2633 1479 2689 daher
1489 2635 1563 2706 quod
1578 2633 1674 2689 anima
1686 2632 1809 2690 iiliuain‘

156 2721 435 2795 dnntatemingenii
445 2721 735 2789 subtilitatem,cordis
744 2721 958 2794 benignitatem,
999 2739 1104 2796 magna
1126 2722 1267 2778 suavitate
1288 2722 1450 2794 requiescit,
1472 2723 1551 2793 cnjus
1571 2721 1696 2794 corporis
1718 2721 1800 2776 indu·

156 2813 306 2868 industriae
317 2811 498 2884 probitatem,
511 2811 599 2866 enirm
613 2810 767 2883 puritatem
778 2812 791 2865 1
804 2811 870 2866 Fuit
884 2811 960 2866 enim
1001 2818 1097 2868 menta
1111 2817 1191 2867 tanto
1207 2812 1292 2867 odore
1316 2812 1455 2867 redolent.
1479 2811 1547 2876 Quae
1561 2810 1698 2866 nimirum
1710 2809 1805 2882 gratie

157 2900 462 2973 manuteneamus,
473 2900 633 2955 hnmilitate
642 2899 800 2955 submissus
814 2919 821 2968 3
841 2901 871 2955 in
887 2900 960 2956 elea·
1002 2901 1058 2957 illis
1073 2902 1195 2956 maxime
1209 2900 1380 2968 conceditur,
1397 2900 1454 2973 qui,
1474 2899 1541 2955 dum
1561 2898 1685 2954 viverent
1699 2899 1729 2954 in
1741 2893 1806 2954 cor-

159 2992 284 3066 mosyuis
304 2989 411 3064 largus,
440 2988 495 3045 lide
518 2989 682 3056 catholicus,
706 2988 873 3046 Christianae
898 2989 961 3045 rell·
1001 2989 1263 3064 pore,munditian1
1286 2989 1378 3044 cordis
1401 2993 1431 3044 et
1453 2988 1545 3044 caruis
1565 2987 1806 3059 incorruptionem

158 3083 250 3154 giouia
264 3085 422 3153 reparator,
432 3095 587 3152 pauperum
596 3083 778 3146 sustentator,
786 3071 990 3151 pupillorumC
1000 3095 1089 3151 usque
1114 3079 1151 3134 ad
1174 3079 1260 3132 tinem
1275 3078 1340 3133 vitra
1362 3093 1474 3133 serrare
1488 3077 1666 3132 studuerunt.
1682 3075 1811 3132 AEternea
1928 3117 1932 3126 .

158 3177 311 3245 protector,
328 3171 476 3226 viduarum
491 3169 659 3226 consolator.
676 3167 737 3237 llis,
753 3168 825 3234 eliis,
842 3167 962 3239 aliisque
1000 3167 1183 3224 beatitudinis
1197 3167 1321 3240 quietem
1336 3167 1521 3223 animalilius
1532 3167 1595 3239 pius
1610 3165 1739 3222 Christus
1750 3165 1804 3220 Do·

158 3259 311 3318 rirtufibns
334 3263 461 3326 ornatus,
482 3259 565 3314 fidem
588 3263 664 3313 recte
682 3256 800 3312 virendo
827 3255 959 3324 servarit,
1000 3258 1095 3315 minus
1109 3262 1206 3312 noster
1219 3256 1326 3312 donare
1343 3257 1485 3329 dignetur,
1503 3256 1551 3329 qui
1572 3260 1616 3312 est
1637 3253 1802 3312 benedictis

156 3367 271 3408 cursum
279 3349 350 3406 bene
363 3348 510 3404 moriendo
519 3345 693 3403 terminavit.
702 3345 728 3401 N
730 3362 766 3400 on
779 3346 854 3400 enim
868 3353 961 3418 potest
1000 3348 1032 3404 in
1046 3350 1194 3403 aeterrmm.
1212 3345 1312 3400 Amen.

191 3491 250 3563 [17)
262 3491 371 3547 Audita
392 3491 445 3546 hac
459 3489 609 3545 Lant'ranci
626 3487 794 3560 egritudine
809 3487 959 3545 Anselmus
1000 3489 1076 3548 nous
1087 3489 1123 3544 ad
1138 3487 1228 3561 Epist.
1241 3485 1286 3556 41,
1303 3483 1368 3564 libri
1381 3503 1402 3542 ιι
1417 3485 1445 3541 S.
1461 3485 1605 3542 Anselmi.·
1623 3488 1801 3556 mastonem

156 3565 199 3620 sui
212 3569 243 3620 et
255 3562 344 3620 totiim
358 3568 511 3618 conventus
523 3561 670 3617 beccensis
682 3559 806 3624 nomine,
820 3559 959 3633 adipsum
1001 3562 1213 3620 cantuariensis
1227 3559 1385 3628 metropolis
1406 3558 1624 3628 archiepiscopio
1647 3561 1804 3628 deferretur,

156 3635 308 3708 epistolam
332 3633 455 3706 scripsit,
469 3649 531 3706 quaa
547 3637 600 3700 est,
613 3632 642 3687 in
662 3647 735 3688 nora
744 3629 878 3699 editione,
893 3631 960 3689 nlti-
1000 3636 1033 3688 in
1046 3633 1160 3688 basilica
1175 3637 1276 3686 sancte
1288 3631 1598 3700 Trinitatis‚ceemtpse
1609 3632 1730 3700 anrittco
1741 3643 1804 3700 ope·

156 3705 282 3762 malibri
295 3719 328 3760 11.
1003 3721 1034 3760 re
1047 3708 1249 3770 construxerat,
1266 3703 1446 3772 sepultarest.

190 3775 312 3850 (tusto
325 3775 361 3832 de
373 3792 406 3832 eo
420 3773 525 3831 nbula
540 3791 607 3830 mss.
625 3775 700 3848 opud
721 3773 913 3831 Gerbaronem
932 3772 962 3829 in

893 3931 1324 3952 m

376 4035 745 4152 nonum
781 4033 1057 4150 tuctu
1093 4032 1581 4149 uacuum!

630 4249 769 4296 ΙΟΜῦΗΙ
789 4247 985 4295 annotarim
1007 4245 1158 4294 aetuans.
1181 4247 1206 4294 S.
1231 4247 1328 4293 tetum

268 4369 333 4442 at)
360 4367 512 4442 VITAM
541 4368 582 4439 B.
609 4365 882 4442 LANFRANOI
908 4365 1283 4440 OANTUARIENSIS
1315 4362 1683 4440 ARCHIEPISOOPI

354 4531 630 4664 NOTAE
674 4525 787 4664 ET
838 4515 1615 4662 oasa-uvattottsss

189 4843 345 4897 Auctorem
360 4839 431 4896 Vitae
440 4842 471 4896 B.
488 4841 635 4898 meamet
650 4841 782 4900 llilonem
798 4841 1086 4916 CrispinumDverba
1104 4866 1110 4901 :
1129 4859 1142 4896 a
1158 4843 1253 4898 Vitam
1266 4841 1295 4898 S.
1318 4839 1447 4896 Herluini
1461 4837 1550 4895 edidit
1563 4838 1718 4907 Gilbertue,
1739 4838 1804 4896 eri-

153 4912 243 4968 suisse
258 4912 390 4968 elenchus
404 4913 485 4968 initio
495 4914 597 4972 codicis
612 4931 665 4970 ms.
683 4915 766 4984 (unde
775 4913 869 4970 Vitam
881 4913 958 4970 illam
1000 4915 1109 4996 spinas,
1121 4915 1276 4970 monachus
1291 4911 1436 4967 beccensis
1450 4916 1481 4966 et
1488 4910 1574 4966 abbas
1583 4911 1807 4970 westmonaste-

152 4983 312 5055 desumpsi)
334 4985 464 5058 praelixus
482 5001 528 5040 me
552 4985 656 5042 docuit.
681 4985 814 5041 Milonem
837 5002 903 5041 vero
928 4985 957 5042 S.
999 4987 1045 5041 rii.
1060 4987 1154 5042 Vitam
1173 4987 1202 5042 S.
1231 4984 1358 5040 Auselmi
1377 4981 1466 5038 edidit
1489 4983 1628 5038 Edmmus
1646 4983 1804 5040 monacum

152 5055 284 5110 Amelmi
295 5055 486 5126 synchronum
502 5073 531 5111 se
552 5073 613 5112 essa
631 5055 707 5112 haud
726 5056 842 5112 obscure
865 5057 960 5128 prodit
1000 5057 1221 5114 cantuariensis.
1244 5056 1338 5110 Vitam
1354 5054 1487 5108 aliorum
1510 5054 1616 5110 scibant
1642 5053 1806 5121 mmmm

153 5125 184 5180 in
200 5126 278 5181 calce
299 5125 426 5197 eiusdem
441 5127 528 5195 vitm
550 5127 598 5182 ubi
615 5133 799 5201 posteaquam
817 5129 959 5183 enarravit
999 5125 1143 5196 Willclrni,
1166 5127 1292 5193 Rosoms,
1318 5124 1461 5192 teobaldi,
1488 5125 1612 5193 Letardi,
1637 5125 1802 5198 eomenpsit

152 5197 308 5252 diaconum
323 5195 433 5252 meritis
450 5197 482 5252 B.
503 5197 652 5254 Laniranci
666 5216 682 5254 a
697 5199 857 5254 damonum
870 5199 957 5255 servi·
999 5200 1065 5256 Milo
1080 5196 1433 5271 Crispinuscnntorliecei.
1452 5213 1464 5250 a
1480 5195 1552 5252 Hinc
1564 5197 1689 5270 patetad
1706 5197 1801 5252 decre·

152 5274 219 5323 tute
246 5285 325 5323 exem
347 5275 418 5336 turn,
443 5269 503 5324 haec
524 5269 642 5325 subdit:
663 5290 674 5322 ι
691 5269 750 5325 lloc
772 5271 802 5325 B.
824 5271 958 5326 Anselmo
998 5271 1087 5342 pitam
1100 5270 1365 5326 senectutemsitam
1375 5267 1547 5340 protraxisse
1557 5268 1708 5324 Milouem:
1722 5266 1807 5339 qatp·

151 5287 355 5412 archipraesul‘e
365 5339 515 5408 referente,
530 5358 594 5396 eum
606 5339 669 5396 aliis
683 5341 787 5396 audivi.
801 5361 812 5393 ι
826 5343 908 5396 ΙΙΙιιιιι
920 5343 959 5414 ip·
999 5359 1034 5414 pe
1048 5342 1096 5415 qui
1111 5359 1226 5414 compar
1240 5343 1272 5396 B.
1281 5341 1424 5406 Anselrno,
1434 5345 1518 5411 gesta
1526 5338 1675 5420 descripsit
1683 5337 1805 5396 letarde

151 5429 219 5466 sum
235 5417 379 5468 auctorem
398 5411 476 5467 Vitas
490 5430 545 5485 quo
567 5429 601 5468 ue
623 5413 757 5470 abbatum
778 5413 958 5468 Beroensium
999 5412 1118 5482 abbatis,
1143 5431 1262 5486 queme
1285 5412 1354 5468 vivis
1377 5427 1424 5468 an.
1452 5409 1520 5468 tlte
1542 5425 1692 5466 excommun
1714 5409 1802 5467 hulst

151 5483 282 5554 proxime
296 5483 325 5539 S.
342 5484 508 5539 Anselrnurn
521 5431 605 5540 subse
625 5485 753 5540 nentium
765 5483 956 5558 descripsisse,
998 5485 1149 5542 chronicon
1163 5487 1301 5542 Beccense
1312 5500 1377 5556 pag.
1394 5481 1420 5538 7.

150 5560 331 5627 compertum
345 5559 389 5612 est
410 5572 444 5612 ex
458 5555 557 5612 eodem
571 5557 600 5614 in
632 5555 711 5626 culo;
726 5555 877 5629 cujushsec
891 5562 958 5615 sunt
1035 5557 1066 5628 t¹)
1096 5559 1265 5616 Venerabilis
1292 5555 1524 5616 westmonasterii
1545 5552 1630 5610 ebbae
1650 5553 1800 5614 amram
