3970 6172
142 341 211 401 titt
887 343 1030 402 uustot.
1708 343 1780 406 tlte

138 483 186 524 oss
199 471 230 524 et
242 483 422 541 repercussas
443 467 564 540 gemella
587 469 712 526 motione
734 469 936 525 conformatur.
946 471 1064 541 Aquam
1080 477 1174 530 eutem
1185 491 1247 547 que
1262 472 1393 538 diximus,
1408 469 1535 527 studioso
1557 469 1655 527 lectori
1668 470 1777 544 liquida

137 557 303 630 simplicem
322 569 418 614 autem
442 574 573 616 neumam
594 559 714 614 dicimus
737 559 875 630 virgulam
894 557 938 614 vel
979 559 1045 626 sint,
1057 562 1291 619 volumustsmen
1302 577 1417 634 parvum
1433 561 1590 633 exemplum
1607 560 1777 618 benevolen-

136 653 276 719 punctum
290 667 297 714 ;
312 664 506 720 repercussam
528 664 604 703 vero.
626 664 710 720 quam
726 649 818 703 Berno
834 649 936 703 distro-
978 647 1025 702 tiae
1039 664 1124 704 causa
1137 649 1285 705 adducere.

136 737 226 808 phem
238 737 282 792 vel
294 736 478 808 tristropham
492 743 581 791 vorat.
597 737 677 792 Arsis
690 743 785 794 autem
805 743 833 792 et
850 737 938 792 thesis
1127 738 1247 793 Laudato
1260 740 1411 794 Dominam
1425 738 1458 792 de
1468 740 1541 793 cotis
1556 736 1624 808 (ἳῖ).

137 825 282 880 interdum
305 824 418 881 sibimet
434 828 604 898 junguntur,
625 833 657 881 ut
677 826 748 881 arsis
762 826 830 892 arsi,
850 825 938 880 thesis
1013 825 1244 882 Animadvertere
1257 828 1344 882 etiam
1365 826 1459 893 debes,
1481 827 1555 898 quod
1577 827 1705 900 quamuis
1723 841 1775 899 ego

137 912 370 980 thesi,interdum
385 914 476 969 altera
490 915 620 980 alteri,ut
635 913 707 968 arsis
716 915 800 969 thesi.
813 914 867 969 Sed
876 913 939 985 ipsa
977 913 1008 968 in
1021 914 1194 988 simplicibus
1209 916 1331 971 motibus
1339 915 1457 987 simplex
1469 931 1607 987 organum
1619 915 1774 988 posuerim,

134 1001 247 1074 junctio
259 1002 362 1074 partim
381 1002 413 1056 llt
432 1019 466 1056 ex
477 1001 617 1058 similibus
632 1001 764 1068 motibus,
783 1002 886 1074 partim
904 1018 937 1056 ex
976 1003 1093 1059 cuilibet
1113 1011 1210 1060 tamen
1225 1005 1399 1076 organizanti
1421 1003 1564 1076 simplices
1578 1010 1672 1060 motus
1685 1003 1777 1077 dupli·

138 1090 333 1146 dissimilibus.
349 1091 506 1147 Dissimiles
516 1091 619 1164 quippe
633 1097 726 1147 motus
740 1092 813 1148 fiunt
824 1091 854 1147 iu
864 1106 937 1163 prae·
977 1108 1042 1148 care
1068 1093 1111 1148 vel
1132 1093 1284 1165 triplicare,
1304 1094 1348 1149 uel
1369 1093 1468 1166 quovis
1486 1093 1570 1148 modo
1583 1097 1776 1165 competenter

137 1181 216 1238 dicta
224 1179 381 1252 junctione,
395 1196 461 1236 cum
475 1180 547 1236 alius
561 1180 618 1236 alio
628 1180 723 1252 plures
737 1181 778 1235 vel
791 1180 938 1252 pauciores
978 1181 1145 1252 conglobare
1163 1182 1188 1237 si
1209 1181 1330 1237 voluerit
1342 1182 1417 1238 licet.
1434 1183 1469 1237 Et
1481 1181 1517 1237 de
1531 1181 1683 1255 diaphonia
1698 1181 1775 1238 istud

136 1269 225 1326 hebet
238 1285 328 1334 uoces,
342 1269 401 1324 sive
411 1270 501 1340 magis
516 1271 688 1340 conjunctas,
704 1270 762 1324 sive
777 1269 867 1340 magis
878 1268 938 1324 dis·
977 1270 1120 1325 tantsslum
1136 1287 1188 1326 nos
1201 1271 1305 1326 dixisse
1319 1271 1449 1327 sufficiat.

134 1359 261 1430 junctas.
277 1356 310 1413 In
331 1359 530 1428 conjunctione
549 1363 646 1414 autem
668 1358 799 1413 similiter
816 1356 859 1411 vel
878 1357 937 1412 dis·
1045 1359 1143 1414 XXIV.
1160 1361 1196 1413 Dc
1211 1361 1300 1414 modis
1312 1365 1337 1414 ct
1350 1375 1446 1415 eorum
1460 1361 1624 1428 differentiis
1636 1358 1707 1431 (2³).

137 1447 271 1503 similiter
280 1447 354 1502 facta
365 1453 459 1503 motus
472 1448 563 1503 motui
579 1453 640 1504 tum
656 1447 821 1520 prepositus
832 1447 938 1502 inveni·
1013 1448 1075 1502 Jarn
1098 1464 1174 1503 nuuc
1197 1449 1294 1503 modos
1316 1465 1369 1520 per
1387 1448 1483 1504 omnia
1509 1448 1774 1520 exemplificaturus,

136 1542 196 1603 tur,
213 1541 246 1592 ut
259 1537 289 1592 in
304 1536 495 1608 superioribus
504 1537 612 1609 positus
624 1555 631 1601 ;
645 1542 705 1591 tum
720 1536 892 1608 suppositus,
909 1535 937 1591 id
978 1535 1161 1606 questionem
1184 1537 1361 1608 quorundam
1385 1537 1420 1591 de
1440 1536 1664 1592 differentiarum
1677 1536 1776 1593 ordine

137 1631 182 1682 est
193 1625 225 1681 in
238 1625 418 1682 interioribus
430 1626 556 1698 positus3
573 1631 634 1681 tum
654 1626 808 1697 appositus,
825 1641 889 1680 cum
906 1623 937 1679 in
977 1624 1106 1680 uidelicet
1127 1641 1178 1681 cur
1195 1641 1261 1680 eum
1279 1626 1406 1680 ordinem
1425 1625 1549 1681 habeant
1568 1641 1653 1698 quem
1671 1625 1776 1682 habent

137 1731 196 1786 qua
209 1731 275 1770 uoce
290 1715 354 1769 linis
370 1719 413 1770 est
425 1714 619 1786 precedentis,
637 1713 805 1786 principium
820 1719 863 1768 est
873 1730 937 1768 con·
977 1713 1010 1784 [s.
1027 1712 1197 1788 proponam]
1230 1715 1287 1786 Ego
1308 1720 1404 1770 autem
1428 1716 1536 1771 nullam
1559 1716 1643 1785 hujus
1658 1715 1699 1770 rei
1712 1731 1777 1770 cau·

137 1804 299 1874 sequentis;
315 1808 376 1858 tum
392 1803 583 1875 interpositus,
600 1819 662 1857 cum
674 1818 747 1859 unus
763 1804 937 1858 irrotusinlra
978 1820 1037 1858 sam
1053 1803 1106 1858 nisi
1120 1803 1210 1858 solum
1225 1820 1308 1859 usum
1322 1804 1448 1872 inuenio;
1464 1805 1514 1859 sed
1531 1820 1584 1859 nec
1598 1802 1633 1859 ab
1644 1804 1701 1859 ullu
1711 1821 1775 1861 mu·

136 1892 226 1948 alium
237 1892 345 1964 positus
358 1892 651 1963 etminusestgtavis,
667 1897 696 1946 et
711 1891 804 1946 minus
817 1897 860 1946 est
868 1909 937 1948 acu·
947 1865 1100 1948 Bsicerum
1121 1893 1253 1964 scriptam
1275 1893 1377 1964 reperi.
1403 1894 1476 1948 Nam
1500 1893 1575 1964 quod
1600 1891 1715 1965 quidam
1730 1892 1776 1949 di-

136 1985 203 2046 tus;
219 1987 279 2036 tum
295 1982 399 2036 mixtus
410 1981 439 2036 id
454 1987 498 2036 est
511 1981 612 2052 partim
628 1981 819 2050 interpositus,
833 1981 936 2052 partim
977 1986 1054 2048 cunt,
1072 1997 1119 2036 eas
1139 1982 1294 2037 secundum
1318 1982 1538 2054 antiphonarum
1561 1980 1775 2053 dispositionem

137 2071 312 2143 suppositus,
328 2076 379 2125 aut
392 2069 567 2142 praepositus,
590 2075 641 2124 aut
660 2070 815 2140 appositus.
841 2070 880 2124 De
893 2070 936 2125 his
976 2069 1005 2123 in
1028 2071 1225 2142 antiphonario
1240 2087 1301 2125 esse
1316 2071 1469 2138 ordinatus,
1487 2070 1556 2126 illud
1575 2086 1632 2126 non
1656 2071 1697 2125 ita
1714 2086 1777 2126 esse

137 2159 270 2215 omnibus
285 2160 309 2214 si
323 2160 449 2231 exempla
468 2159 575 2224 darem,
591 2159 704 2214 taedium
722 2158 814 2230 potius
827 2159 934 2227 lectori,
977 2159 1020 2215 uel
1035 2159 1123 2214 idiota
1136 2160 1281 2214 aduertere
1301 2165 1402 2231 potest.
1422 2159 1480 2214 Nec
1497 2159 1550 2214 hoc
1561 2159 1778 2231 pretermittere

136 2264 224 2320 quam
239 2249 394 2321 proficuum
407 2248 496 2304 nimia
509 2248 669 2320 prolixitate
681 2247 850 2318 ingererem,
864 2263 935 2319 prae-
978 2248 1084 2314 curavi,
1109 2249 1182 2319 quod
1206 2248 1312 2303 rectius
1335 2248 1405 2303 mihi
1433 2247 1532 2303 lemsse
1558 2247 1698 2315 uidentur,
1727 2247 1777 2319 qui

136 2338 237 2394 sertim
251 2355 316 2393 curn
331 2338 390 2392 hec
403 2337 499 2393 omnia
512 2354 563 2409 per
580 2354 610 2392 se
633 2337 727 2392 uidere
744 2337 842 2408 possit,
859 2336 937 2408 quis·
979 2337 1144 2409 principalia
1168 2340 1332 2392 seculorum
1358 2353 1441 2391 omen
1468 2336 1595 2392 omnium
1629 2337 1777 2393 modorum

137 2429 202 2500 quis
216 2435 351 2484 cantuum
365 2427 486 2498 diligens
500 2426 938 2498 investigatorfueritilariantur
978 2427 1133 2498 simplicem
1145 2442 1277 2481 neumam
1290 2425 1320 2480 in
1334 2427 1390 2480 line
1404 2425 1509 2481 babere
1523 2431 1778 2498 sanxerunt,quam

137 2517 245 2572 endem
264 2532 374 2572 neumas
388 2516 417 2571 in
435 2514 559 2571 motibus
573 2515 631 2570 suis
644 2515 799 2570 secundum
812 2514 937 2568 diversas
979 2515 1027 2587 qui
1042 2515 1125 2570 aliter
1138 2531 1172 2570 ea
1186 2515 1395 2587 disposuerunt.
1418 2515 1452 2569 lli
1475 2515 1552 2571 euim
1575 2514 1699 2587 aliquam
1713 2530 1779 2570 cen-

136 2606 288 2662 modorum
303 2605 500 2678 proprietates.
517 2605 604 2676 Cujus
626 2605 667 2659 rei
680 2604 839 2676 exemplum
853 2602 938 2674 subji-
978 2604 1034 2660 tori
1052 2604 1251 2660 certitudinem
1271 2603 1429 2670 conferunt,
1453 2603 1495 2658 illi
1518 2619 1672 2675 nunquam.
1700 2604 1777 2660 Nero

137 2712 203 2752 cere
216 2696 353 2762 volumus,
377 2701 410 2750 ut
432 2695 497 2750 inde
516 2711 573 2750 non
593 2693 684 2749 solum
703 2693 813 2748 discens
827 2691 939 2763 organi·
978 2693 1041 2765 quis
1053 2692 1194 2748 existimet
1210 2690 1245 2746 de
1255 2690 1427 2763 etymologia
1441 2690 1603 2746 officialium
1617 2691 1775 2761 numinum,

137 2801 203 2840 aare
232 2783 370 2856 proticiat,
394 2784 443 2840 sed
468 2789 497 2840 et
514 2799 618 2839 novum
637 2787 753 2838 cantum
769 2797 937 2854 componere
977 2788 1011 2838 ut
1030 2787 1073 2836 est
1091 2796 1290 2852 responsorum
1316 2785 1345 2834 et
1361 2779 1590 2850 antiphonarum,
1616 2783 1683 2844 etc.,
1706 2777 1777 2834 talia

137 2873 256 2946 cupiens
271 2873 435 2928 modulandi
449 2873 600 2928 formulam
614 2871 726 2926 habeat.
978 2887 1024 2926 me
1046 2870 1198 2934 dicturum,
1227 2866 1298 2924 illud
1318 2867 1457 2939 imprimis
1480 2865 1582 2922 abnuo.
1605 2865 1681 2922 Satis
1699 2865 1776 2922 enim

190 2997 262 3054 ΜΕ
286 2997 380 3054 pflpp
402 2998 426 3053 D
978 2958 1048 3013 mihi
1072 2963 1124 3025 est,
1149 2958 1173 3012 si
1196 2955 1339 3029 proposita
1357 2955 1393 3010 ed
1407 2955 1521 3026 plenum
1535 2953 1636 3026 exequi
1651 2956 1772 3027 possim.

190 3098 492 3155 anastasianam
506 3097 566 3151 aueo
579 3111 622 3150 me
635 3096 744 3152 osseam
757 3096 884 3148 semitam
945 3044 1056 3122 ⁰⁵⁶³oe
1071 3061 1104 3099 ⁰²
1118 3044 1275 3148 ⁰⁰Pi⁹ff¹²²¹¹¹
1289 3043 1324 3098 ’ἀ
1339 3041 1444 3143 ”mim
1458 3041 1569 3108 ¹⁸³d⁰¹¹3
1585 3041 1634 3114 (¹¹²³
1647 3042 1775 3144 saurae

978 3138 1026 3189 tur
1044 3135 1296 3202 Etymclopraram,
1316 3132 1360 3187 uel
1385 3137 1471 3186 ettam
1497 3130 1535 3185 ad
1552 3131 1689 3186 Amalaru
1703 3134 1773 3187 utrlc

456 3210 616 3266 mmm·
978 3239 1049 3295 opus
1076 3223 1118 3278 ire
1143 3221 1239 3294 jubeo.
1264 3220 1326 3277 Hoc
1349 3236 1460 3292 quoque
1483 3219 1628 3287 recusabo,
1650 3225 1684 3276 ut
1697 3237 1777 3276 more

173 3322 330 3378 Considera
343 3321 441 3391 etiam,
463 3319 562 3392 quodsi
581 3323 696 3374 cantum
715 3317 790 3390 proti
803 3317 833 3371 in
851 3331 937 3371 cursu
977 3314 1115 3369 bernonis
1127 3312 1270 3368 tonarium
1285 3311 1432 3381 disponam
1449 3327 1455 3364 :
1471 3308 1601 3365 videlicet
1614 3313 1650 3364 ul
1664 3325 1776 3366 nonan·

136 3411 250 3467 deuteri
267 3410 353 3467 simili
366 3427 467 3467 vocum
480 3409 663 3481 dispositione
682 3406 850 3466 cantaveris,
871 3421 936 3477 per·
978 3417 1086 3458 noeane
1105 3401 1140 3456 ad
1156 3401 1282 3471 singulos
1303 3399 1400 3454 modos
1422 3395 1612 3470 praescribam,
1631 3397 1674 3452 vel
1698 3396 1777 3453 dille·

136 3517 255 3574 parvam
270 3497 652 3557 videbisdisconvenientiam
671 3497 749 3552 ldem
759 3494 936 3550 intertritum
977 3489 1083 3545 centias
1098 3505 1168 3562 quas
1182 3505 1269 3560 supra
1279 3487 1369 3543 taxari
1380 3487 1537 3559 superfluas
1550 3485 1776 3554 interseram‚uel

135 3588 357 3661 tetrardumque
367 3589 429 3644 lieri
443 3589 523 3644 solet.
535 3587 586 3643 His
598 3586 638 3642 ita
647 3585 844 3658 compendiose
850 3584 937 3639 inser·
978 3595 1075 3634 omnes
1087 3579 1257 3650 antiphonas
1271 3577 1307 3632 ad
1320 3592 1410 3632 unum
1423 3579 1587 3631 seculorum
1598 3590 1682 3630 anun
1690 3574 1776 3646 perti-

135 3678 174 3734 tis
199 3679 237 3734 ad
260 3678 441 3751 diaphoniam
460 3676 618 3732 redeamus.
643 3676 682 3730 Ea
706 3674 809 3730 diuersi
828 3673 937 3728 diverse
977 3674 1077 3724 nentes
1090 3668 1119 3723 in
1134 3684 1221 3723 unum
1236 3666 1378 3737 colligam,
1392 3663 1618 3738 praesertimcum
1630 3663 1776 3736 prolixitas

135 3772 269 3823 utuntur.
286 3769 423 3823 Ceterum
442 3766 488 3822 hic
508 3766 659 3821 facillimus
678 3764 737 3835 ejus
756 3779 824 3818 usus
839 3767 891 3823 est.
911 3759 936 3816 si
976 3759 1015 3813 sit
1027 3759 1153 3822 tediosa,
1169 3763 1198 3812 et
1210 3756 1309 3811 lectori
1329 3755 1490 3827 usquehuc
1507 3757 1639 3825 provecto
1654 3753 1776 3826 paucula

134 3862 267 3913 motuum
281 3857 403 3912 varietas
415 3856 567 3927 diligenter
580 3855 790 3910 consideretur:
802 3858 835 3907 ut
848 3850 896 3905 ubi
906 3850 936 3904 in
977 3849 1103 3919 exempla
1118 3845 1269 3902 sufiiciunt.
1290 3845 1331 3900 De
1355 3843 1432 3899 omui
1448 3848 1543 3898 autem
1558 3842 1672 3898 officiali
1690 3847 1777 3898 cautu

134 3951 215 4001 recta
229 3946 423 4001 modulatione
434 3951 477 4000 est
495 3944 623 4009 clevatio,
639 3943 677 3998 ibi
690 3943 719 3998 in
735 3939 867 4012 organica
885 3940 936 3994 liat
976 3936 1174 4008 compendiose
1202 3933 1329 4005 exempla
1356 3932 1429 3988 dabo
1452 3930 1558 4003 absque
1576 3931 1775 4003 cantiunculis,

133 4034 276 4108 depositio
292 4041 321 4090 et
337 4051 510 4091 econverso.
530 4032 736 4088 Providendum
762 4046 874 4102 quoque
893 4034 936 4082 est
976 4042 1046 4097 quus
1068 4039 1155 4096 supra
1177 4023 1323 4078 modorum
1349 4021 1485 4076 formulas
1510 4018 1652 4074 nominavi
1674 4037 1682 4073 s
1705 4019 1772 4089 quia

135 4124 323 4197 organizanti,
338 4131 371 4179 ut
384 4124 408 4180 si
422 4130 501 4179 recta
518 4121 672 4178 modulatio
686 4121 715 4175 in
727 4119 859 4191 gravibus
874 4133 936 4172 mo·
976 4131 1046 4186 quas
1058 4114 1117 4184 jam
1134 4111 1225 4185 posui,
1246 4127 1303 4165 non
1325 4125 1439 4164 necesse
1461 4113 1505 4162 est
1528 4107 1631 4161 iterum
1656 4121 1769 4178 ponere.

135 4230 198 4269 ram
225 4213 334 4280 lecerit,
349 4213 410 4284 ipse
430 4213 461 4268 in
485 4213 577 4267 acutis
594 4211 720 4266 canendo
734 4225 786 4281 per
799 4207 935 4278 diapason
977 4203 1027 4258 llis
1040 4203 1080 4257 ita
1095 4201 1246 4274 praemissis
1257 4200 1292 4254 de
1302 4196 1502 4270 principalibus
1512 4199 1674 4251 secutorum
1689 4210 1772 4250 amen

135 4308 284 4371 occurren
299 4303 344 4357 sin
361 4318 425 4358 uero
438 4303 468 4356 in
486 4301 585 4368 acuns,
601 4300 661 4372 ipse
685 4299 715 4353 in
734 4297 867 4369 gravibus
886 4311 937 4368 per
976 4291 1102 4348 omnium
1113 4289 1260 4346 modorum
1273 4304 1305 4343 ac
1316 4285 1490 4352 differentiis,
1497 4293 1582 4356 prout
1596 4283 1772 4356 propositum

135 4392 275 4464 diapason
289 4391 467 4447 concordiam
482 4391 567 4446 faciat
578 4408 584 4444 :
595 4389 691 4444 cantui
706 4393 801 4443 autem
814 4386 843 4441 in
859 4401 936 4439 mese
977 4386 1028 4448 est,
1044 4381 1224 4436 disseramus.

136 4481 178 4536 sel
193 4481 270 4537 enos
285 4497 361 4537 mese
371 4479 551 4553 pausationes
569 4477 684 4534 facienti
707 4477 737 4532 in
757 4476 856 4531 eadem
870 4490 967 4559 socen
1013 4470 1132 4543 Explicit
1144 4474 1282 4524 tractatus
1291 4466 1427 4523 iohannis
1440 4465 1476 4520 de
1490 4468 1551 4519 arte
1562 4461 1680 4518 musica.

134 4570 316 4642 respondeat.
1174 4557 1275 4629 lncipit
1291 4556 1418 4611 tonarius
1436 4552 1573 4626 ejusdem.

172 4658 385 4714 Observandum
401 4661 453 4725 est,
468 4661 502 4713 ut
516 4672 654 4728 organum
669 4655 710 4710 ita
723 4659 845 4719 texetur,
860 4668 936 4707 nunc
1011 4651 1171 4706 lluthentus
1179 4653 1276 4719 protus
1284 4650 1395 4700 constat
1405 4661 1437 4700 ex
1448 4643 1540 4716 prima
1553 4639 1646 4714 specie
1660 4639 1775 4712 diapen-

134 4749 166 4804 in
180 4749 280 4804 ειᾱοιιι
294 4765 370 4814 voce,
387 4763 462 4802 nunc
474 4763 525 4819 per
538 4747 674 4819 diapason
688 4743 849 4799 alternatim
866 4743 933 4808 liat;
975 4745 1014 4806 te,
1026 4745 1055 4794 et
1075 4755 1107 4794 ex
1122 4737 1215 4810 prIma
1225 4735 1318 4807 specie
1331 4734 1507 4789 diatessaron
1521 4730 1661 4803 superius.
1681 4728 1774 4800 Hujus

134 4839 240 4911 sapius
251 4842 348 4893 tamen
362 4843 390 4892 et
404 4835 577 4892 commodius
586 4835 617 4891 in
632 4835 731 4890 eadem
740 4849 815 4888 uoce.
833 4831 936 4897 Quam·
976 4829 1078 4885 uitium
1092 4825 1198 4900 syllaba
1211 4826 1241 4879 in
1255 4825 1418 4879 seculorum
1432 4837 1525 4890 amca,
1539 4825 1592 4876 etc.
1609 4817 1672 4891 124).

173 4997 228 5070 tta)
243 4998 356 5055 Desunt
368 5003 442 5053 note
452 4997 575 5053 musicae.
820 5033 822 5036 -
1013 4987 1066 5058 (ili
1091 4989 1333 5070 supet-vacaneum
1357 4983 1517 5067 iudicamus
1546 4977 1704 5036 describere
1731 4975 1775 5059 vel

202 5073 207 5086 '
274 5076 377 5125 uatuor
395 5070 455 5124 haec
476 5069 569 5140 capita
588 5066 719 5139 superius
739 5065 936 5121 distinoteno-
977 5060 1234 5124 edereTonsnum,
1250 5074 1280 5113 m
1294 5071 1350 5129 quo
1364 5055 1528 5110 differentia
1543 5051 1656 5110 eedem,
1669 5063 1731 5130 que
1744 5061 1775 5102 m

172 5071 290 5196 ruho,
702 5138 708 5150 ,
808 5137 814 5147 ,
1091 5131 1097 5143 ,
1222 5129 1228 5141 ¹
1537 5123 1543 5135 ¹

134 5146 209 5208 tata,
253 5157 313 5196 cxn
326 5156 415 5196 unum
433 5141 649 5209 contrahuntur,
662 5154 729 5211 quta
743 5140 887 5208 pertinent
900 5134 936 5189 ad
977 5133 1114 5188 bernonis
1127 5130 1260 5196 Tonans,
1275 5135 1386 5184 tantum
1406 5126 1495 5182 multo
1506 5137 1616 5206 minore
1630 5132 1711 5190 copta
1724 5132 1774 5174 no·

132 5214 291 5282 terrenum,
308 5228 393 5284 quem
406 5211 573 5267 omittimus.
976 5209 1084 5272 tantur,
1099 5202 1160 5258 alie
1173 5202 1210 5257 ed
1225 5200 1338 5257 verbum
1348 5199 1406 5254 fere
1417 5198 1596 5252 conveniunt.
