3882 6172
5 511 13 551 p
113 471 267 552 religiosus

114 335 166 413 nv
521 372 607 433 vrrs
625 363 809 440 witueuni
828 387 982 442 unsaris
1004 387 1202 443 necessus
1224 388 1355 444 runnu.
1704 369 1758 455 vit

269 503 379 560 ,quem
393 492 551 566 anselmus,
568 505 600 558 ut
618 503 720 572 aiebat,
740 508 842 568 litteris
856 511 1037 588 suisAgeusi
1059 499 1267 586 archiepiscopo
1286 513 1446 570 animarum
1473 533 1549 582 cura,
1573 536 1638 576 cum
1657 511 1758 600 'gratia'

111 567 238 640 jusserat
252 574 372 633 Beccum
388 582 491 650 venire,
508 594 536 642 et
551 589 580 644 in
595 591 723 664 eligendo
737 597 837 655 abbate
851 601 919 656 Bec·
959 601 1095 673 principis
1105 601 1189 656 rediit
1207 617 1224 656 a
1238 603 1389 658 euriacum
1403 605 1472 660 suis.
1482 603 1567 670 Venit
1581 603 1676 663 autem
1687 611 1757 666 Bec-

113 675 221 728 eenses,
243 671 382 734 quantum
403 679 507 740 posset,
523 677 632 746 juvare.
652 683 731 738 Tunc
752 685 812 758 ipse
832 688 919 744 abbas
960 705 1023 744 cum
1037 706 1100 744 sero
1118 695 1181 761 post
1197 690 1420 761 couipletorium,
1434 693 1480 747 die
1498 700 1564 750 ante
1576 695 1757 770 festivitatem

113 745 264 820 Rogemus,
278 757 308 807 et
326 755 405 836 prior
423 759 568 818 Baldricus
583 769 674 836 etalii
689 772 804 844 quidam
818 777 919 836 fratres
959 778 1158 843 Dedicationis,
1173 795 1234 852 quae
1248 777 1383 834 festivitas
1397 779 1586 848 Dedicaticnis
1596 791 1639 839 est
1648 783 1757 844 decimo

4 877 5 922 3
114 837 366 898 cumeiscomitem
375 841 920 926 Noithruauncrumadierunt‚mandata
960 867 1101 923 Kalendas
1115 867 1290 933 Novembris,
1304 873 1332 922 et
1347 885 1379 924 eo
1393 884 1467 923 anno
1482 871 1628 934 Doniinica
1642 875 1687 930 die
1697 893 1758 933 eve·

113 927 242 982 Anselmi
263 935 294 984 et
314 931 478 1016 electionem
500 943 616 1013 capituli
630 947 709 1004 Becci
723 951 917 1024 innotuerunt,
959 956 1003 1012 nit
1018 973 1025 1008 :
1041 973 1159 1028 surgens
1178 959 1212 1010 ad
1233 956 1397 1024 matutinas,
1416 959 1493 1014 venit
1516 959 1620 1016 electus
1638 962 1668 1018 in
1689 963 1757 1034 elic-

113 1023 249 1088 rogantes
259 1025 293 1074 ut
305 1013 381 1094 quod
394 1019 431 1078 ab
445 1027 485 1082 eis
495 1028 647 1104 incoeptum
662 1045 732 1108 erat,
742 1059 793 1097 suo
803 1061 918 1114 essemu
959 1061 1033 1110 rurn,
1049 1049 1078 1100 et
1087 1045 1166 1100 stetit
1175 1046 1203 1098 in
1212 1046 1272 1100 loco
1282 1046 1363 1115 juxta
1380 1047 1476 1126 sedern
1495 1048 1613 1117 abbatis,
1626 1047 1757 1109 aototuin

115 1103 272 1188 compleret
284 1127 292 1176 ;
307 1099 369 1182 §uae
384 1108 479 1170 omnia
493 1118 548 1174 dux
559 1129 709 1194 gratanter
717 1132 834 1202 accepit,
845 1140 874 1188 et
887 1139 920 1190 ut
960 1133 1081 1188 cilicium
1096 1133 1253 1189 festivitatis
1267 1140 1437 1210 nocturnum
1460 1141 1490 1191 et
1508 1133 1639 1195 diurnum
1655 1139 1757 1208 decen·

116 1193 219 1262 electus
238 1197 295 1251 sibi
317 1193 535 1274 praesentaretur
552 1197 647 1281 jussit.
665 1217 703 1271 tlt
719 1219 771 1286 illi,
786 1222 918 1278 velociter
958 1227 1012 1290 ter,
1024 1229 1056 1278 ut
1070 1222 1165 1288 abbas,
1182 1223 1341 1294 complevit.
1357 1225 1427 1278 Acta
1440 1219 1653 1284 sunthaecannc
1664 1229 1759 1306 Domi·

116 1279 230 1350 domum
242 1275 360 1355 reversi,
373 1292 532 1352 collectisin
542 1315 629 1368 unum
638 1304 781 1376 fratribus,
790 1309 919 1368 referunt
957 1310 1026 1366 nicae
1040 1311 1245 1366 Incuruationis
1258 1307 1336 1368 1093.
1347 1312 1412 1383 Ipsa
1419 1311 1473 1381 die,
1484 1313 1643 1394 Willelmus
1653 1317 1758 1376 electus

117 1367 181 1442 quid
195 1369 397 1459 curn'principe
410 1382 542 1452 egissent,
555 1389 739 1460 quidveabeo
754 1399 915 1470 audissent3
958 1397 1032 1452 sedit
1058 1399 1191 1472 primum,
1212 1387 1245 1454 ut
1271 1398 1366 1466 abbas,
1384 1401 1413 1455 in
1439 1401 1572 1474 ⁰³Pli11101
1596 1404 1631 1460 ab
1650 1402 1698 1462 5¹¹⁰
1713 1407 1759 1476 die

117 1455 332 1534 interrogantur
353 1466 458 1543 singuli
483 1459 518 1528 tle
540 1465 676 1536 electione
697 1485 829 1556 praedicta
851 1489 918 1560 quid
959 1487 1109 1558 disponens
1132 1489 1228 1543 omnia
1250 1489 1326 1544 intus
1345 1495 1373 1564 et
1392 1495 1471 1545 extra
1489 1493 1688 1550 convenienter
1702 1497 1759 1562 mo

117 1545 265 1622 mutirent,
291 1545 328 1608 an
351 1555 551 1632 concederent3
574 1582 672 1625 omnes
695 1573 752 1628 fere
772 1592 918 1634 assensum
961 1576 1076 1632 nasterii
1095 1575 1219 1647 negotis,
1242 1577 1431 1648 gaudentibus
1451 1579 1559 1635 cunctis
1584 1583 1657 1654 quod
1673 1579 1760 1645 talem

116 1635 310 1710 prebuerunt.
331 1640 447 1702 Interim
470 1645 575 1710 electus
591 1663 670 1714 extra
683 1669 850 1726 conventum
872 1684 919 1722 ex·
961 1655 1174 1722 DeusAnselrnc
1184 1681 1374 1720 successorem
1385 1673 1414 1721 et
1423 1666 1475 1722 sibi
1485 1661 1758 1744 dederatpastorem.

117 1734 244 1798 spaetare
263 1729 361 1802 jussus
381 1743 450 1800 erat.
467 1739 535 1796 Post
549 1743 606 1798 haec
622 1753 734 1804 vocatus
749 1753 833 1814 venit,
847 1760 875 1809 et
890 1753 918 1810 in
960 1753 1065 1810 Tamen
1086 1761 1152 1810 ante
1174 1753 1395 1810 benedictionem
1417 1773 1469 1810 nec
1491 1757 1520 1811 in
1540 1759 1636 1814 sedem
1651 1749 1761 1818 abbatis

119 1832 167 1871 suo
181 1818 285 1891 ordine
299 1821 381 1890 sedit,
396 1817 474 1882 Tunc
488 1831 566 1902 prior
579 1834 649 1891 dixit
669 1837 695 1892 ei
711 1841 785 1910 quod
799 1843 833 1896 ad
851 1845 921 1916 regi·
960 1831 1084 1914 intravit,
1107 1859 1159 1898 nec
1181 1843 1287 1914 virgam
1312 1838 1481 1916 Paswlallm
1505 1847 1635 1917 fmilia
1650 1849 1699 1904 sed
1725 1837 1761 1920 df

119 1921 180 1960 men
195 1904 348 1974 Becceusis
357 1907 485 1974 Ecclesiae
495 1919 573 1978 illurn
586 1922 740 1998 eligerent;
755 1936 784 1985 et
793 1937 825 1988 ut
833 1932 921 1990 abba·
962 1929 1155 1998 benedictione
1165 1932 1345 1988 acceleranda
1353 1933 1458 1988 nullam
1467 1933 1499 1990 ut
1507 1933 1653 1992 videbatur
1663 1955 1762 2014 curam

119 1993 153 2048 tis
165 1988 303 2070 cincinni,
325 2009 354 2056 ct
367 2020 463 2060 curam
481 2008 641 2084 animarum
655 2031 753 2072 eorum
767 2021 922 2093 susciperet
962 2021 1098 2106 hahebat,
1120 2038 1181 2094 quae
1205 2021 1361 2077 benedictio
1381 2015 1469 2078 dilata
1489 2029 1533 2098 est
1552 2042 1641 2098 usque
1655 2027 1691 2084 ad
1705 2024 1762 2092 Au·

119 2091 242 2161 expci'te
257 2087 309 2143 Dei
324 2095 353 2144 et
366 2101 470 2150 sanctae
484 2097 588 2166 Maria,
614 2107 700 2174 atque
716 2108 842 2182 omnium
859 2128 922 2166 san·
960 2117 1075 2180 gustum
1094 2127 1219 2166 mensem
1235 2109 1301 2165 anni
1316 2111 1473 2182 sequentis.
1490 2111 1595 2168 Verum
1612 2115 1761 2188 Anselmus

120 2179 238 2244 ntorum,
255 2193 309 2232 nec
331 2196 388 2235 non
412 2200 446 2238 ex
469 2175 550 2260 parte
576 2193 805 2252 reverendissimi
829 2199 921 2258 Patris
963 2215 1019 2254 non
1040 2199 1142 2254 oblitus
1166 2200 1240 2272 quod
1266 2199 1419 2272 inceperat,
1446 2198 1554 2272 rogavit
1587 2197 1764 2262 Willeimum

120 2258 245 2330 anselmi
271 2269 415 2344 praecepit.
440 2259 478 2346 Al
499 2275 557 2344 ille,
578 2277 608 2334 in
626 2286 730 2340 terram
753 2270 921 2360 prostratus,
963 2287 1219 2359 Rothomagensem
1245 2287 1485 2360 archiepiscopum
1511 2289 1545 2345 de
1569 2290 1764 2352 benedictione

122 2347 188 2422 dixit
205 2370 212 2405 ε
230 2376 242 2402 ι
260 2353 374 2426 Precor,
395 2359 511 2430 domini,
534 2371 585 2422 aut
602 2367 637 2426 de
656 2370 708 2426 hoc
725 2363 800 2445 quod
816 2376 923 2446 jubetis
964 2375 1073 2434 abbatis
1088 2377 1178 2442 Becci,
1195 2382 1225 2432 et
1238 2377 1291 2432 hcc
1303 2366 1395 2448 ipsum
1411 2369 1684 2466 perli'tteraspric'ri
1698 2379 1764 2438 Bal-

121 2441 233 2496 omniuo
250 2442 411 2516 absolutum
429 2450 563 2526 dimittite
586 2473 644 2535 me,
664 2449 713 2530 aut
731 2465 871 2534 quomodo
893 2465 1049 2543 idBdrico,
1075 2469 1104 2521 et
1126 2464 1276 2521 conventui
1301 2461 1464 2523 notificavit.
1485 2468 1614 2538 Intrante
1636 2468 1764 2544 Augusto

121 2525 237 2600 implere
251 2529 358 2604 possim
373 2533 479 2597 docete.
494 2560 507 2594 ιι
521 2541 603 2600 Prior
612 2546 648 2601 ad
661 2547 734 2604 haec:
750 2568 764 2604 a
781 2552 818 2608 Ut
827 2553 921 2610 dimit·
961 2543 1067 2620 mense,
1085 2553 1230 2610 Baldricus
1246 2554 1329 2640 prior
1347 2560 1375 2609 et
1390 2551 1439 2609 alii
1454 2553 1569 2628 quidam
1583 2557 1684 2614 fratres
1699 2578 1765 2619 cum

120 2619 433 2697 tamini,ait,uouopus
445 2635 488 2684 est
497 2630 634 2700 laborare,
646 2637 695 2691 sed
705 2639 836 2711 suscipite
849 2642 921 2698 hauc
962 2621 995 2716 eti
1016 2649 1200 2714 perrexerunt
1228 2639 1437 2719 Rcthcmaguin
1466 2661 1531 2699 cum
1554 2646 1764 2724 archiepiscopo

122 2722 217 2780 euram
240 2709 272 2764 in
290 2703 403 2772 nornine
423 2711 545 2796 Domini,
561 2729 590 2778 et
610 2740 661 2788 nos
678 2727 757 2784 vobis
778 2745 810 2786 ex
826 2733 921 2788 animo
961 2731 1124 2798 locuturide
1135 2729 1327 2786 benedictione
1338 2725 1448 2788 abbatis
1458 2731 1518 2800 sui;
1533 2733 1582 2805 qui
1596 2733 1670 2790 hem
1681 2731 1764 2794 bene-

121 2793 284 2854 cbedientes
299 2802 414 2861 erimus,
429 2826 442 2859 c
455 2803 556 2865 Statim
567 2812 596 2867 in
607 2807 669 2885 ipsa
682 2815 727 2872 dle
735 2817 822 2874 abhas
832 2821 921 2895 Roga·
962 2819 1092 2876 dictionis
1111 2820 1258 2876 constituit
1275 2819 1305 2874 in
1329 2820 1457 2892 proxima
1482 2819 1633 2878 festivitate
1648 2823 1676 2880 S.
1691 2821 1765 2908 Lau·

121 2883 187 2954 rius,
204 2891 234 2941 et
246 2888 335 2960 prior,
344 2890 493 2965 etquidem
504 2889 551 2952 alii
561 2895 664 2958 fratres
672 2895 736 2960 oum
746 2907 796 2975 eis,
810 2924 921 2966 assum·
961 2907 1055 2962 rentii.
1071 2907 1209 2962 Reversus
1230 2907 1307 2980 prior
1329 2897 1569 2992 dixit-conventui
1586 2923 1648 2984 <1¹1ae
1668 2909 1704 2968 ab
1719 2931 1764 2979 αἳ·

122 2977 168 3046 pto
184 2967 276 3032 electo
291 2995 351 3046 suc,
369 2983 405 3038 ad
420 2979 527 3041 curiam
542 2979 738 3062 properarunt,
755 3001 784 3050 et
799 2997 921 3056 Roberto
962 2995 1138 3070 chlepiscopc
1149 3001 1306 3070 acceperat.
1324 2995 1359 3052 Et
1369 2995 1436 3068 quia
1451 2997 1600 3070 praedictus
1614 2997 1700 3057 abbas
1710 3003 1765 3074 ΒΟ·

122 3061 364 3124 Northmanoru'rn
370 3061 434 3126 duci
440 3083 690 3147 praesentaverunt,
699 3100 783 3155 quem
790 3085 921 3144 alacriter
963 3086 1059 3158 getius
1073 3103 1165 3158 nuper
1177 3085 1296 3154 obierat,
1306 3076 1445 3141 miserunt
1458 3086 1494 3142 ad
1508 3086 1683 3145 Willelmum
1694 3091 1764 3149 001*-

123 3147 228 3208 etcum
241 3155 347 3227 magno
361 3149 468 3216 honore
477 3162 641 3245 suscipiens,
657 3169 735 3226 dedit
743 3163 769 3226 ei
781 3173 923 3232 abbatiam
964 3163 1128 3233 iueliensem
1147 3174 1278 3230 abbatem
1299 3175 1389 3232 virum
1409 3173 1531 3230 nobilem
1546 3183 1575 3232 et
1589 3177 1701 3246 bonum,
1718 3186 1764 3237 at-

121 3255 199 3296 more
227 3245 440 3315 antecessorum
465 3268 592 3310 suorum.
620 3249 746 3316 Aderant
768 3267 834 3318 tunc
858 3281 924 3320 cum
965 3281 1020 3335 que
1033 3263 1269 3336 apprimelitteris
1279 3263 1432 3330 eruditum,
1444 3268 1473 3319 et
1486 3259 1579 3340 ipsum
1593 3263 1764 3326 monachum

123 3328 248 3406 principe
262 3327 506 3394 Rcbertusccmes
517 3341 651 3412 Mellenti,
664 3341 924 3413 etRobertusfdius
965 3349 1143 3418 Beccensem,
1170 3359 1203 3408 ut
1226 3352 1334 3409 veniret
1354 3353 1390 3408 ad
1413 3351 1637 3410 benedictionem
1653 3351 1779 3414 abbatis·

122 3417 280 3475 anchittilli
311 3417 375 3496 [al.‚
406 3423 577 3504 Anschitilli]
606 3435 765 3493 consobrini
797 3439 924 3511 eiusdem
965 3441 1061 3511 Becci3
1079 3435 1127 3514 qui
1141 3442 1231 3498 libens
1241 3441 1345 3514 paruit.
1362 3442 1413 3498 Die
1423 3440 1582 3498 festivitatis
1596 3443 1625 3500 S.
1636 3445 1764 3503 Lauren-

122 3505 259 3562 wilielmi
274 3501 355 3583 ele'cti
368 3505 458 3592 becci,
470 3517 519 3589 qui
533 3517 568 3574 de
582 3522 643 3592 ejus
653 3526 829 3595 promotione
843 3529 924 3608 valde
964 3530 1007 3598 tii,
1024 3547 1087 3586 cum
1104 3531 1328 3604 archiepiscopus
1349 3537 1438 3587 staret
1454 3529 1490 3587 ad
1509 3533 1598 3588 altare
1613 3533 1762 3627 infulatus,

124 3603 187 3649 sunt
200 3593 347 3668 gratulati.
367 3593 446 3658 Tunc
468 3623 562 3663 comes
579 3609 704 3690 ldellenti
719 3618 851 3688 praecepit
870 3619 924 3676 Rc·
963 3625 1049 3692 atque
1063 3621 1168 3675 electus
1183 3615 1264 3676 Becci
1277 3626 1351 3676 esset
1360 3620 1482 3676 vestibus
1497 3621 1583 3676 sacris
1597 3621 1722 3692 indutus,
1736 3631 1765 3681 et

123 3679 201 3738 berto
222 3677 282 3741 filio
309 3687 454 3762 Anchitilli
478 3701 510 3750 ut
529 3713 632 3754 novum
651 3701 770 3760 electum
794 3706 874 3762 Becci
887 3708 1082 3804 adcinstaret
1103 3710 1173 3765 hora
1197 3715 1228 3764 ut
1241 3706 1276 3764 ad
1291 3708 1513 3764 benedicendum
1534 3709 1762 3786 praesentaretur,

123 3769 328 3832 monasteriuu'i'
353 3772 531 3851 conduceret,
561 3790 698 3854 mandans
720 3794 848 3852 omnibus
868 3798 924 3852 mi·
964 3797 1072 3852 audivit
1100 3814 1118 3852 a
1145 3796 1331 3853 referentibus
1355 3797 1429 3869 quod
1456 3793 1683 3877 archiepiscopus
1707 3793 1764 3884 non

124 3859 219 3918 nistris
228 3861 289 3919 suis
302 3882 338 3921 ne
349 3868 412 3939 quis
425 3866 478 3942 ipsi
489 3871 584 3932 abbati
597 3877 690 3946 Becci,
705 3882 748 3936 vel
762 3883 923 3942 hominibus
963 3879 1143 3941 benediceret
1167 3903 1242 3954 eum,
1267 3885 1321 3940 nisi
1347 3879 1549 3957 professionem
1570 3881 1692 3966 facerel5
1714 3889 1765 3948 sed

124 3949 184 4020 ejus
197 3951 334 4032 inlaiipuo
349 3949 485 4017 molestus
493 3979 555 4019 esse
563 3977 758 4038 presumeret.
769 3949 923 4030 Dedittunc
963 3975 1109 4048 respondit
1121 3992 1151 4030 se
1162 3974 1323 4033 nullomodo
1338 3963 1488 4029 facturum.
1501 3976 1579 4030 Tunc
1591 3977 1668 4048 prior
1682 3951 1763 4036 Becci

123 4055 215 4096 comes
229 4033 356 4118 Meilenti
369 4039 508 4111 Rober'tus
518 4044 550 4109 ut
561 4045 617 4130 res,
630 4073 690 4129 quae
704 4060 740 4114 ad
753 4061 855 4118 victum
870 4066 925 4120 fra·
964 4060 1109 4120 Baldrious
1131 4079 1195 4117 cum
1215 4053 1367 4139 bullantis
1390 4063 1535 4117 ffl⁰¹¹a⁰i¹i⁸
1557 4064 1683 4121 edwius
1697 4085 1764 4139 Per·

125 4132 198 4184 trum
214 4125 392 4206 emebantur,
415 4132 517 4210 quietae
539 4135 670 4218 deinceps
690 4158 785 4206 essent
798 4150 834 4222 ab
846 4155 924 4210 omni
964 4144 1079 4207 'rexitad
1087 4149 1217 4205 comitem
1225 4147 1438 4206 Northmanniae
1448 4149 1611 4236 Roberturn,
1628 4153 1764 4212 intimans

125 4215 337 4289 consuetudine,
355 4221 519 4302 qualisque
532 4227 776 4311 adilludtempus,
793 4225 827 4296 de
840 4243 924 4300 rebus
966 4240 992 4296 ei
1011 4240 1085 4312 quod
1109 4238 1334 4311 archiepiscopus
1353 4237 1475 4309 exigeret
1497 4239 1531 4293 ab
1554 4240 1655 4296 abbate
1683 4243 1763 4300 Becci

127 4305 164 4360 ad
185 4308 277 4366 cibum
297 4304 500 4388 monachorum
521 4309 737 4396 punieantibus,
765 4330 924 4410 ubicunque
965 4329 1166 4402 professionem
1179 4345 1263 4400 quam
1280 4333 1470 4383 antecessores
1482 4329 1543 4399 ejus
1558 4346 1614 4385 non
1628 4330 1762 4389 fecerant.

126 4399 296 4470 emerentur,
325 4399 411 4472 ctiam
438 4397 468 4462 id
491 4411 612 4482 coquina
640 4416 720 4472 Becci
749 4435 766 4474 a
788 4399 924 4477 ministiis
965 4412 1762 4482 IlliccduxmisitWillelmumdessritolic,etWillelmum

125 4484 251 4544 Brionnji
269 4477 316 4562 [Ι,
328 4487 444 4570 Βήρῃὶῐ]
463 4490 548 4554 castri
566 4502 738 4574 exigebatur,
753 4508 925 4568 procedente
966 4505 1056 4561 tilium
1068 4500 1199 4560 Richardi
1214 4505 1247 4559 de
1263 4501 1433 4572 Barduvilla,
1447 4521 1511 4560 cum
1526 4505 1640 4584 Ernulsc
1654 4509 1764 4568 cancel·

123 4563 251 4650 temporc
265 4565 431 4652 dediticiam
445 4601 537 4643 comes
552 4577 687 4660 Mellenti,
704 4612 755 4668 per
768 4598 856 4653 totam
867 4605 925 4656 ter·
966 4579 1036 4651 lariO
1050 4613 1111 4664 suo,
1132 4596 1269 4650 mandans
1288 4599 1316 4649 ei
1333 4593 1497 4666 Plfflssiifiens
1513 4590 1656 4651 Wili⁸¹¹¹¹⁰
1669 4597 1765 4653 alebi·

122 4680 183 4717 ram
206 4659 301 4736 suain,
323 4667 483 4746 ubicunque
501 4692 584 4734 suurn
604 4688 666 4747 erat
683 4683 737 4740 hcc
755 4682 865 4761 exigna
884 4690 926 4746 vel
967 4689 1096 4758 episcopo
1109 4691 1141 4740 ut
1158 4685 1288 4739 abbatem
1305 4681 1385 4738 Becci
1403 4684 1463 4738 siue
1484 4700 1564 4738 mora
1577 4684 1764 4758 benediceret,

123 4751 275 4822 dimittere,
304 4761 337 4811 ut
357 4749 457 4830 ornnes
477 4761 630 4839 Dominicae
653 4787 699 4826 res
724 4776 925 4832 monachorum
966 4773 1092 4846 nihilque
1105 4773 1140 4826 ab
1156 4789 1189 4827 eo
1204 4773 1337 4845 exigeret,
1354 4771 1408 4826 nisi
1422 4772 1497 4843 quod
1512 4779 1652 4829 constaret
1665 4792 1682 4831 a
1696 4775 1767 4831 Bec-

123 4837 213 4906 Becci,
237 4839 274 4897 ad
292 4844 397 4920 victum
411 4843 454 4904 vel
467 4837 598 4910 vestitum
613 4859 795 4929 pertinentes,
810 4862 927 4920 ubioun·
967 4862 1096 4919 censibus
1107 4861 1255 4916 abbatibus
1264 4860 1367 4916 factum
1382 4877 1442 4916 esse
1455 4863 1679 4918 antecessoribus
1694 4865 1766 4936 ejus.

122 4945 176 5000 que
193 4922 326 5010 monachi
345 4929 447 5005 essent,
465 4939 502 4996 ad
518 4935 644 5016 'cuorum
661 4965 730 5005 usus
748 4952 924 5019 emebantur,
966 4953 1091 5008 Audiens
1110 4951 1162 5006 hoc
1184 4943 1409 5023 archiepiscopus
1429 4955 1491 5036 44
1507 4949 1596 5006 italus
1611 4956 1655 5007 esi
1670 4953 1765 5022 Vssldei

121 5017 180 5072 sive
199 5017 230 5074 in
251 5013 385 5092 elaustro,
407 5023 465 5084 sive
486 5020 565 5090 extra
583 5035 747 5107 claustrum,
762 5040 791 5095 in
805 5042 1064 5122 negotiisntamen
1077 5041 1195 5114 perfecit
1209 5037 1282 5126 qt10d
1294 5039 1436 5111 inceptum
1451 5043 1521 5107 emis
1540 5045 1569 5094 ei
1580 5040 1709 5096 abbatem
1725 5042 1770 5098 be·

120 5109 299 5178 monasterii,
310 5107 412 5184 quietae
426 5115 518 5177 forent
525 5120 561 5176 ab
569 5115 854 5190 omniccnsuetudine
864 5133 926 5204 quae'
968 5127 1075 5204 nedixit
1097 5130 1157 5185 siue
1172 5121 1354 5202 professione,
1369 5123 1436 5200 (juia
1449 5133 1619 5200 praeceptum
1633 5128 1769 5202 principis

13 5260 17 5277 Ι
120 5195 239 5259 telonei,
254 5189 299 5272 vel
313 5187 461 5274 transitus,
476 5225 526 5264 seu
540 5211 595 5272 alio
610 5215 724 5272 nomine
735 5227 924 5292 nuncupatur.
966 5221 1047 5275 illum
1061 5217 1186 5292 cogebat.
1198 5217 1301 5272 Postea
1320 5217 1405 5272 abbas
1421 5217 1531 5270 locutus
1545 5221 1588 5271 est
1600 5218 1665 5271 eum
1679 5217 1769 5273 archi·

121 5283 183 5340 lico
196 5283 261 5342 fecit
274 5277 327 5362 pro
340 5283 435 5349 ¹sicnore
451 5295 511 5360 Dei,
525 5281 554 5355 ei
568 5301 703 5373 Willelmi
719 5306 828 5363 abbatis
847 5303 924 5364 Becci
966 5307 1105 5380 episcopo,
1126 5313 1212 5378 atque
1236 5305 1265 5360 in
1290 5295 1398 5361 mutam
1425 5303 1547 5375 gratiam
1567 5303 1647 5358 illum
1666 5307 1770 5377 praesul

123 5375 237 5446 cognati
259 5373 313 5433 siri.
336 5367 422 5438 Multa
443 5383 554 5459 quoque¹
573 5392 628 5447 alia
646 5393 780 5468 beneficia
793 5395 925 5456 Bencensi
966 5387 1073 5470 aceepit
1088 5389 1279 5452 utnullumin
1296 5389 1503 5451 Northmhnnia
1517 5391 1647 5472 abbatem
1662 5394 1770 5450 chario-

14 5452 17 5461 '
122 5459 250 5519 cenobio
262 5451 382 5526 contulit
396 5469 463 5529 duni
475 5467 550 5544 vixit,
562 5497 648 5538 causa
663 5485 787 5554 ejusdem
802 5487 923 5543 abbatis.
965 5504 1036 5551 rem,
1059 5486 1102 5540 vel
1125 5483 1340 5540 sarnitiitricretn
1356 5480 1481 5536 habemi-
1494 5482 1612 5536 P⁰⁸i⁸r⁸
1626 5480 1671 5538 die
1686 5483 1771 5539 rediit

159 5551 260 5638 itaque
278 5545 368 5628 nolus
383 5559 489 5638 electus
503 5561 731 5651 aceepto‘aduce
745 5552 925 5650 liebertum
966 5576 1002 5648 ad
1034 5574 1248 5655 monasterium.
1282 5567 1517 5660 ArchiePiSCOPUS
1544 5571 1609 5627 “3¹⁸⁰
1633 5573 1770 5664 'Plffijoel'ii

122 5634 233 5700 atuh
246 5619 299 5718 esi,
313 5637 434 5712 abbati&
444 5641 529 5727 doni,
545 5659 574 5716 e‘t
588 5676 606 5716 a
619 5640 759 5722 Wulamo
773 5639 925 5723 Rctiioma-
966 5643 1108 5724 Willelhic
1127 5653 1312 5723 cormeliensi
1326 5657 1421 5724 abb'ati
1435 5653 1469 5722 ui
1479 5657 1565 5720 simul
1579 5664 1644 5721 cura
1657 5665 1690 5721 e'c'
1704 5667 1771 5738 per·
